4096 6284
449 427 563 489 6⁸11

1746 419 2166 483 NIGEPHORI
2208 417 2564 481 CALLISTI

3751 419 3880 479 672

449 561 543 619 illi
593 561 877 627 viderant,
927 559 1026 616 sed
1077 573 1287 614 novam
1341 556 1510 628 plane
1565 563 1619 610 et
1676 553 1991 621 insolitam,
2026 553 2094 609 ad

2211 547 2309 605 δύο
2363 547 2604 623 μάλιστα
2647 553 2755 602 τῶν
2804 547 3084 616 ἐνιαυτῶν,
3114 549 3204 602 καὶ
3255 547 3381 622 οὐχὲ
3438 551 3574 621 μετά
3615 546 3716 604 δύο
3771 556 3881 618 τῆς

448 655 665 708 terram
697 653 1023 716 vergentem
1058 651 1116 702 et
1148 645 1460 716 plurimum
1504 642 1874 706 relucentem,
1909 642 2091 713 persi-

454 739 772 808 milemque
819 737 963 792 adeo
1011 734 1253 807 reliquis
1298 734 1425 789 coeli
1469 733 1690 800 astris;
1726 748 1909 803 neque
1939 733 2090 798 aliis,

453 843 625 899 quam
675 826 774 897 qui
817 824 1118 882 sederibus
1160 822 1582 895 cognoscendis
1629 837 1865 892 operam
1909 821 2093 877 dedis-

453 920 600 983 sent,
634 914 1004 985 conspicuam
1051 921 1108 969 et
1165 919 1564 984 apparentem.
1612 910 1681 965 Et
1728 908 1825 965 illa
1856 909 2091 980 quidem

453 1022 566 1062 non
599 1005 779 1071 brevi,
830 1004 930 1059 sed
983 1005 1130 1058 duos
1178 1007 1314 1058 ante
1359 1017 1566 1068 annos,
1616 1017 1789 1070 quam
1828 999 2094 1054 Christus

452 1101 626 1150 natus
657 1098 832 1162 esset,
873 1097 1072 1148 exorta
1101 1091 1394 1164 apparuit,
1426 1107 1498 1145 ne
1537 1090 1671 1162 quis
1702 1089 1932 1144 duobus
1964 1092 2094 1158 post

451 1184 810 1240 nativitatem
860 1181 1031 1238 annis
1073 1182 1288 1237 editam
1347 1185 1526 1252 putet.
1585 1179 1855 1235 Sedenim
1920 1177 2095 1249 Magi,

453 1286 584 1327 cum
618 1287 762 1326 novo
795 1271 906 1326 isto
937 1269 1268 1342 apparentis
1311 1268 1491 1324 stellae
1523 1267 1848 1340 spectaculo
1879 1266 1938 1322 in
1969 1282 2097 1320 am—

455 1360 688 1431 biguam
742 1358 1264 1415 considerationem
1313 1357 1554 1426 conjecti
1600 1364 1816 1420 essent,
1849 1361 1904 1410 et
1937 1357 2006 1411 de
2035 1371 2100 1409 ea

455 1449 556 1506 diu
615 1448 984 1521 multumque
1044 1447 1390 1519 inquirendo
1447 1445 1835 1500 deliberarent
1878 1461 1892 1498 :
1932 1444 2102 1501 habe-

454 1543 706 1609 rentque
749 1538 925 1593 simul
967 1543 1216 1595 veterem
1257 1536 1421 1590 illum
1463 1534 1721 1604 Balaam,
1763 1535 1860 1605 qui
1899 1536 1970 1590 de
2012 1549 2101 1600 eo,

453 1628 608 1698 quod
643 1629 908 1683 futurum
940 1631 1082 1682 erat.
1131 1625 1383 1682 Numine
1421 1624 1656 1680 alllatus
1686 1623 1972 1681 cecinerat
2007 1643 2018 1679 :
2047 1636 2105 1685 et,

455 1717 704 1774 fortasse
756 1717 934 1773 etiam
990 1717 1064 1770 ab
1112 1715 1196 1770 eis
1231 1731 1376 1786 quos
1414 1714 1474 1769 in
1526 1713 1893 1769 veneratione
1932 1720 2106 1786 atque

458 1805 846 1861 admiratione
901 1804 1174 1872 habuere,
1236 1803 1635 1859 sacerdotibus
1683 1801 1959 1871 paulatim
2004 1819 2106 1874 per

2209 640 2510 712 γεννήσεως
2540 632 2657 707 ἔτη,
2697 639 2808 707 ἅμα
2838 641 2918 708 τῷ
2950 637 3185 711 Χριστὸν
3225 633 3440 706 δηλαδὴ
3489 640 3833 710 γεννηθῆναι
3864 657 3879 670 ο

2206 726 2259 782 ἐν
2288 727 2480 802 ἀπόρῳ
2509 747 2564 780 τε
2619 727 2952 786 καθεστῶτες
2979 726 3061 795 τῷ
3109 726 3243 796 ξένῳ
3286 731 3385 792 τῆς
3432 725 3578 793 θέας,
3619 726 3710 780 καὶ
3749 733 3879 780 ταῖς

2205 818 2325 890 περὶ
2373 815 2542 870 αὐτοῦ
2586 817 2845 885 ζητήσεσι
2891 813 3148 869 πλεῖστον
3197 815 3398 892 χρόνον
3447 812 3880 885 ἐκδαπανήσαν-

2203 930 2314 975 τες,
2373 903 2590 982 ἔχοντές
2649 930 2706 963 τε
2775 909 2886 980 ἅμα
2942 908 3033 961 καὶ
3093 908 3189 962 ’τὸν
3263 907 3543 982 πρόπαλαι
3603 909 3876 981 Βαλαὰμ,

2205 999 2327 1072 περὶ
2383 1000 2579 1054 τούτου
2636 1001 2698 1052 τὸ
2757 998 3014 1070 ἐσόμενον
3077 993 3559 1071 προφοιῦάσαντα’
3626 998 3770 1061 ἴσως
3818 997 3880 1052 δὲ

2205 1089 2291 1142 καὶ
2363 1088 2510 1162 παρὰ
2573 1092 2683 1142 τῶν
2731 1087 2916 1150 αὐτοῖς
2965 1083 3270 1159 σεϐομένων
3321 1088 3502 1160 ἡρέμα
3562 1109 3876 1162 μυσταγω-

2204 1177 2468 1250 γούμενοι
2498 1175 2752 1251 περὶτῆς
2807 1177 2942 1250 ὑπὲρ
2989 1175 3157 1249 λόγον
3209 1181 3306 1231 τοῦ
3358 1181 3494 1232 Θεοῦ
3543 1178 3723 1252 Λόγου
3761 1199 3879 1253 γεν-

2206 1265 2437 1334 νήσεως,
2485 1268 2620 1321 Θεοῦ
2670 1263 2726 1319 δὲ
2778 1267 2840 1320 τὸ
2892 1264 3062 1320 πλέον
3110 1267 3209 1334 τὴν
3261 1267 3450 1340 ψυχήν
3507 1265 3728 1320 ἐκείνων
3790 1267 3875 1328 εἰς

2208 1359 2368 1409 τοῦτο
2400 1352 2792 1429 διερεθίζοντος
2828 1373 2839 1384 ·
2898 1356 3132 1425 ὁπηνίκα
3180 1353 3245 1425 δὴ
3301 1355 3393 1410 οὖν
3434 1357 3715 1430 προνοίάις
3769 1361 3877 1412 10-3

2209 1443 2556 1518 γεννηθέντος
2597 1439 2993 1517 παμϐασιλέως
3043 1448 3301 1518 Χριστοῦ,
3354 1447 3448 1500 τὸν
3498 1445 3691 1516 ἀστέρα
3744 1447 3878 1501 οἷά-

2211 1552 2310 1604 περ
2359 1531 2611 1607 ἔμψυχόν
2654 1554 2773 1587 τινα
2819 1533 2908 1588 καὶ
2957 1535 3140 1608 νοεράν
3207 1531 3436 1606 δύναμιν
3484 1533 3540 1590 ἐκ
3599 1532 3876 1608 Περσίδος

2212 1643 2346 1695 προς
2439 1619 2705 1676 Ἰουδαίαν
2798 1621 3116 1695 κινοῦμενον
3207 1625 3570 1694 κατενόησαν,

2212 1709 2401 1785 ὁδηγῷ
2431 1709 2619 1784 ἐκείνῳ
2650 1710 3014 1786 χρησάμενοι,
3050 1710 3102 1766 ἐν
3134 1711 3367 1787 δευτέρῳ
3417 1715 3634 1786 θέμενοι
3664 1716 3870 1781 πάντα,

2214 1798 2440 1854 κατόπιν
2499 1799 2589 1855 καὶ
2649 1799 2803 1855 αὐτοὶ
2865 1799 3105 1856 εἵποντο.
3185 1803 3459 1876 Ἀγχιστα
3525 1801 3705 1856 τοίνυν
3762 1805 3870 1871 τῆς

3662 1624 3872 1678 ὡσανεὶ

461 1893 810 1957 doctrinam,
837 1894 908 1948 ad
941 1894 1211 1965 mysteria
1240 1893 1369 1964 ejus
1398 1909 1528 1962 quas
1549 1891 1835 1948 rationem
1869 1908 2095 1947 omnem

2216 1883 2478 1949 Ἰουδαίας
2512 1887 2633 1962 περῖ
2667 1887 3029 1960 Ἰερουσαλὴμ
3048 1889 3354 1964 γεγονότες,
3382 1889 3457 1952 ὡς
3478 1889 3534 1943 ἃν
3560 1886 3638 1958 ἃν,
3671 1892 3866 1962 οἶμαι,

459 1981 714 2046 excellit,
763 1981 863 2038 Dei
897 1982 1068 2037 Verbi
1101 1982 1442 2047 nativitatis,
1493 1981 1722 2036 deducti
1754 1986 1952 2064 essent
1979 1983 2060 2052 (l)
2093 2012 2106 2048 ε

2217 1977 2503 2054 περιφανὲς
2541 1975 2632 2032 καὶ
2683 1975 3002 2046 ἐξάκουστον
3056 1981 3275 2054 γένηται
3308 1979 3372 2033 τὸ
3412 1976 3713 2052 παράδοξον
3759 1982 3868 2046 τῆς

470 2073 569 2128 70
601 2072 851 2128 maxime
880 2089 1013 2127 vero
1061 2073 1214 2127 Deus
1253 2071 1380 2143 ipse
1407 2071 1637 2126 animos
1667 2063 1867 2126 eorum
1897 2071 1967 2126 ad
2003 2070 2095 2126 hoc

2215 2068 2536 2141 γεννήσεως,
2597 2069 2624 2122 6
2678 2067 2773 2139 μὲν
2823 2063 3038 2140 ὁδηγῶν
3086 2065 3258 2142 ἆστὴρ
3303 2067 3457 2130 εὐθὺς
3511 2068 3719 2144 ἀφανὴς
3767 2071 3864 2138 ἦν.

465 2162 778 2218 excitaret:
805 2161 1161 2232 proindeque
1191 2160 1403 2216 summi
1423 2160 1686 2216 omnium
1712 2158 1863 2229 regis
1888 2159 2104 2215 Christi

459 2251 579 2308 nati
613 2250 974 2322 providentia
1020 2248 1266 2315 stellam,
1315 2249 1551 2319 perinde
1577 2253 1751 2318 atque
1782 2248 2102 2303 animatam

455 2339 776 2413 quamdam
807 2337 1325 2410 intelligentiaeque
1348 2336 1687 2407 participem
1713 2336 1852 2404 vim,
1877 2352 1945 2392 ex
1969 2336 2100 2391 Per-

454 2431 580 2486 side
600 2429 860 2485 Judasam
891 2443 1095 2484 versus
1137 2426 1350 2482 moveri
1372 2426 1794 2499 intelligerent:
1824 2433 2096 2494 tanquam

453 2517 558 2573 vias
595 2519 743 2574 duce
773 2516 861 2573 usi
909 2516 1268 2587 praecedente
1317 2532 1404 2576 ea,
1444 2514 1718 2572 omnibus
1749 2514 2100 2586 posthabitis

455 2607 651 2671 rebus,
696 2623 843 2677 ponr
897 2614 1031 2661 sunt
1074 2603 1271 2661 secuti.
1325 2605 1393 2660 Et
1425 2604 1549 2675 jam
1608 2619 1786 2675 prope
1835 2603 2094 2660 Judeam

453 2697 760 2768 ipsamque
812 2695 956 2751 adeo
1011 2694 1335 2751 Jerusalem
1395 2697 1580 2757 erant,
1638 2709 1768 2748 cum
1828 2692 1930 2748 vis:
1981 2695 2096 2748 dux

453 2785 646 2853 stella,
677 2801 793 2857 quo
823 2788 908 2852 (ut
938 2783 1208 2856 equidem
1242 2785 1406 2855 puto)
1429 2783 1700 2840 nativitas
1721 2799 1788 2838 ea
1810 2800 1936 2855 qua:
1968 2784 2095 2853 cpi-

455 2875 688 2931 nionem
737 2873 1028 2942 fidemque
1075 2888 1309 2928 omnem
1357 2877 1595 2943 superat
1624 2871 1781 2928 fama
1807 2871 2096 2927 increbre-

455 2967 664 3029 sceret,
722 2962 1147 3030 manifestaque
1213 2962 1395 3028 lieret,
1458 2961 1764 3030 derepente
1817 2961 2092 3032 disparet.

455 3051 600 3107 Cum
633 3064 768 3119 ergo
802 3049 1134 3105 dubitantes
1181 3047 1264 3103 illi
1316 3049 1387 3104 de
1419 3048 1716 3104 nativitate
1746 3064 1946 3105 recens
1977 3049 2094 3106 nati

456 3141 605 3210 regis
635 3139 997 3211 inquirerent
1041 3139 1153 3212 (Ab
1199 3138 1428 3195 Oriente
1474 3139 1654 3206 enim,
1688 3138 1967 3208 dicentes,
2000 3155 2094 3195 ve-

457 3228 679 3294 nimus,
712 3231 776 3282 ut
803 3232 1212 3296 congruentem
1245 3226 1328 3282 illi
1359 3225 1583 3282 cultum
1614 3234 1669 3282 et
1699 3226 2092 3284 adorationem

460 3317 552 3388 pie
578 3314 1017 3388 persolvamus),
1068 3321 1276 3371 cuncta
1318 3315 1460 3371 urbs
1489 3314 1743 3371 tumultu
1774 3316 2050 3387 impletur
2083 3334 2095 3372 :

462 3404 714 3461 maxime
741 3421 897 3473 vero,
937 3405 1039 3477 qui
1071 3413 1192 3460 tum
1236 3418 1481 3477 regnum
1527 3404 1608 3459 ibi
1645 3403 1960 3472 obtinebat,
1993 3409 2100 3461 He-

458 3495 630 3551 rodes
669 3494 746 3564 (2)
795 3493 1195 3550 conturbatur.
1243 3493 1538 3549 Metuebat
1578 3493 1734 3549 enim
1784 3509 1962 3565 regno
1996 3511 2009 3548 :
2044 3497 2100 3549 et

456 3583 781 3656 plurimum
836 3598 908 3638 ne
955 3582 1010 3637 id
1071 3583 1122 3637 ei
1177 3582 1574 3654 abrogaretur,
1628 3581 1913 3638 sollicitus
1953 3588 2096 3638 erat.

456 3673 662 3742 Itaque
690 3670 1025 3726 Judasorum
1059 3669 1387 3726 sacerdotes
1406 3670 1476 3724 ad
1509 3687 1572 3724 se
1600 3673 1897 3736 convocat,
1929 3687 2096 3726 accu-

452 3762 750 3831 ratiusque
802 3758 1038 3830 singula
1095 3763 1505 3830 percunctatur
1546 3775 1559 3812 :
1603 3763 1661 3814 et
1707 3758 2094 3830 potissimum,

455 3849 694 3906 ubinam
724 3847 1024 3906 Christum
1048 3848 1199 3920 apud
1233 3847 1392 3918 ipsos
1411 3847 1771 3904 nasciturum
1805 3847 2096 3919 prophetas

456 3937 752 3994 vaticinati
783 3942 1004 4003 essent,
1055 3936 1318 4008 inquirit.
1371 3934 1475 3993 Hic
1505 3934 1590 3991 illi
1621 3935 1956 3992 Bethlehem
1988 3936 2094 3992 Ju-

457 4027 594 4082 deas
623 4025 905 4094 indicant,
937 4031 994 4082 et
1035 4025 1371 4097 prophetam
1405 4025 1700 4082 Micheam
1733 4028 1938 4082 testem
1969 4025 2098 4082 lau-

459 4117 620 4183 dant,
681 4123 744 4171 ut
789 4115 982 4172 verbis
1030 4115 1156 4171 suis
1212 4114 1386 4170 ﬁdem
1435 4118 1781 4171 astruerent.
1831 4114 2097 4172 Celebrat

454 4209 652 4262 autem
681 4203 1064 4276 laudibusque
1093 4203 1431 4260 Bethlehem
1477 4203 1576 4260 ille
1614 4203 1799 4274 ell'ert,
1830 4220 2097 4278 progres-

455 4309 657 4349 surum
689 4291 823 4349 inde
855 4293 1083 4349 lsraelis
1114 4292 1321 4349 ducem
1354 4293 1547 4350 divino
1576 4293 1856 4350 instinctu
1888 4294 2092 4365 praedi-

453 4398 612 4439 cens.
647 4382 799 4438 Tum
844 4382 1098 4438 Herodes
1147 4386 1387 4438 secretis
1430 4382 1737 4456 colloquiis
1765 4381 2011 4438 sollicite
2041 4387 2097 4437 et

451 4471 762 4544 diligenter
828 4475 1060 4542 tempus
1121 4470 1424 4543 perquirit,
1491 4487 1559 4526 ex
1617 4489 1733 4543 quo
1791 4489 1936 4528 nova
1994 4472 2095 4527 illa

455 4560 740 4617 illuxisset
768 4560 932 4617 stella
966 4577 979 4615 :
1012 4560 1351 4631 occulteque
1378 4565 1437 4616 et
1465 4560 1712 4616 latenter
1748 4576 1880 4616 cum
1915 4560 2093 4629 Magis

2216 2154 2646 2228 Ἀπορουμένοις
2687 2153 2735 2210 δ’
2779 2155 2872 2209 οὖν
2931 2153 3158 2217 ἐκείνοις
3206 2156 3296 2210 καὶ
3340 2154 3864 2230 διαπυνθανομένοις

2211 2247 2310 2298 τοῦ
2336 2243 2659 2316 τικτομένου
2714 2242 2982 2318 βασιλέως
3031 2246 3130 2314 τήν
3177 2246 3422 2320 γέννησιν
3447 2265 3459 2276 ·
3512 2248 3596 2318 Ἐξ
3625 2247 3702 2301 ’έω
3731 2247 3860 2321 γάρ,

2212 2332 2392 2409 φὶσῖν,
2434 2335 2639 2405 ἥκομεν
2701 2331 2888 2405 ἐκείνῳ
2943 2334 3347 2412 ἀφοσιώσασθαι
3397 2336 3494 2404 τὴν
3541 2335 3860 2408 προσκύνη-

2213 2442 2293 2475 σιν
2323 2441 2336 2451 °
2371 2421 2513 2476 πᾶσά
2553 2442 2612 2477 τε
2644 2423 2676 2491 ἡ
2711 2421 2874 2486 πόλις
2921 2423 3089 2496 μεστὴ
3141 2419 3388 2496 θορύϐων
3433 2422 3526 2490 ἦν,
3576 2425 3666 2478 καὶ
3721 2424 3861 2497 μᾶλ-

2209 2509 2305 2565 λον
2337 2511 2364 2564 6
2394 2509 2651 2581 τηνικάδε
2678 2513 2778 2580 τήν
2809 2511 2990 2586 ἀρχήν
3019 2514 3115 2579 τῆς
3157 2511 3372 2574 πόλεως
3422 2509 3569 2588 ’έχων
3598 2512 3854 2587 Ἡρώδης

2209 2598 2238 2651 6
2291 2597 2562 2672 βασιλεύς.
2625 2596 2850 2654 Ἐδεδίει
2908 2600 3012 2673 γὰρ
3070 2601 3336 2672 περὶτῆς
3394 2600 3592 2676 ἀρχῆς,
3649 2602 3740 2656 καὶ
3797 2601 3850 2657 ἓν

2208 2685 2413 2762 ἀγωνίᾳ
2446 2687 2682 2759 μάλιστα
2721 2689 2809 2758 ἦν,
2849 2690 2946 2758 τήν
2997 2690 3164 2744 αὐτοῦ
3215 2687 3508 2744 κατάλυσιν
3555 2691 3846 2766 ὑφορώμε-

2205 2795 2312 2838 νος,
2351 2776 2444 2831 Διό
2469 2797 2556 2831 τοι
2584 2777 2675 2832 καὶ
2717 2777 2792 2840 εἰς
2822 2777 3008 2832 ἑαυτὸν
3050 2778 3392 2834 συνεκαλεῖτο
3446 2778 3572 2841 τοὺς
3605 2781 3846 2855 ἱερᾶσθαι

2208 2864 2475 2941 λαχόντας
2526 2871 2634 2922 τῶν
2691 2863 3002 2923 Ἰουδαίων’
3054 2868 3142 2921 καὶ
3193 2867 3282 2922 σὺν
3329 2865 3576 2942 ἀκριϐείᾳ
3629 2867 3843 2924 διεπυν-

2205 2958 2392 3014 θάνετο
2422 2955 2639 3028 ἕκαστα,
2673 2962 2776 3013 ποῦ
2820 2956 3046 3032 μέλλειν
3079 2961 3168 3014 τὸν
3215 2962 3341 3034 παρ’
3381 2961 3562 3022 αὐτοῖς
3615 2963 3840 3035 Χριστὸν

2203 3051 2486 3124 γεννᾶσθαι
2559 3055 2675 3111 τοῖς
2758 3052 3060 3128 προφήταις
3139 3050 3485 3125 προείρηται.
3557 3051 3618 3106 Οἱ
3675 3049 3731 3105 δὲ
3790 3050 3841 3104 ἐν

2212 3139 2466 3212 Βηθλεὲμ
2512 3142 2613 3204 τῆς
2662 3137 2924 3202 Ἰουδαίας
2964 3140 3281 3214 ἐσήμαινον.
3330 3138 3430 3196 Καὶ
3480 3141 3507 3194 6
3565 3142 3845 3216 προφήτης

2213 3228 2452 3304 Μιχαίας
2505 3229 2706 3305 μάρτυς
2756 3232 3029 3304 παρήγετο
3087 3232 3148 3285 τὸ
3201 3231 3511 3300 ἀξιόπιστον
3565 3234 3644 3301 τῷ
3704 3229 3849 3304 λόγῳ

2212 3315 2394 3380 διδούς
2432 3337 2444 3351 ·
2507 3318 2782 3390 σεμνύνων
2839 3341 2898 3374 τε
2956 3321 3068 3393 ἅμα
3125 3320 3221 3388 τήν
3286 3319 3554 3392 Βηθλεὲμ,
3610 3317 3848 3373 κάκεῖθεν

2207 3405 2572 3478 ἐξελεύσεσθαι
2626 3409 2716 3462 τὸν
2773 3413 2869 3462 τοῦ
2928 3408 3146 3480 Ἰσραὴλ
3217 3409 3556 3484 ἡγησόμενον
3627 3429 3852 3484 προφοι-

2208 3491 2408 3566 ὄάζων.
2438 3502 2495 3550 '0
2538 3493 2595 3550 δὲ
2645 3494 2928 3566 λαθραίαις
2978 3502 3096 3559 ταῖς
3146 3497 3394 3569 ὁμιλίαις
3443 3492 3730 3569 ἐξηκρίϐου
3761 3497 3849 3551 16v

2209 3586 2428 3664 χρόνον,
2489 3587 2604 3640 καθ’
2652 3587 2708 3640 ὃν
2743 3587 2771 3640 6
2810 3589 2985 3648 κεινὸς
3029 3587 3232 3651 ἐκεῖνος
3278 3587 3583 3663 ὑπερεφάνη
3636 3585 3849 3661 ἀστήρ’

2205 3675 2296 3730 καὶ
2356 3674 2410 3730 ἐν
2467 3679 2546 3746 τῷ
2601 3675 2862 3745 λεληθότι
2921 3681 3035 3737 τοῖς
3106 3682 3312 3749 Μαγοις
3373 3673 3854 3750 διεκοινολογεῖτο,

2207 3763 2422 3819 ἀπιέναι
2489 3764 2583 3835 μὲν
2640 3761 2880 3826 ἒκείνους
2935 3765 3022 3819 καὶ
3086 3768 3262 3834 ζητεῖν
3323 3764 3415 3820 τὸν
3489 3764 3849 3836 τικτόμενον·

2207 3852 2461 3922 εὑρόντας
2522 3850 2579 3906 δὲ
2627 3851 2778 3915 αὖθις
2827 3852 3195 3923 παλινοστεῖν,
3248 3853 3322 3914 ὼς
3376 3851 3436 3906 ἃν
3497 3850 3686 3925 ἆδροῖς
3735 3852 3856 3931 ἐφο-

2207 3938 2345 4003 δίοις
2392 3938 2576 3995 οἴκαδε
2625 3947 2759 4017 σφᾶς
2803 3942 2896 4014 μὲν
2947 3941 3264 4017 ἀναπέμψῃ,
3316 3941 3429 3996 εἶτα
3480 3938 3537 3996 δὲ
3567 3942 3652 3996 καὶ
3690 3942 3852 4002 αότὸς

2207 4029 2479 4100 ἀπελθὼν,
2509 4032 2571 4085 τὸ
2602 4031 2746 4093 εἰκὸς
2780 4031 3013 4106 ἀποτίσῃ
3054 4035 3134 4102 τῷ
3178 4031 3452 4106 ἀρτιγενεῖ
3505 4029 3743 4106 βασιλεῖ.
3789 4031 3853 4087 Οἱ

2209 4123 2305 4194 μὲν
2337 4121 2428 4177 οὖν
2472 4123 2617 4179 οὕτω
2663 4128 2780 4184 τοῖς
2831 4128 2928 4177 τοῦ
2977 4119 3226 4196 Ἡρώδου
3272 4117 3851 4195 παραϐουκοληθέντες

2207 4208 2413 4286 λόγοις,
2472 4216 2578 4266 τῶν
2638 4211 3038 4286 Ἰεροσολύμων
3093 4211 3333 4285 ἐξῄεσαν.
3397 4212 3495 4268 Καὶ
3567 4209 3721 4276 αὖθις
3773 4216 3852 4282 τῷ

2205 4297 2390 4374 ὁδηγῷ
2444 4301 2625 4375 ἀστέρι
2685 4303 3168 4376 περιτυγχάνουσιν
3205 4319 3217 4331 '
3269 4302 3328 4362 ὃς
3369 4300 3418 4369 ἐξ
3458 4298 3533 4355 ἓω
3585 4298 3848 4374 ποδηγῶν

2205 4389 2420 4460 αὐτοὺς,
2453 4390 2528 4452 εἷς
2564 4390 2826 4448 Ἰουδαίαν
2884 4390 3055 4446 ίόῦσιν
3108 4385 3307 4464 ἐκρύϐη
3336 4409 3349 4419 ·
3404 4389 3494 4444 καί
3544 4387 3611 4459 δὴ
3644 4387 3851 4466 σφόδρα

2203 4480 2474 4549 ἡσθέντες,
2528 4485 2645 4544 ταῖς
2697 4480 2900 4535 ἐκείνου
2959 4479 3046 4534 καὶ
3104 4479 3257 4541 αὖθις
3319 4478 3540 4534 ε’ίποντο
3587 4480 3848 4555 ἡγεσίαις,

2204 4565 2444 4642 ἁρρήτου
2500 4563 2726 4641 ἔμπλεω
2787 4567 3012 4637 ἡδονῆς.
3070 4574 3156 4630 Ὡς
3217 4565 3274 4623 δὲ
3350 4567 3556 4646 φθάσας
3610 4567 3698 4623 ἐπί
3750 4570 3848 4636 τὴν

455 4667 724 4709 sermone
773 4651 1222 4720 communicato,
1272 4651 1356 4707 ire
1385 4651 1622 4724 quidem
1670 4651 1819 4720 illos,
1852 4657 1909 4708 et
1955 4669 2087 4708 eum

2208 4656 2376 4712 οὶκίαν
2411 4659 2438 4712 6
2471 4659 2640 4728 ἀστὴρ
2690 4652 2846 4728 ἔστη,
2893 4657 2945 4711 ἐν
2987 4660 3025 4728 ᾗ
3077 4657 3111 4726 ἢ
3167 4678 3225 4712 τε
3283 4659 3464 4730 μήτηρ
3506 4658 3589 4710 καῖ
3628 4657 3656 4711 ὁ
3689 4657 3849 4731 ἀρχι-

454 4742 553 4814 qni
596 4745 768 4797 natus
819 4746 972 4797 esset
1033 4741 1351 4812 inquiram,
1408 4757 1659 4813 cumque
1713 4741 2090 4809 invenissent,

453 4829 527 4887 ad
558 4847 621 4887 se
653 4831 857 4887 reverti
878 4830 1069 4903 jubet,
1123 4835 1185 4885 ut
1223 4846 1357 4886 cum
1391 4829 1697 4902 magniﬁco
1724 4830 1856 4887 illos
1887 4832 2093 4886 viatico

453 4920 686 4993 adjutos
716 4919 960 4977 domum
991 4937 1161 4978 suam
1194 4921 1532 4990 remitteret,
1556 4925 1680 4976 tum
1714 4923 1836 4994 ipse
1865 4937 2094 4993 quoque

455 5010 747 5083 profectus
771 5010 999 5081 justum
1032 5026 1235 5068 recens
1265 5011 1460 5082 genito
1490 5010 1612 5083 regi
1644 5010 1916 5067 honorem
1951 5027 2095 5081 prae-

453 5103 652 5156 staret.
684 5097 773 5156 Illi
810 5099 991 5171 igitur
1037 5099 1335 5155 insidiosis
1364 5098 1603 5154 Herodis
1631 5099 1820 5155 verbis
1852 5099 2092 5167 decepti,

457 5189 870 5262 Hierosolymis
924 5193 1155 5257 exeunt,
1214 5193 1272 5245 et
1322 5204 1557 5244 rursum
1615 5187 1674 5244 in
1723 5188 1949 5245 stellam
1993 5188 2093 5242 viae

454 5278 660 5336 ducem
700 5278 967 5335 incidunt
1008 5295 1021 5333 :
1073 5294 1202 5350 qum
1240 5278 1312 5334 ab
1351 5278 1584 5335 Oriente
1619 5277 1704 5334 eis
1743 5279 2092 5350 precedens,

523 5443 605 5516 (l)
653 5464 682 5493 ‹‹
730 5441 998 5516 Fortasse
1051 5457 1396 5516 vero,__cum
1453 5439 1816 5516 apparitione
1865 5437 2093 5516 Domini

454 5511 783 5570 adversaria
832 5519 1084 5585 potestas
1131 5511 1551 5585 redditauesset
1602 5511 1908 5585 inﬁrmior,
1941 5511 2092 5581 Magi

454 5586 626 5642 etiam
684 5582 998 5641 efﬁcaciam
1045 5602 1207 5641 suam
1247 5583 1524 5639 abolitam
1580 5599 1710 5639 esse
1753 5582 2091 5650 sentientes,

458 5672 847 5728 magnamque
876 5661 1215 5728 potestatem
1247 5660 1383 5712 nato
1411 5655 1534 5728 regi
1567 5657 1927 5728 attestantes,
1964 5670 2092 5723 pro—

455 5724 656 5804 pterea
672 5724 1074 5787 muneratione
1094 5743 1200 5785 sua
1230 5741 1408 5798 puero
1439 5724 1793 5783 adorationis
1816 5725 2090 5782 honorem

2207 4746 2448 4808 κώτατος
2483 4746 2684 4816 ταύτης
2712 4748 2825 4809 υἱὸς
2860 4747 2948 4815 ἦν,
2983 4747 3070 4800 καὶ
3119 4746 3310 4801 ὡσανεὶ
3365 4744 3688 4820 στηριχθεὶς
3731 4744 3849 4799 άκί-

2204 4857 2370 4906 νητος
2429 4834 2636 4908 ἔμενεν,
2697 4836 2924 4894 ἐνταῦθά
2989 4857 3093 4891 που
3171 4836 3495 4908 κρύπτεσθαι
3545 4835 3607 4889 τὸ
3660 4835 3850 4905 ζητού·

2209 4945 2369 4998 μενον
2419 4925 2601 4986 καλῶς
2663 4925 2959 4998 οἰηθέντες,
3015 4930 3112 4980 τοῦ
3170 4927 3358 4998 πρόσω
3415 4923 3548 4978 ίέναι
3595 4919 3847 4996 ἔστησαν.

2205 5014 2354 5068 Ἐπεὶ
2398 5011 2455 5068 δὲ
2501 5014 2589 5069 καὶ
2635 5015 2809 5077 οἰκίας
2858 5013 2988 5070 εἷ’σω
3031 5013 3306 5089 γεγόνασι,
3349 5014 3448 5081 τήν
3505 5012 3717 5088 μητέρα
3759 5014 3847 5069 καὶ

2201 5103 2264 5157 τὸ
2321 5099 2537 5158 παιδίον
2597 5103 2862 5177 θεώμενοι
2939 5103 3369 5172 κατησπάζοντο,
3448 5099 3551 5155 ὑπὸ
3630 5096 3844 5175 καλύϐῃ

2203 5190 2400 5264 ἀσήμῳ
2453 5191 2542 5246 καὶ
2603 5197 2834 5268 πενιχρᾷ
2919 5187 3318 5268 διατρίϐοντας,
3375 5189 3468 5247 καὶ
3524 5188 3707 5246 τᾶλλα
3749 5197 3845 5260 τῆς

2203 5275 2494 5348 εὐτελείας,
2523 5276 2778 5352 οὐδεμίαν
2807 5278 3184 5343 ἀπολιπόντας
3235 5273 3568 5354 ὑπερϐολήν.
3623 5277 3845 5351 Ἀμέλει

2204 5441 2609 5515 priestiterunt.
2647 5463 2675 5492 »
2706 5442 3006 5515 (Basilius.
3040 5441 3195 5512 ibid.)

2271 5512 2352 5640 (2]
2383 5536 2409 5562 «
2444 5510 2763 5570 Trisesimo
2805 5515 2970 5570 tertio
3013 5510 3184 5570 anno
3210 5512 3370 5584 regni
3403 5510 3647 5568 Herodis
3681 5513 3848 5566 natus

2271 5587 2290 5637 t
2355 5601 2508 5640 esus.
2558 5586 2875 5640 Tricesimo
2920 5587 3125 5640 auinto
3176 5585 3532 5640 advenerunt
3582 5583 3652 5638 ad
3714 5597 3843 5636 eum

2203 5587 2290 5655 est
2319 5583 2508 5640 Jesus.
2558 5586 2875 5642 Tricesimo
2920 5587 3125 5655 quinto
3176 5583 3536 5655 advenerunt
3582 5583 3652 5638 ad
3687 5597 3843 5655 ,eum

2202 5653 2386 5729 Matii,
2412 5657 2780 5729 ettrisesimo
2811 5653 3060 5729 septimo
3095 5661 3362 5714 mortuus
3397 5659 3486 5712 est
3519 5653 3790 5710 Herodes.
3817 5670 3843 5704 ι

2201 5724 2432 5799 (Epiph.
2465 5728 2665 5786 Contra
2693 5724 2928 5802 Alogos'.)
