4096 6284
261 316 388 375 6‘13

1305 319 1923 384 ECCLESIASTICE
1967 317 2360 382 HlSTORI/E
2403 315 2545 376 LIB.
2595 317 2641 377 l.

3560 311 3680 374 οτι

259 449 326 502 τὸ
361 447 580 504 παιδίον
612 447 700 502 καὶ
731 448 876 523 παρὰ
903 449 995 504 τὸν
1027 457 1127 519 τῆς
1165 449 1389 520 ἡλικίας
1432 454 1632 528 χρόνον
1684 453 1918 512 διαλλό-

2058 472 2094 511 n
2123 453 2322 510 Judaea
2351 449 2626 507 euntibus
2657 451 2988 504 evanuerat.
3015 446 3342 504 Admodum
3362 461 3503 503 sane
3531 445 3671 513 lteti,

264 557 428 609 μενον
481 538 663 610 ὥσπερ
709 537 796 591 καὶ
850 538 1043 605 συνιὲν,
1085 541 1184 608 την
1237 537 1478 612 δεξίωσιν
1529 562 1586 598 τε
1634 543 1776 616 ὁμοῦ
1831 545 1923 598 καὶ

261 625 632 697 προσκύνησιν
675 631 784 680 τῶν
840 626 1040 702 Μάγων
1086 627 1373 702 προσίετο’
1428 632 1564 703 πρὸς
1612 629 1670 685 δὲ
1716 631 1805 686 καὶ
1858 633 1925 685 τὰ

263 710 422 788 δῶρα
453 712 485 766 ἃ
539 713 627 767 καὶ
680 714 809 768 Θεὸν
864 711 1068 784 ἐδήλου
1111 720 1308 772 τοῦτον
1338 717 1428 771 καὶ
1465 717 1690 791 βασιλέα
1714 737 1728 750 ·
1762 723 1923 774 τοῦτο

263 803 380 878 γὰρ
430 798 713 872 ἐϐούλετο,
738 803 802 858 τὸ
853 805 948 876 μὶν
996 806 1023 859 ὁ
1072 807 1301 880 χρυσὸς,
1332 806 1396 860 τὸ
1449 803 1496 861 δ’
1526 808 1554 861 ὁ
1594 803 1817 870 λίϐανος
1844 829 1856 841 ο
1886 811 1920 877 ἡ

266 889 330 945 δὲ
391 891 601 966 σμύρνα
655 892 754 960 τὴν
812 889 882 946 δι’
930 891 1028 965 ἐμὲ
1083 894 1341 967 νέκρωσιν
1397 896 1785 972 προγράφουσα
1831 918 1921 966 ην.

264 981 620 1055 Ἀρκούντως
694 979 785 1035 οὗν
854 986 1486 1056 καταπροσκυνήσαντες,
1541 985 1635 1040 καὶ
1705 984 1923 1059 περιδε-

267 1069 404 1138 ξίως
436 1068 934 1144 κατασπασάμενοι,
968 1071 1057 1126 καὶ
1090 1072 1162 1134 ὡς
1211 1072 1336 1127 Υἱὸν
1375 1077 1507 1130 Θεοῦ
1555 1075 1642 1129 καὶ
1699 1073 1926 1150 βασιλέα

266 1162 382 1211 τῶν
421 1155 565 1212 ὅλων
614 1159 992 1231 τετιμηκότες,
1032 1159 1084 1214 ἐν
1131 1165 1211 1232 τῷ
1262 1159 1609 1233 καταλύματι
1648 1160 1924 1220 διανυκτε-

270 1249 461 1321 ρεῦσαι
493 1243 604 1300 δεῖν
635 1240 866 1321 ἔκριναν,
899 1248 1172 1303 οἷκείωσιν
1207 1250 1401 1305 ὡσανεὶ
1441 1253 1540 1318 τήν
1579 1252 1716 1327 πρὸς
1764 1253 1924 1309 αὐτὸν

269 1335 484 1410 ἐξόχως
541 1336 879 1409 θηρώμενοι,
927 1339 1032 1416 ’καὶ
1113 1338 1271 1410 τίμια
1343 1338 1581 1395 ἐντεῦθεν
1651 1342 1724 1403 ὡς
1783 1343 1927 1404 εἰκὸς

270 1423 462 1485 αὐτοῖς
522 1426 973 1498 μνηστευόμενοι.
1038 1428 1167 1481 Κατ’
1225 1427 1432 1497 ἐκείνην
1493 1427 1550 1483 δὲ
1609 1431 1708 1500 τὴν
1769 1431 1930 1485 νύκτα

269 1518 374 1567 τοῦ
424 1511 754 1587 ὁδηγοῦντος
809 1514 993 1576 αὐτοῖς
1044 1515 1290 1591 ἀγγέλου
1329 1520 1665 1591 χρήσαντος,
1707 1520 1780 1580 ὡς
1829 1521 1926 1592 βά-

273 1624 470 1657 σκανον
531 1604 622 1658 τὸν
677 1601 934 1677 Ἡρώδην
989 1603 1389 1678 παραδραμεῖν,
1450 1605 1519 1661 δι’
1578 1607 1755 1678 ἄλλης
1801 1607 1930 1664 ὁδοῦ

273 1694 417 1767 πρὸς
463 1698 531 1748 τὰ
578 1695 754 1749 οἷ’κεῖα
801 1694 1186 1772 ἒπανέστρεφον
1239 1697 1371 1766 ἤθη,
1406 1700 1480 1759 ὡς
1521 1699 1580 1752 ἃν
1612 1695 1929 1754 διδάσκαλοι

2031 553 2204 615 atque
2231 538 2560 596 incredibili
2583 538 2871 608 voluptate
2901 537 3124 607 repleti,
3159 551 3394 592 rurum
3425 536 3669 592 ductum

2033 634 2192 689 illius
2224 636 2566 702 sequuntur.
2603 632 2915 698 Postquam
2947 634 3143 682 autem
3169 627 3340 682 stella
3367 642 3547 697 supra
3576 627 3677 681 do-

2035 724 2368 782 munculam
2409 719 2691 786 constitit,
2740 724 2796 772 et
2835 719 2997 788 quasi
3045 716 3167 772 loco
3213 717 3439 772 firmius
3479 715 3678 782 affixa,

2033 817 2280 872 immota
2320 810 2660 882 permansit,
2712 808 2811 862 ubi
2853 807 3074 862 scilicet
3129 810 3186 860 et
3237 812 3421 862 mater
3458 805 3586 876 ipsa
3624 815 3684 861 et

2035 903 2439 958 divinissimus
2477 899 2605 970 ejus
2637 897 2792 952 filius
2823 904 2986 951 erant
3017 911 3030 949 :
3069 896 3160 949 77
3201 895 3279 950 ibi
3313 895 3490 950 latere
3521 895 3678 966 quod

2034 993 2390 1064 quaerebant,
2449 993 2603 1042 recte
2660 985 3087 1049 existimantes,
3130 981 3365 1055 longius
3408 982 3682 1055 progredi

2035 1080 2433 1151 supersedent.
2492 1076 2566 1133 Ut
2607 1082 2797 1131 autem
2850 1075 2904 1130 in
2955 1075 3197 1129 domum
3243 1075 3380 1127 sunt
3412 1071 3682 1144 ingressi,

2037 1179 2277 1226 matrem
2307 1177 2360 1224 et
2395 1183 2637 1239 puerum
2671 1167 3118 1235 conspexerunt,
3166 1163 3223 1217 in
3267 1163 3537 1230 obscura,
3569 1161 3685 1217 hu-

2038 1260 2159 1315 mili
2194 1266 2251 1315 et
2285 1273 2532 1328 paupere
2581 1274 2716 1310 casa
2766 1256 3042 1320 viventes,
3093 1257 3151 1308 et
3182 1253 3240 1307 in
3289 1253 3460 1307 rebus
3491 1253 3682 1308 omni-

2039 1351 2149 1404 bus
2205 1351 2277 1403 ad
2343 1363 2631 1402 summam
2691 1342 3109 1413 parcimoniam
3177 1346 3232 1397 et
3290 1339 3680 1412 frugalitatem

2045 1438 2188 1493 nihil
2223 1436 2431 1506 reliqui
2465 1434 2764 1489 facientes.
2784 1435 2850 1487 At
2875 1448 3016 1504 puer
3037 1431 3177 1502 ipse,
3215 1437 3418 1500 praeter
3446 1436 3678 1487 aetatem

2040 1527 2207 1598 quasi
2247 1527 2572 1586 exsultans,
2618 1527 2676 1576 et
2723 1520 3054 1591 intelligens
3102 1520 3498 1590 exceptionem
3549 1517 3680 1574 otti-

2039 1616 2332 1684 ciumque,
2365 1613 2518 1684 quod
2551 1627 2652 1682 per
2673 1611 3006 1664 dextrarutn
3031 1610 3456 1678 porrectionem
3485 1608 3682 1676 fiebat,

2040 1705 2555 1774 adorationemque
2585 1707 2908 1773 Magorum,
2954 1705 3010 1754 et
3050 1716 3288 1756 munera
3315 1700 3452 1756 item
3482 1715 3682 1756 eorum

275 1783 413 1856 πρὸς
472 1786 647 1860 τάχος
705 1786 773 1855 τῇ
836 1789 1048 1852 Περσῶν
1103 1784 1454 1863 ἐκπεμφθῶσι
1507 1786 1699 1863 χώρᾳ*
1751 1789 1840 1842 καὶ
1889 1792 1923 1857 ἡ

2053 1794 2405 1864 ignoscendo
2452 1792 2816 1855 admittebat,
2852 1805 2974 1859 quae
3009 1804 3247 1844 munera
3281 1793 3458 1843 Deum
3491 1790 3683 1860 ipsum

273 1877 372 1926 τοῦ
430 1873 693 1947 τυράννου
752 1870 987 1944 διακοπῇ
1044 1874 1230 1946 μανία,
1263 1877 1352 1930 καὶ
1414 1879 1577 1949 μάθοι
1636 1880 1922 1948 ἀνηνύτοις

275 1960 596 2036 ἐπιχειρῶν.

2035 1889 2092 1937 et
2145 1898 2336 1952 regem
2387 1897 2513 1936 esse
2573 1879 2945 1935 declarabant
2993 1879 3072 1948 (1)
3127 1895 3140 1933 :
3189 1878 3338 1933 hunc
3392 1878 3683 1949 siquidem

2037 1988 2267 2037 aurum,
2299 1970 2467 2024 illum
2500 1974 2692 2024 autem
2717 1970 2853 2023 tltus
2879 1967 3168 2022 indicabat
3195 1985 3206 2021 :
3241 1969 3476 2038 myrrha
3508 1983 3681 2038 porro

277 2060 552 2120 mortem,
588 2069 717 2108 mea
753 2070 933 2110 causa
973 2061 1308 2128 susceptam
1359 2058 1761 2114 adumbrabat.
1803 2061 1910 2116 Sed
1955 2061 2110 2118 enim
2161 2078 2296 2117 cum
2337 2076 2494 2126 eum,
2544 2077 2647 2130 pro
2692 2075 2758 2113 eo
2807 2063 2978 2130 atque
3009 2075 3242 2129 equum
3293 2058 3501 2114 fuerat.
3541 2058 3690 2114 ado-

279 2143 500 2197 ratione
561 2145 848 2215 prosecuti
890 2155 1104 2212 essent,
1164 2147 1472 2216 dextreqne
1526 2149 1838 2205 admodum
1899 2155 1954 2205 et
2005 2151 2306 2222 auspicato
2346 2150 2725 2216 salutassent,
2775 2157 2828 2201 et
2886 2152 2948 2201 ut
2986 2146 3193 2202 Filium
3237 2147 3332 2203 Dei
3382 2152 3439 2203 et
3495 2163 3688 2203 rerum

276 2231 542 2286 omnium
578 2247 773 2302 regem
805 2232 1214 2302 honorassent,
1255 2237 1312 2290 in
1346 2237 1474 2307 ipso
1523 2239 1844 2292 diversorio
1893 2239 2002 2293 sibi
2055 2241 2509 2310 pernoctandum
2559 2253 2686 2292 esse
2733 2240 3081 2302 statuerunt,
3118 2241 3394 2306 tanquam
3429 2235 3688 2291 familia-

279 2336 398 2375 rem
457 2336 589 2374 cum
644 2335 712 2374 eo
771 2324 1252 2378 consuetudinem
1311 2325 1570 2380 studiose
1629 2328 1971 2392 ambientes,
2016 2332 2073 2381 et
2122 2327 2394 2382 eximium
2444 2326 2722 2397 quiddam
2774 2325 2919 2394 ipsis
2965 2323 3162 2394 (sicuti
3196 2325 3453 2395 decebat)
3492 2325 3687 2378 conci-

276 2410 417 2464 liare
447 2410 769 2465 studentes.
802 2412 904 2466 Sed
939 2413 1092 2467 enim
1145 2431 1209 2468 ea
1263 2416 1388 2486 ipsa
1438 2420 1605 2472 nocte
1644 2417 1909 2487 angelus,
1960 2417 2061 2488 qui
2114 2419 2231 2472 dux
2283 2416 2386 2470 vias
2431 2431 2627 2471 eorum
2679 2415 2886 2480 fuerat,
2918 2414 3049 2470 illos
3091 2415 3324 2468 oraculo
3363 2414 3685 2482 admonuit,

284 2507 346 2555 ut
378 2500 621 2555 Herodis
654 2501 830 2554 invidi
862 2517 1239 2572 congressum
1277 2507 1559 2574 fugerent.
1597 2505 1679 2560 Ita
1711 2507 1950 2571 factum,
1989 2511 2053 2560 ut
2085 2522 2185 2577 per
2216 2506 2388 2561 aliam
2421 2506 2572 2561 viam
2609 2505 2665 2559 in
2711 2520 2876 2558 suam
2920 2508 3342 2558 reverterentur
3368 2501 3687 2573 regionem,

283 2591 530 2657 videlict,
564 2595 831 2660 utquam
867 2591 1168 2647 celerrime
1217 2595 1271 2647 in
1325 2598 1625 2649 Persarum
1682 2596 1976 2665 regionem
2007 2597 2271 2650 doctores
2302 2601 2359 2648 et
2404 2594 2593 2649 nuntii
2631 2597 2804 2648 tantae
2858 2595 2936 2647 rei
2969 2592 3249 2657 venirent,
3293 2595 3351 2645 et
3385 2596 3684 2662 praeterea,

287 2682 351 2732 ut
407 2679 632 2750 tyranni
689 2679 1052 2735 inhiberetur
1113 2682 1291 2749 furor,
1344 2683 1642 2754 simulque
1702 2690 1764 2738 ut
1823 2685 1946 2753 ipse
1995 2689 2266 2739 conatum
2326 2699 2388 2738 se
2435 2698 2584 2751 esse,
2638 2697 2765 2753 qua
2813 2680 3007 2751 perlici
3055 2697 3169 2736 non
3221 2687 3476 2750 possent,
3516 2679 3685 2735 intel-

291 2766 514 2836 ligeret.

920 2897 1182 2950 ΚΕΦΑΛ.
1227 2897 1332 2952 IA'.
1963 2904 2007 2966 ρ

296 2997 603 3077 Περίιτῆς
643 2999 734 3077 εἷς
774 2996 1130 3077 Αἴγυπτον-
1168 3004 1288 3077 τοῦ
1333 3007 1644 3077 Σωτῆρος
1692 3003 1930 3077 φυγῆς·

359 3019 603 3086 εριὶτης
643 3019 734 3058 εις
774 3019 1118 3126 Αιγυπτον
1168 3021 1288 3055 του
1333 3019 1644 3076 ,Σωτηρος
1692 3023 1930 3077 φυγης·

359 3088 617 3149 καιώως
683 3070 857 3149 Ἠιρὼ
913 3092 986 3149 ημς
1069 3073 1143 3149 rei
1210 3071 1647 3149 Ev‘Byﬂlei‘g
1717 3074 1931 3149 βρέφη

358 3138 780 3218 ἀνεῖλεοικαῖ
809 3138 961 3218 περὶ
1002 3146 1121 3218 τού
1159 3138 1548 3218 προδρόμου
1590 3138 1930 3218 ’ἶωᾶιίνρύί

360 3211 466 3291 καὶ
506 3211 656 3291 περῇ
698 3219 817 3291 τῆς
867 3211 928 3291 ἐν
972 3217 1060 3291 τῷ
1099 3211 1266 3291 ,ἱερῷ
1313 3211 1436 3291 κέοΰ
1483 3219 1790 3291 Σῳτῆρος
1831 3213 1936 3271 δι-

361 3279 992 3353 δασκαλίαςίήνὶκα
1032 3279 1287 3340 testia
1328 3287 1488 3341 ἐτῶν
1531 3287 1625 3356 ἦν.

2657 2894 2885 2951 CAPUT
2924 2893 3064 2950 XIV.

2046 3005 2121 3058 De
2147 3004 2281 3072 fuga
2312 3002 2615 3058 Servaloris
2655 3004 2714 3057 in
2744 3003 3058 3072 «Em/ptum,
3106 3009 3158 3056 et
3203 3001 3350 3056 ccede
3372 3000 3676 3070 infantum,

2115 3090 2280 3144 quam
2324 3073 2552 3129 Herodes
2594 3077 2652 3128 in
2697 3075 2971 3128 Bethleem
3002 3075 3181 3141 fecit;
3225 3074 3292 3128 de
3338 3074 3681 3128 Prceursore

2116 3143 2354 3209 Joanne,
2403 3153 2453 3201 et
2495 3145 2561 3199 de
2605 3145 2852 3200 doctrina
2882 3143 3188 3200 Servatoris
3219 3144 3276 3200 in
3309 3147 3529 3217 tempto,
3559 3159 3684 3199 cum

2116 3218 2398 3273 duodecim
2428 3226 2565 3272 esset
2588 3231 2879 3272 annorum.

359 3388 529 3460 Ὀμοῦ
585 3388 764 3444 τοίνυν
822 3393 890 3463 τῇ
947 3395 1055 3445 τῶν
1116 3393 1316 3468 Μάγων
1377 3390 1543 3465 ἐξόδῳ
1598 3394 1685 3447 καὶ
1736 3395 1936 3473 Ἰωσήφ

2122 3395 2218 3449 78
2270 3397 2332 3450 ιιι
2378 3394 2502 3465 ipsa
2549 3408 2784 3464 quoque
2833 3396 3128 3464 Magorum
3171 3392 3441 3458 abilione,
3471 3391 3687 3463 Josepb

291 3477 411 3531 κατ’
457 3474 585 3552 ὄναρ
629 3479 1062 3552 ἒχρηματίζετο,
1106 3477 1275 3550 μηδὲν
1335 3479 1632 3553 μελλῆσαι,
1693 3481 1838 3538 ἄλλα
1879 3504 1938 3558 γε

2050 3485 2108 3538 in
2140 3484 2364 3539 somnis
2415 3482 2647 3537 oraculo
2693 3482 2887 3537 divino
2936 3482 3272 3536 admonitus
3307 3486 3414 3545 est,
3450 3487 3514 3537 ut
3544 3481 3690 3537 citra

289 3566 390 3628 τὴν
452 3566 662 3640 μητὲρα
718 3567 807 3620 καὶ
863 3567 926 3621 τὸ
985 3565 1197 3622 παιδίον
1260 3564 1687 3640 ἀναλαμϐάνειν,
1735 3571 1824 3624 καὶ
1885 3573 1940 3625 οἵ

292 3651 478 3708 ποδῶν
523 3649 696 3732 ἔχειν,
745 3656 795 3716 ἐς
837 3655 1112 3730 Αἴγυπτον
1162 3658 1260 3724 τὴν
1312 3655 1604 3732 φυγαδείαν
1645 3659 1813 3729 ἱστᾷν,
1846 3660 1936 3712 τὸν

296 3742 458 3818 (θάνον
485 3747 581 3796 τοῦ
610 3744 875 3817 τυράννου
925 3742 1411 3816 διαδιδράσκοντα·
1457 3746 1670 3801 κάκεῖσε
1728 3745 1794 3816 δὴ
1842 3749 1938 3809 τὰς

297 3827 581 3906 διατριϐὰς
613 3831 784 3911 ἔχειν,
817 3832 982 3912 ἄχρις
1006 3833 1064 3887 ἂν
1089 3835 1114 3888 ὁ
1139 3838 1236 3888 τοῦ
1261 3832 1484 3889 παιδίου
1518 3841 1693 3904 ζητῶν
1719 3838 1819 3904 τὴν
1843 3841 1939 3910 qau-

297 3924 431 3997 χὴν,
464 3925 562 3992 τήν
597 3920 737 3977 ἰδίαν
767 3926 954 4002 ψυχὴν
983 3924 1360 3999 ἀπερεύξηται.
1393 3927 1448 3980 '0
1481 3927 1576 3998 μὲν
1607 3924 1702 3980 οὖν
1739 3928 1938 4007 Ἰωσὴφ

299 4013 473 4072 οὕτως
505 4012 680 4067 ἐποίει
701 4033 713 4045 ⁸
745 4015 833 4067 καὶ
869 4013 954 4068 ἐπὶ
988 4013 1113 4087 τρία
1143 4012 1236 4083 ἔτη
1270 4014 1320 4069 ἐν
1355 4015 1608 4088 Αἰγύπτῳ
1637 4018 1737 4085 τήν
1769 4038 1937 4092 φυγα-

299 4098 440 4155 δείαν
476 4099 656 4159 ἐτίθει.
691 4101 762 4156 Ού
795 4100 993 4175 πολλῷ
1025 4101 1072 4157 δ’
1103 4103 1323 4177 ὕστερον
1356 4108 1452 4158 τοί)
1481 4104 1729 4178 Ἡρώδου
1751 4109 1810 4160 τὸ
1842 4111 1940 4179 ζῇν

297 4191 542 4265 αἰσχρῶς
599 4191 1028 4267 ἆπορῥήξαντος,
1063 4191 1214 4252 αὖθις
1271 4196 1690 4268 χρηματισθεὶς,
1735 4195 1942 4267 σύναμα

293 4277 360 4351 τῇ
421 4279 590 4351 μητρὶ
641 4282 726 4334 καὶ
785 4285 866 4354 τῷ
943 4280 1202 4357 ὑπερφύεῖ
1267 4283 1473 4354 τοκετῷ
1532 4284 1606 4346 εἰς
1659 4286 1758 4352 τήν
1801 4283 1938 4339 ἰδίαν
1974 4263 2017 4325 D

294 4365 446 4429 αὖθις
506 4369 841 4441 προσεφοίτα
899 4367 1154 4442 πατρίδα.
1189 4373 1245 4424 '0
1277 4391 1338 4444 γε
1373 4373 1480 4442 μὴν
1513 4369 1763 4444 Ἡρώδης
1815 4371 1942 4428 δια-

299 4457 520 4530 μαρτὼν
577 4461 675 4511 τοῦ
724 4462 951 4529 σκοποῦ,
990 4459 1116 4519 τοὺς
1176 4457 1551 4528 διαπαίξαντας
1603 4460 1939 4533 ἀμυνόμενος

297 4544 512 4620 Μάγους
559 4545 649 4598 καὶ
692 4543 779 4599 διὰ
828 4546 890 4600 τὸ
935 4554 1034 4616 τῆς
1085 4547 1263 4621 ἀρχῆς
1304 4544 1444 4618 δέος,
1477 4549 1610 4602 κατὰ
1648 4553 1754 4603 τῶν
1789 4548 1942 4605 οὐδὲν

297 4631 646 4703 ἠδικηκότων
702 4631 912 4688 παίδων
965 4634 1094 4690 ὅλον
1164 4636 1254 4689 τὸν
1313 4637 1484 4708 θυμὸν
1539 4637 1810 4710 ἐκρησσει,
1851 4639 1940 4694 καὶ

298 4722 433 4776 κατὰ
463 4723 642 4791 πάσης
682 4723 828 4796 ὁρμᾷ
876 4724 975 4790 τής
1017 4724 1249 4800 φύσεως,
1281 4725 1370 4778 καὶ
1416 4724 1546 4788 τοὺς
1586 4725 1637 4780 ἐν
1693 4726 1944 4799 Βηθλεὲμ

299 4806 536 4873 ἅπαντας
594 4809 789 4872 παῖδας
847 4812 954 4867 ἀπὸ
1013 4809 1244 4884 διετοῦς,
1302 4813 1392 4868 καὶ
1450 4808 1696 4881 ἔλαττον,
1731 4813 1945 4870 ἐθέσπι-

301 4905 384 4968 ζεν
440 4900 696 4974 ἀναιρεῖν,
758 4901 810 4954 ἐν
868 4904 937 4974 τῇ
1005 4907 1159 4976 κοινῇ
1237 4907 1344 4957 τῶν
1402 4902 1697 4957 ἆνευΘύνων
1764 4909 1942 4981 σφαγῇ

303 4987 608 5043 συνανελεῖν
637 4989 726 5044 καὶ
755 4990 846 5044 τὸν
876 4989 1139 5061 ἐπίζηλον
1168 4994 1383 5055 πάντως
1413 4991 1664 5066 οἰόμενος
1691 5012 1702 5024 ·
1736 4995 1946 5069 θρηνεῖν

304 5079 506 5140 πάντας
583 5076 651 5152 (ὢ
731 5084 832 5148 τῆς
915 5078 1250 5154 ἀναλγησίας
1295 5083 1336 5155 Ι)
1391 5082 1820 5155 παρασκευάσας,
1870 5080 1948 5136 ’ἶν’

377 5265 456 5335 (1)
487 5264 676 5333 Regem
711 5265 988 5335 Deumque
1022 5265 1364 5320 annuntiant

488 5336 788 5390 Thesaurus
817 5343 869 5390 et
897 5339 1155 5390 fraarans
1184 5336 1315 5390 odor

488 5339 788 5390 Thesaurus
817 5343 869 5391 et
895 5339 1155 5405 fragrans
1184 5339 1315 5392 odor

487 5407 676 5478 Thuris
707 5406 886 5478 Sabet‘,
911 5413 967 5461 at
997 5408 1287 5478 myrrheus

485 5477 674 5533 Putvis
703 5476 1021 5550 sepulcrum
1057 5476 1346 5550 praeiacet.

1165 5550 1605 5623 (PRUDENTIUS.)

381 5620 456 5691 (2)
488 5619 694 5690 Bienii,
726 5619 1015 5692 Epiphan.

2050 3585 2272 3625 moram
2306 3575 2360 3623 et
2405 3568 2859 3632 cunctationem,
2910 3573 3093 3624 matre
3123 3575 3175 3621 et
3206 3582 3383 3638 puero
3416 3566 3687 3638 receptis,

2049 3675 2160 3728 quo
2196 3657 2422 3726 tyranni
2454 3656 2664 3710 caedem
2708 3657 2966 3721 evitaret,
3000 3655 3259 3711 celeriter
3290 3656 3347 3710 in
3381 3654 3689 3726 Egyptum

2051 3747 2394 3818 profugeret,
2448 3745 2646 3816 ibique
2695 3749 2813 3799 tam
2861 3745 2961 3798 diu
3003 3749 3348 3811 moraretur,
3384 3745 3566 3800 donec
3593 3745 3694 3815 qui

2052 3837 2207 3907 pueri
2243 3837 2449 3890 animm
2494 3836 2888 3903 insidiaretur,
2933 3836 3058 3904 ipse
3088 3834 3349 3890 animam
3383 3833 3693 3891 exhalaret.

2051 3928 2116 3980 Et
2163 3926 2374 3995 Josepb
2425 3925 2662 3996 quidem
2711 3925 2768 3980 id
2812 3924 2967 3990 facit,
3019 3923 3370 3995 trienniique
3403 3926 3478 3996 (2)
3533 3927 3691 3997 apud

2049 4016 2345 4086 Egyptios
2395 4013 2664 4069 exsilium
2714 4013 2938 4068 tolerat.
2990 4013 3102 4069 Nec
3154 4014 3335 4068 multo
3369 4018 3496 4084 post
3528 4012 3698 4070 Hero-

2050 4107 2152 4160 des
2184 4105 2428 4174 turpiter
2457 4104 2631 4158 vitam
2664 4103 2793 4158 finit
2826 4120 2838 4156 :
2881 4109 2937 4158 et
2981 4101 3195 4174 Josepb
3229 4119 3464 4158 rursum
3498 4103 3694 4160 divino

2051 4211 2328 4264 responso
2377 4193 2790 4259 commonitus,
2841 4209 2956 4246 uua
3005 4207 3139 4246 cum
3191 4199 3376 4247 matre
3426 4198 3483 4248 et
3515 4209 3696 4266 supra

2053 4289 2269 4337 natura:
2319 4289 2553 4352 captum
2610 4281 2805 4352 genito
2863 4279 3001 4348 ﬁlio,
3055 4283 3111 4334 in
3164 4297 3332 4336 suam
3392 4282 3698 4338 revertitur

2053 4374 2295 4443 patriam
2348 4372 2450 4443 (3).
2509 4371 2812 4426 Enimvero
2871 4369 3147 4439 Herodes,
3204 4386 3340 4426 cum
3395 4375 3526 4427 voto
3585 4388 3693 4428 suo

2051 4461 2377 4526 excidisset,
2413 4464 2781 4530 cceptumque
2815 4458 2866 4514 ei
2898 4457 3205 4513 consilium
3240 4459 3432 4514 minus
3462 4475 3693 4515 succes-

2052 4551 2249 4616 sisset,
2280 4565 2413 4604 cum
2443 4549 2710 4604 vindictas
2740 4547 2798 4602 in
2830 4547 3025 4618 Magos
3056 4547 3396 4619 cupiditate,
3418 4566 3450 4603 a
3481 4548 3696 4618 quibus

2055 4641 2165 4693 sibi
2195 4639 2437 4694 illusum
2481 4653 2611 4693 esse
2656 4636 2915 4708 putabat,
2949 4636 3248 4702 incensus,
3279 4640 3406 4691 tum
3438 4635 3695 4706 periculo

2057 4728 2211 4796 regni
2273 4727 2574 4783 amittendi
2633 4726 2954 4782 concitatus
3005 4731 3208 4781 contra
3265 4725 3536 4794 infantes,
3597 4729 3695 4798 qui

2057 4816 2203 4870 nihil
2224 4815 2273 4870 ei
2303 4814 2530 4885 injuria
2559 4814 2919 4881 intulissent,
2942 4813 3400 4885 indignationem
3432 4813 3698 4885 iramque

2056 4921 2288 4960 omnem
2321 4904 2555 4970 evomit,
2579 4908 2636 4958 et
2650 4905 2928 4960 adversus
2960 4907 3226 4958 naturam
3257 4917 3488 4959 omnem
3513 4904 3697 4962 insur-

2055 4997 2156 5067 git.
2214 4995 2724 5051 Bethlehemiticos
2762 4994 2840 5066 (4)
2899 4993 3056 5049 enim
3106 5009 3314 5064 pueros
3371 4993 3694 5063 universos,

2057 5087 2157 5157 qui
2233 5085 2440 5140 bimuli
2510 5085 2895 5140 teneriorcsve
2949 5088 3167 5152 essent,
3226 5083 3415 5140 edicto
3475 5083 3691 5139 interfi-

2238 5266 2439 5348 Etatis
2469 5265 2681 5348 Christi
2714 5281 2865 5320 anno
2898 5267 3058 5320 sexto
3089 5263 3206 5348 fere
3234 5262 3544 5348 completo.

2131 5339 2205 5407 (4)
2239 5360 2267 5389 ι(
2297 5341 2590 5420 Augustus
2628 5337 2837 5420 timetur,
2889 5352 3022 5420 cum
3054 5337 3330 5420 audisset,
3373 5337 3693 5420 interOpue-

2061 5405 2367 5480 ros,'quos
2386 5405 2469 5464 'in
2515 5409 2682 5478 Syria
2729 5407 2983 5463 Herodes
3033 5422 3130 5462 rex
3176 5405 3511 5463 Judeorum
3538 5405 3696 5464 intra

2060 5481 2341 5562 bimatum
2367 5480 2550 5562 ju_s_si_t_
2584 5479 2855 5562 interfici,
2904 5478 3087 5562 filium
3135 5493 3366 5550 quoque
3395 5479 3521 5550 ejus
3549 5479 3690 5535 occi-

2061 5568 2215 5623 sum,
2247 5553 2329 5607 ait
2361 5549 2382 5608 ξ
2404 5551 2628 5623 Melius
2675 5559 2761 5623 est
2796 5549 3036 5623 Herodis
3065 5564 3194 5606 esse
3225 5549 3486 5623 peream,
3516 5566 3691 5623 quam

2074 5622 2283 5678 filium.
2316 5643 2345 5672 »
2376 5622 2653 5696 (Macrob.
2688 5621 2790 5678 lib.
2823 5636 2886 5690 ιι,
2918 5621 3146 5677 Saturn.
3177 5635 3305 5692 cap,
3338 5622 3415 5692 4.)
