4096 6284
451 332 570 403 67‘s

1746 340 2167 403 NICEPHORI
2212 336 2568 402 CALLISTI

3749 339 3878 401 676

451 477 690 536 ciendos
721 475 907 532 sancit
938 495 951 529 :
987 475 1042 531 in
1076 474 1373 530 communi
1406 478 1464 530 et
1492 472 1797 530 universali
1830 473 2096 529 innocen-

2215 467 2418 531 ἐκεῖνος
2468 462 2641 547 φόϐου
2690 466 2832 543 λυθῇ
2859 489 2871 502 ο
2909 470 3008 539 τὴν
3037 469 3139 544 γὰρ
3179 467 3441 540 ἐπιτολὴν
3487 474 3588 525 τοῦ
3637 469 3879 544 ἀστέρος

448 567 603 622 tium
637 564 812 631 caede,
844 564 1020 619 simul
1070 562 1399 619 occisurum
1433 577 1496 619 se
1528 578 1658 619 esse
1688 578 1846 629 eum,
1881 562 1974 617 cui
2007 577 2110 633 per

451 653 879 710 aemulationem
917 651 1160 708 insidias
1207 651 1488 718 struebat,
1522 651 1906 707 existimans:
1944 655 2000 705 et
2027 650 2109 721 (1)

448 746 649 817 lugere
679 741 1013 814 ejulareque
1057 757 1259 797 omnes
1301 740 1446 797 alios
1478 741 1648 814 (proh
1704 740 2002 796 hominem
2033 739 2106 795 ab

446 833 610 890 omni
630 831 1036 888 misericordia
1063 831 1566 902 humanitatisque
1589 846 1762 886 sensu
1791 829 2105 901 alienum!)

444 922 670 988 volens,
703 926 769 975 ut
795 919 924 991 ipse
957 920 1130 975 modo
1160 923 1321 975 metu
1354 919 1513 976 omni
1555 918 1862 975 levaretur.
1897 918 2103 973 Obser-

448 1012 684 1067 vaverat
712 1007 762 1064 is
794 1012 949 1065 certo
982 1007 1161 1064 stella:
1193 1011 1483 1073 exortum,
1514 1007 1668 1075 quod
1700 1024 1827 1064 eam
1862 1006 2104 1062 biennio

451 1104 588 1156 ante
635 1115 667 1153 a
712 1113 774 1153 se
822 1097 878 1152 in
913 1096 1147 1153 Perside
1187 1096 1370 1152 visam
1412 1096 1562 1168 Magi
1595 1096 1898 1162 dixissent,
1931 1098 2107 1166 atque

448 1184 586 1243 inde
633 1185 968 1257 conjectura
1025 1189 1283 1257 accepta,
1334 1189 1496 1241 extra
1550 1200 1788 1242 sensum
1847 1183 2106 1241 allectis-

453 1288 707 1344 nemque
756 1288 990 1328 omnem
1025 1273 1278 1344 positus,
1328 1270 1580 1328 infantes
1627 1269 2103 1327 contrucidavit:

450 1362 605 1434 quod
649 1362 905 1434 profecto
938 1360 1230 1433 quispiam
1265 1375 1336 1416 ne
1379 1361 1656 1416 adversus
1686 1358 1948 1416 inanima
1978 1357 2107 1431 qui-

451 1452 583 1507 dem
635 1449 1015 1508 commiserit.
1068 1448 1293 1522 Quippe
1338 1448 1583 1505 tenellae
1613 1447 1846 1521 plantas
1876 1448 2105 1517 conspi-

447 1541 629 1611 ciens,
662 1555 764 1612 per
821 1539 1389 1596 commiserationem
1440 1539 1512 1594 ab
1557 1538 1642 1594 eis
1674 1537 2008 1594 excidendis
2046 1553 2108 1592 se

449 1630 787 1699 abstineret,
829 1644 1023 1701 neque
1075 1644 1312 1700 carpere
1363 1628 1454 1698 (ut
1509 1627 1592 1683 ita
1648 1625 1918 1699 dixerim)
1976 1642 2106 1697 per-

452 1722 635 1795 geret,
669 1736 796 1791 qute
849 1702 1262 1789 comprehendi
1315 1734 1427 1772 non
1471 1721 1727 1789 possent.
1760 1716 1936 1772 Porro
1969 1732 2102 1772 eam

450 1807 765 1864 infantium
820 1807 1032 1861 caedem
1102 1805 1386 1861 Jeremias
1443 1805 1612 1861 etiam
1674 1805 1877 1860 multis
1938 1808 2104 1860 antea

454 1896 818 1968 temporibus
859 1896 1005 1951 vidit
1045 1899 1102 1950 et
1145 1894 1433 1966 praedixit,
1478 1894 1786 1950 Rachelem
1818 1893 2100 1949 inducens

456 1985 854 2057 deplorantem
907 1982 1121 2039 liberos
1169 2000 1329 2047 suos,
1372 1982 1730 2055 minimeque
1758 1981 2103 2039 consolatio-

455 2091 592 2131 nem
627 2072 823 2139 ullam,
857 2077 1090 2146 propter
1118 2071 1542 2127 immanitatem
1579 2072 1849 2127 facinoris
1871 2070 2098 2141 tragici,

460 2164 889 2222 admittentem.
952 2161 1107 2218 Deus
1166 2167 1383 2230 autem,
1434 2177 1568 2216 cum
1624 2160 1885 2216 inhibere
1935 2160 2102 2216 facile

453 2261 676 2328 posset,
726 2252 1002 2308 ineffabili
1055 2256 1247 2306 tamen
1300 2251 1527 2307 ratione
1568 2255 1626 2306 et
1673 2250 1937 2316 consilio,
1996 2265 2098 2322 per

453 2343 773 2400 bonitatem
807 2356 1000 2407 suam,
1031 2339 1091 2395 id
1122 2340 1407 2412 permisit.
1444 2339 1509 2395 Et
1540 2339 1809 2395 Servator
1838 2338 2096 2410 quidem,

450 2431 531 2487 ita
589 2435 654 2487 ut
709 2431 933 2485 dictum
985 2433 1092 2495 est,
1146 2430 1203 2482 in
1252 2428 1492 2499 {Egypto
1541 2428 1863 2484 exsulabat.
1914 2427 2095 2482 Filius

450 2526 643 2577 autem
679 2516 964 2574 Zacharias
994 2516 1266 2584 Joannes,
1296 2516 1354 2571 in
1389 2517 1556 2588 cuius
1590 2516 1885 2572 nativitate
1916 2516 2098 2587 patris

447 2627 556 2666 vox
587 2608 777 2665 soluta
807 2611 915 2676 est,
967 2622 1099 2663 cum
1148 2607 1313 2678 prius
1357 2606 1428 2661 ab
1478 2606 1577 2660 illo
1613 2604 1852 2662 Joannis
1884 2620 2095 2660 nomen

448 2700 509 2754 in
541 2695 739 2753 tabula
773 2696 977 2751 fuisset
1024 2704 1348 2763 exaratum,
1397 2694 1642 2750 alterum
1689 2710 1816 2750 cum
1851 2693 2094 2749 dimidio

448 2803 667 2843 annum
698 2786 907 2857 agebat
935 2800 949 2839 :
988 2784 1084 2839 79
1117 2788 1173 2839 et
1220 2800 1339 2839 una
1377 2800 1509 2839 cum
1546 2788 1731 2839 matre
1764 2783 2094 2839 Elisabetha

448 2878 507 2932 in
540 2865 817 2944 spelunca
844 2875 1092 2946 quadam
1118 2874 1187 2928 ad
1214 2874 1504 2945 regionem
1529 2876 1865 2929 montanam
1900 2874 2092 2928 salvus

447 2963 924 3029 conservabatur,
951 2962 1187 3016 fortasse
1219 2960 1460 3017 Herodis
1491 2962 1923 3032 sanguinariam
1947 2962 2091 3016 etfua

449 3054 614 3127 giens
665 3066 926 3108 manum.
971 3052 1160 3122 Atque
1199 3051 1333 3105 inde
1381 3051 1440 3105 in
1491 3051 1628 3106 solis
1677 3050 1816 3106 locis
1846 3049 2095 3106 libenter

447 3140 669 3201 versari
710 3140 941 3207 solitus,
986 3137 1310 3211 angeloque
1366 3139 1513 3195 duce
1563 3155 1724 3207 usus,
1784 3140 1840 3194 in
1902 3156 2093 3195 remo-

2216 552 2477 633 ἠκρίϐου,
2517 558 2622 631 πρό
2673 556 2767 612 δύο
2825 556 3043 613 ἐκείνων
3100 558 3236 613 ἐτῶν
3293 558 3346 615 ἐν
3405 556 3626 633 Περσίδι
3690 556 3875 639 ὦφθαι

2213 652 2406 702 τοῦτον
2451 651 2558 701 τῶν
2612 648 2806 722 Μάγων
2857 646 3120 703 εἷπόντων
3146 667 3159 679 ’
3194 649 3285 730 ἀφ’
3314 648 3377 704 οὗ
3406 650 3872 723 τεκμαιρόμενος,

2215 735 2464 807 ἀνοήτως
2493 733 2680 810 ἀνῄρει
2713 756 2781 791 τα
2830 736 3026 813 βρέφη.
3062 738 3131 794 ’Ὸ
3178 738 3266 791 καὶ
3316 737 3391 799 είς
3437 734 3624 811 ἄψυχα
3676 734 3872 809 δρᾶσαί

2215 846 2297 887 τις
2347 823 2407 879 ἃν
2467 823 2736 901 ἐφείσατο,
2787 827 2875 879 καὶ
2932 827 3093 899 νεαρὰ
3143 827 3283 898 φυτᾶ
3327 824 3567 899 βλέπων,
3628 825 3874 895 ἠλέησεν

2214 911 2483 985 ἐκτεμεῖν,
2517 912 2750 984 διώκων,
2775 914 2848 976 ὡς
2906 913 2969 969 ἄν
3026 936 3109 977 τις
3167 912 3385 989 ἐρῇ,τὰ
3442 912 3703 990 ἀκίχητα.
3755 915 3866 982 Τὴν

2215 1023 2277 1080 γε
2339 1003 2446 1075 μὴν
2501 999 2856 1082 παιδοφονίαν
2915 1002 3139 1074 ταύτην,
3181 1003 3271 1059 καὶ
3301 1004 3565 1079 Ἱερεμίας
3621 1001 3865 1066 πολλοῖς

2216 1092 2416 1146 ἄνωθεν
2466 1092 2689 1166 χρόνοις
2735 1088 2865 1146 ἰδὼν
2914 1093 3287 1168 προηγόρευε·
3323 1092 3413 1146 καὶ
3446 1091 3660 1168 Ῥαχὴλ
3705 1092 3865 1161 εἰσῆ-

2211 1201 2272 1255 γε
2322 1178 2616 1235 κλαίουσαν
2669 1181 2736 1235 τά
2778 1180 2937 1235 τέκνα
2980 1180 3170 1251 αὐτῆς,
3201 1182 3289 1236 καὶ
3338 1182 3537 1251 ἥκιστά
3586 1202 3645 1255 γε
3685 1201 3864 1255 παρα-

2221 1271 2569 1342 μυθουμένην
2599 1276 2699 1339 τῆς
2746 1266 3050 1346 τραγῳδίας
3097 1274 3176 1342 τῷ
3204 1266 3630 1346 ὑπερϐάλλοντι,
3664 1268 3864 1347 λόγοις

2216 1357 2550 1433 ἀπορῥήτοις
2607 1362 2742 1414 Θεοῦ
2800 1357 2996 1435 εἷ’ργειν
3054 1360 3147 1434 μὶν
3217 1356 3534 1432 δυναμένου,
3590 1378 3862 1434 παραχω-

2216 1452 2439 1526 ροῦντος
2500 1445 2558 1503 δὲ
2614 1452 2682 1522 τῇ
2739 1448 3097 1528 χρηστότητι.
3135 1446 3293 1504 Ἀλλ’
3326 1451 3353 1504 ὁ
3405 1450 3501 1523 μὲν
3543 1450 3738 1522 Σωτὴρ
3783 1448 3862 1511 εἷς

2216 1536 2520 1614 Αἴγυπτον,
2562 1536 2742 1612 ὥσπερ
2803 1536 3037 1615 εἴρηται,
3095 1536 3502 1617 πεφυγάδευτο·
3557 1539 3586 1592 6
3645 1537 3705 1594 δὲ
3759 1542 3863 1595 τοῦ

2215 1627 2492 1704 Ζαχαρίου
2549 1634 2676 1690 παῖς
2716 1628 2993 1700 Ἰωάννης,
3024 1633 3137 1703 ἅμα
3190 1632 3259 1702 τῇ
3316 1630 3558 1705 γεννήσει
3606 1630 3706 1697 τῆς
3759 1633 3862 1684 τού

2215 1718 2418 1792 πατρὸς
2471 1714 2819 1789 διαλυθείσης
2860 1721 3060 1794 φωνῆς,
3092 1723 3172 1791 τῷ
3226 1718 3409 1773 πίνακι
3465 1725 3567 1787 τῆς
3607 1719 3859 1774 Ἰωάννου

2213 1807 2464 1877 κλήσεως
2509 1807 2742 1880 πρώτως
2792 1804 3246 1881 ἒγχαραχθείσης,
3292 1805 3388 1862 δύο
3438 1805 3484 1861 δ’
3529 1806 3661 1861 ἑτῶν
3723 1807 3864 1882 πρὸς

2206 1899 2285 1966 τῷ
2341 1894 2530 1968 ἡμίσει
2590 1895 2907 1970 ἐτύγχανεν,
2960 1890 3073 1968 ἅμα
3129 1900 3199 1969 τῇ
3261 1896 3429 1970 μητρί
3459 1890 3751 1950 Ἐλισάϐετ
3802 1893 3856 1949 ἔν

2205 2006 2315 2039 τινι
2346 1981 2602 2056 σπηλαίῳ
2653 1984 2788 2057 πρὸς
2827 1984 2927 2051 τὴν
2960 1984 3174 2058 ὀρεινὴν
3223 1983 3532 2057 διεσώζετο,
3566 1981 3698 2044 ἴσως
3753 1984 3856 2052 τὴν

2208 2069 2455 2147 Ἡρώδού
2512 2072 2799 2151 μιαιφόνον
2857 2077 3018 2147 χεῖρα
3078 2068 3515 2148 διαδιδράσκωνο
3574 2073 3858 2127 niue-363v

2207 2160 2295 2215 καὶ
2366 2166 2489 2221 ταῖς
2565 2159 2796 2234 ἐρήμοις
2870 2159 3285 2238 ἑμφιλοχωρεῖν
3343 2159 3573 2227 εἶωθὼς,
3634 2157 3860 2236 ἀγγέλῳ

2207 2250 2500 2325 χρώμενος
2561 2246 2771 2324 ὁδηγῷ,
2801 2250 2939 2325 πρὸς
2996 2250 3059 2305 τὸ
3120 2248 3252 2324 βαθὺ
3308 2253 3407 2316 τῆς
3458 2248 3598 2320 ὕλης
3654 2249 3860 2324 ἐχώρει

2205 2336 2392 2414 ἄκροις
2441 2336 2616 2410 δρυῶν
2678 2338 2813 2412 πρὸς
2868 2335 3182 2415 ἂποτροφήν
3232 2339 3563 2413 χρώμενος’
3616 2338 3758 2413 θριεί
3802 2359 3862 2393 τε

2205 2427 2464 2499 καμήλου
2545 2425 2821 2496 ἐσκέπετο,
2880 2427 2968 2481 καὶ
3047 2423 3341 2503 δερματίνῃ
3407 2428 3547 2502 ζώνῃ
3606 2426 3858 2506 ἐχρῆτο·

2204 2515 2369 2592 ἄχρις
2437 2515 2501 2571 οὗ
2577 2514 2775 2571 ἐκεῖθεν
2833 2516 3003 2587 ἥκων,
3062 2522 3141 2588 τῷ
3199 2518 3423 2590 Ἰσραὴλ
3492 2515 3861 2584 ἆνεδείκνυτο,

2208 2609 2364 2679 φωνῇ
2426 2602 2733 2680 διαπρυσίῳ
2809 2607 3092 2680 κηρύττων
3154 2606 3461 2678 μετάνοιαν,
3519 2604 3610 2659 καὶ
3661 2626 3863 2683 χειρα-

2203 2699 2398 2771 γωγῶν
2459 2696 2592 2769 πρὸς
2640 2695 2865 2768 Χριστὸν
2923 2692 3012 2749 διὰ
3063 2698 3160 2749 τοῦ
3220 2693 3611 2769 βαπτίσματος.
3644 2697 3863 2765 Ἰησοῦς

2205 2783 2261 2840 δὲ
2310 2783 2613 2858 προέκοπτι
2671 2783 2834 2860 σοφίᾳ
2908 2783 2998 2839 καὶ
3056 2785 3269 2860 χάριτι,
3326 2788 3406 2856 τῷ
3460 2783 3598 2839 κατᾶ
3658 2784 3856 2858 μικρὸν

2204 2873 2336 2929 αὑτᾶ
2392 2871 2864 2948 παραδείκνυσθαι,
2923 2873 2986 2927 οὐ
3062 2877 3143 2945 τῷ
3215 2868 3512 2946 λαμϐάνειν
3586 2871 3855 2931 ἐπίδοσιν.

2199 2962 2353 3018 Ἐπεὶ
2400 2960 2457 3016 δὲ
2506 2963 2593 3017 καὶ
2654 2959 2864 3016 δώδεκα
2913 2962 3045 3017 ἐτῶν
3077 2962 3316 3038 γεγονὼς
3344 2963 3436 3031 ἦν,
3468 2958 3632 3017 ἄνεισι
3685 2962 3855 3016 σύνα-

2206 3072 2279 3122 μα
2334 3055 2403 3125 τῇ
2467 3050 2635 3125 μητρὶ
2697 3052 2789 3105 καὶ
2845 3054 2924 3122 τῷ
2955 3051 3161 3129 Ίωσήφ
3209 3050 3287 3113 εἰς
3338 3048 3720 3125 Ἱεροσόλυμα,
3751 3054 3852 3119 τὴν

2203 3140 2394 3213 ἑορτήν
2436 3145 2534 3194 τοῦ
2590 3139 2784 3214 Πάσχα
2828 3137 2894 3210 δὴ
2952 3139 3324 3212 τελεσόμενος.
3360 3144 3451 3202 Ὦς
3500 3138 3557 3195 δὲ
3586 3141 3757 3214 πέρας
3784 3143 3852 3195 τὰ

450 3231 627 3286 tiores
659 3227 934 3283 silvarum
985 3242 1247 3281 recessus
1292 3226 1551 3281 secessit.
1597 3227 1676 3281 Ibi
1711 3225 2092 3281 tenerioribus

2207 3203 2302 3296 τές
2352 3203 2556 3303 ’ἑορτῆς
2606 3203 2773 3303 εἶχεν,
2824 3203 3017 3282 ἐκεῖνοι
3075 3203 3169 3301 μὲν
3231 3226 3594 3306 ὑπέστρεφον·
3642 3203 3852 3299 ’Ῐησοῦς

450 3319 728 3375 arborum
763 3316 840 3388 (2)
874 3315 1282 3386 frondiumque
1322 3314 1763 3370 summitatibus
1812 3332 1912 3387 pro
1943 3316 2091 3383 cibo,

445 3407 656 3465 cameli
705 3405 838 3478 pilis
888 3421 992 3478 pro
1039 3409 1392 3474 tegumenta,
1440 3404 1796 3477 pollicesque
1852 3408 2096 3478 insuper

440 3514 585 3553 zona
646 3496 982 3551 utebatur:
1043 3496 1228 3564 quoad
1291 3511 1478 3566 usque
1538 3494 1674 3551 inde
1732 3511 2093 3567 progressus,

446 3585 643 3642 Israeli
677 3601 740 3642 se
778 3583 1041 3639 exhibuit
1087 3583 1242 3638 clara
1280 3583 1616 3656 efficacique
1648 3601 1782 3639 voce
1815 3585 2093 3656 pmnitcn-

445 3677 587 3733 tiam
621 3675 964 3747 praedicans,
998 3679 1055 3728 et
1086 3688 1188 3744 per
1226 3673 1581 3745 baptismum
1625 3674 1890 3730 homines
1923 3679 2098 3747 quasi

454 3780 629 3820 manu
665 3764 883 3820 ducens
929 3764 997 3821 ad
1046 3762 1361 3819 Christum.
1401 3763 1541 3818 Jesu
1576 3769 1766 3819 autem
1799 3766 2096 3822 crescebat

457 3853 741 3924 sapientia
771 3858 828 3908 et
855 3853 1059 3925 gratia,
1102 3859 1278 3924 atque
1307 3853 1388 3908 ita
1431 3853 1685 3924 quidem,
1720 3859 1781 3908 ut
1814 3853 2096 3925 paulatim

459 3943 649 4014 magis
688 3940 995 4014 magisque
1024 3941 1267 3998 virtutes
1309 3957 1386 3996 em
1417 3941 1828 4013 elucescerent,
1861 3961 1974 4001 non
2008 3954 2097 4001 ta-

419 4030 588 4087 'men
616 4029 1041 4086 incrementum
1090 4029 1324 4101 aliquod
1374 4035 1663 4099 caperent.
1710 4036 1851 4088 Cum
1897 4038 2091 4089 autem

452 4119 859 4175 duodecimum
912 4120 1025 4189 iam
1076 4122 1269 4190 ageret
1319 4135 1559 4183 annum,
1608 4121 1871 4176 ascendit
1915 4122 2091 4179 simul

450 4223 581 4264 cum
642 4212 826 4264 matre
870 4210 927 4262 et
971 4206 1225 4279 Josepho
1270 4206 1688 4278 Hierosolyma,
1749 4210 1960 4265 festum
2012 4211 2091 4266 ibi

450 4295 686 4353 Pascha:
717 4295 1132 4353 celebraturus.
1181 4296 1343 4363 Quod
1396 4295 1491 4351 ubi
1542 4301 1833 4367 peractum
1866 4303 1975 4369 est,
2008 4300 2090 4355 illi

449 4387 683 4459 quidem
739 4385 970 4451 reverti,
1027 4384 1198 4442 Jesus
1244 4389 1436 4441 autem
1487 4384 1731 4443 latenter
1775 4389 1834 4444 in
1875 4392 2093 4463 templo

450 4479 712 4533 maneret
738 4492 751 4529 :
781 4480 834 4531 et
856 4476 1012 4547 quod
1046 4474 1404 4546 praecessisse
1433 4491 1566 4530 eum
1600 4477 1659 4532 in
1682 4478 1965 4534 comitatu
1990 4496 2094 4551 pu-

2206 3319 2262 3375 δὲ
2304 3320 2506 3389 λαϐὼν,
2538 3325 2618 3392 τῷ
2649 3322 2780 3395 ἰερῷ
2808 3316 3164 3396 περιέτριϐεν.
3204 3319 3300 3377 Καὶ
3347 3323 3399 3377 οἱ
3446 3322 3540 3396 μὲν
3588 3321 3855 3394 νομίσαν-

2203 3430 2288 3470 τες
2320 3413 2387 3477 τῇ
2421 3406 2629 3482 συνόδῳ
2673 3410 2736 3464 τὸ
2779 3407 2997 3464 παιδίον
3042 3408 3408 3484 προεξελθεῖν,
3441 3407 3629 3465 οἴκαδε
3657 3408 3809 3464 ’ίεντο
3834 3426 3849 3440 ⁸

2205 3500 2232 3553 ὁ
2266 3495 2322 3552 δὲ
2346 3504 2513 3571 τριῶν
2544 3499 2666 3568 ἑξῆς
2695 3501 2919 3573 ἡμερῶν
2951 3494 3157 3570 ἄδηλος
3186 3500 3276 3568 ἦν.
3310 3498 3505 3555 Πολλᾶ
3535 3496 3591 3554 δὲ
3638 3499 3852 3573 καμοῦ-

2206 3608 2286 3642 σιν
2345 3586 2843 3666 ὕστερον,νρανερὸς
2901 3588 3086 3651 αὐτοῖς
3146 3589 3377 3662 γίνεται,
3413 3593 3492 3661 τῷ
3549 3589 3681 3663 ἱερῷ
3754 3588 3849 3660 μὲν

2204 3674 2604 3752 προσεδρεύων,
2649 3681 2765 3738 τοῖς
2815 3674 3165 3739 διδασκάλοις
3209 3676 3265 3732 δὲ
3306 3682 3402 3732 τοῦ
3451 3679 3623 3750 νόμου
3664 3674 3855 3732 διαλε-

2204 3769 2460 3847 γόμενος,
2500 3768 2589 3825 καὶ
2640 3770 2821 3842 θαῦμα
2866 3768 3091 3831 ἐκείνοις
3137 3774 3421 3845 γινόμενος
3470 3772 3559 3831 οἷς
3609 3768 3852 3824 ἐπυνθά-

2202 3879 2346 3926 νετο,
2386 3859 2449 3914 τὸ
2506 3863 2607 3927 τῆς
2645 3864 2864 3935 Γραφῆς
2923 3858 3087 3933 βάθος
3145 3857 3557 3933 ἆναμοχλεύων,
3591 3860 3681 3913 καὶ
3736 3879 3854 3913 και-

2200 3951 2307 4003 νῶν
2342 3947 2673 4021 ζητημάτων
2701 3951 2981 4023 γινόμενος
3009 3947 3253 4021 εὑρετής.
3292 3947 3436 4024 Πρὸς
3486 3947 3544 4002 ’ὸν
3591 3948 3626 4016 ἡ
3667 3949 3855 4022 μήτηρ

2202 4035 2652 4110 περιπαθέστερον
2698 4032 3017 4104 διατεθεῖσα,
3064 4038 3209 4091 ’Ἰνα
3261 4035 3344 4102 τί,
3397 4035 3547 4110 φησὶ,
3598 4037 3856 4101 τέκνον,

2199 4129 2397 4180 τούτο
2437 4124 2835 4194 πεποίηκας,
2870 4121 3113 4194 ὀδύνην
3147 4130 3292 4187 τοῖς
3340 4128 3611 4200 γονεῦσι
3659 4122 3858 4198 προὺ-

2205 4215 2496 4285 ξενηκώς
2522 4233 2535 4283 ;
2576 4212 2667 4267 καὶ
2696 4216 2795 4268 τοῦ
2820 4211 3108 4274 δοκοῦντος
3138 4215 3342 4286 πατρὸς
3392 4213 3505 4285 ἅμα
3536 4211 3852 4285 ἐμέμνητο·

2204 4303 2366 4367 αὑτὸς
2422 4299 2479 4357 δὲ
2532 4302 2625 4357 τὸν
2670 4304 2895 4376 γνήσιον
2926 4298 3097 4365 ὄντως
3135 4303 3343 4376 Πατέρα
3373 4302 3557 4377 ἡρέμα
3587 4298 3856 4375 παραδει-

2202 4391 2351 4457 κνὺς,
2384 4387 2494 4445 δεῖν
2525 4388 2681 4465 ἔλεγε
2709 4395 2826 4451 τοῖς
2845 4412 2902 4445 τε
2934 4390 3124 4466 λόγοις
3152 4392 3241 4445 καὶ
3291 4387 3474 4466 ἔργοις
3524 4389 3859 4466 ἐμφιλοχω-

2204 4487 2314 4557 ρεῖν
2364 4485 2461 4535 τοῦ
2529 4481 2763 4553 Πατρὸς,
2822 4481 2911 4536 καὶ
2970 4481 3022 4536 ἐν
3080 4485 3197 4542 τοῖς
3274 4479 3476 4535 ἐκείνου
3552 4475 3853 4554 διατρίϐειν

449 4569 664 4633 tarent,
695 4566 929 4620 domum
963 4563 1075 4637 ipsi
1117 4564 1219 4619 ire.
1254 4563 1347 4619 Sic
1376 4563 1458 4619 eis
1488 4563 1584 4621 ille
1618 4571 1797 4621 totum
1835 4569 2093 4624 triduum

2207 4569 2491 4645 αἶρεῖσθαι.
2536 4569 2596 4624 Τί
2655 4566 2713 4623 δὲ
2759 4570 2866 4624 τῶν
2925 4567 3012 4623 ἐπὶ
3049 4576 3150 4645 γῆς
3199 4570 3382 4643 ἐκείνῳ
3450 4575 3694 4642 κρεῖττον
3752 4574 3855 4624 τοῦ

448 4654 668 4710 invisus
699 4653 827 4709 fuit.
863 4654 1069 4710 Postea
1101 4657 1292 4709 autem
1343 4669 1406 4708 se
1453 4653 1558 4721 eis,
1608 4653 1921 4711 admodum
1958 4656 2087 4712 fati-

447 4744 595 4817 gatis
623 4749 679 4799 et
707 4741 1061 4808 dolentibus,
1109 4741 1372 4798 exhibuit
1414 4743 1470 4796 in
1523 4742 1739 4815 templo
1771 4746 2001 4816 sedens,
2034 4751 2090 4803 et

449 4849 583 4889 cum
615 4832 947 4888 doctoribus
999 4832 1142 4903 legis
1190 4831 1515 4903 disputans.
1562 4831 1777 4895 Quibus
1807 4825 1924 4899 ille,
1956 4853 2088 4893 cum

450 4925 684 4993 propter
729 4922 1100 4992 quaestiones,
1149 4936 1297 4993 quas
1347 4935 1524 4975 novas
1572 4920 1917 4994 inveniebat,
1962 4931 2086 4981 tum

452 5010 603 5083 quod
634 5009 884 5066 obscura
913 5013 970 5064 et
1008 5008 1206 5065 abdita
1254 5009 1379 5064 loca
1415 5007 1721 5081 Scriptura
1752 5010 2088 5079 declararet,

450 5097 825 5156 admirationi
884 5098 1012 5154 fuit.
1069 5099 1154 5153 Ad
1212 5112 1344 5154 eum
1394 5113 1558 5167 porro
1602 5114 1734 5154 cum
1781 5109 1985 5172 mater,
2025 5120 2094 5160 ex

452 5188 657 5243 atl‘ectu
689 5204 756 5243 eo
787 5203 902 5258 quo
934 5185 1103 5243 unice
1152 5201 1283 5242 eum
1316 5186 1794 5259 prosequebatur,
1828 5190 2043 5248 diceret
2075 5210 2089 5250 :

2197 4661 2384 4735 ἱεροῦς
2438 4659 2537 4713 Καὶ
2596 4660 2624 4713 6
2684 4660 2779 4732 μὲν
2836 4657 3000 4732 ἄπῄει
3051 4660 3145 4715 τὸν
3203 4657 3415 4714 τέλειον
3474 4665 3576 4727 τῆς
3632 4658 3855 4727 ἡλικίας

2201 4747 2477 4822 ἀναμένων
2526 4749 2750 4823 χρόνον,
2783 4752 3000 4823 γονεῦσι
3046 4749 3112 4803 τὰ
3161 4748 3341 4803 εἰκόνα
3387 4747 3588 4821 νέμων,
3620 4748 3711 4801 καὶ
3751 4749 3850 4817 τήν

2198 4838 2577 4913 προσήκουσαν
2638 4836 2917 4913 ὑποταγὴν
2968 4837 3156 4899 αὐτοῖς
3210 4835 3614 4909 ἐνδεικνύμενος
3648 4856 3662 4869 ο
3731 4837 3856 4909 ἀρε-

2196 4930 2316 4986 ταῖς
2362 4923 2563 4986 ένθὲοις
2611 4923 2700 4980 καὶ
2753 4930 2884 4980 πᾶσι
2931 4922 3242 5000 διαπρέπων
3315 4923 3500 5002 ἔργοις
3567 4924 3853 5003 ὑπερφυῶς

2199 5014 2464 5089 ἀγαθοῖς·
2530 5011 2700 5088 μηδὲν
2764 5016 2949 5088 μέντοι
3007 5016 3262 5090 πράσσων
3331 5018 3436 5069 τῶν
3511 5012 3853 5087 παραδόξων,

2202 5103 2366 5182 ἄχρις
2420 5103 2481 5158 οὗ
2528 5105 2853 5180 τριακοστὸς
2895 5103 3133 5167 ἐνιαυτὸς
3178 5103 3323 5175 αότῷ
3352 5100 3462 5174 ἤδη
3496 5101 3852 5161 συνετελεῖτο.

2201 5192 2379 5251 Ἀλλὰ
2410 5191 2534 5267 περὶ
2571 5193 2665 5266 μὲν
2700 5195 2909 5249 τούτων
2944 5194 3142 5257 οὕτως.

453 5278 568 5335 Cur
609 5276 721 5333 hoc
761 5277 867 5345 sic,
926 5274 1034 5348 illi,
1084 5275 1291 5344 fecisti,
1344 5279 1409 5332 ut
1456 5282 1684 5332 tantum
1735 5281 2076 5349 parentibus
2124 5284 2379 5341 dolorem
2430 5283 2822 5342 conciliares?
2860 5284 2950 5341 Sic
2999 5287 3155 5342 enim
3206 5283 3304 5339 illa
3351 5282 3516 5340 simul
3571 5284 3702 5355 ejus
3758 5285 3851 5357 qui

528 5419 603 5491 (ι)
633 5441 662 5471 ‹‹
696 5419 951 5495 Herodes
1005 5419 1342 5495 Pharismos,
1396 5420 1536 5495 quia
1594 5420 1770 5477 finem
1816 5425 1975 5495 regni
2007 5426 2100 5482 sui

455 5490 662 5546 adesse
691 5491 1098 5562 praedixerunt,
1152 5493 1278 5549 neci
1308 5492 1488 5565 dedit,
1520 5490 2101 5565 omnemque'uxoris

457 5578 577 5619 sua!
607 5565 1009 5639 cognationem
1035 5566 1183 5620 ferro
1214 5563 1471 5621 sustulit.
1495 5584 1525 5614 »
1554 5563 1814 5639 (Josepb.
1838 5565 1939 5623 lib.
1962 5586 2099 5639 xvn,

457 5648 589 5706 cap.
618 5632 699 5705 3.)
733 5632 836 5689 Ubi
868 5636 1249 5692 Innocentum
1292 5649 1520 5707 quoque
1560 5632 1776 5692 caedem
1816 5632 2102 5709 perstrinL

2211 5442 2346 5500 gere
2396 5427 2669 5552 .tvidelur.
2749 5428 3062 5487 Pheroram
3140 5420 3378 5487 fratrem
3438 5428 3595 5484 idem
3638 5445 3858 5488 veneno

2212 5515 2409 5552 necavn
2445 5541 2458 5552 .

2212 5515 2614 5645 ιῗθῗῇνέίίκροις
2669 5566 2867 5645 δρυῶν,
2913 5588 3041 5645 qua:
3100 5573 3160 5645 in
3215 5569 3550 5645 ΕνιιιιειιιίοΔ
3581 5571 3856 5629 dicuntur

2211 5638 2244 5694 ἀ
2280 5570 2614 5695 (2ὲἈκροις
2669 5570 2867 5657 δρυῷν,
2913 5588 3041 5658 qua:
3101 5573 3160 5630 in
3215 5570 3526 5644 Evangelia
3581 5571 3757 5629 dicun

2246 5638 2337 5715 κρι
2375 5657 2449 5710 ες,
2481 5658 2596 5713 quo
2629 5660 2866 5702 nomine
2888 5651 3064 5703 etiam
3097 5644 3336 5702 locusta
3365 5640 3759 5716 appellantur.
