4096 6284
238 333 353 395 δτι
1279 327 1902 391 ΕΟΟΕΕΞΙΛΒΤΙΟᾸΞ

2041 327 2336 394 ΞΤΟΒΙΙΕ
2382 331 2526 392 LIB.
2576 331 2627 392 Ι.
3338 356 3349 365 ·
3536 332 3659 392 678

242 470 572 542 putabatur
605 483 747 535 esse,
789 466 973 540 patris
1022 465 1336 522 meminit:
1376 464 1474 523 ille
1521 465 1782 523 nativum
1832 481 2293 538 germanumque
2339 469 2563 538 patrem
2615 465 2835 521 sensim
2885 466 3342 522 demonstrans:
3384 470 3649 537 oportere

242 577 304 617 se
352 560 659 632 respondit
709 558 900 614 verbis
940 556 1329 629 operibusque
1381 555 1565 611 Patris
1607 572 1812 612 vacare
1854 560 1910 611 et
1953 556 2308 623 incumbere,
2362 560 2536 628 atque
2584 556 2641 611 in
2687 556 2804 611 illis
2853 556 3043 627 potius
3081 572 3261 627 quam
3320 555 3451 613 aliis
3507 555 3650 612 locis

241 650 505 719 versari;
558 648 704 704 nihil
746 647 960 719 quippe
1009 645 1163 702 illius
1203 646 1263 702 in
1313 646 1478 702 terris
1523 646 1741 715 templo
1796 661 1924 702 esse
1980 649 2365 717 praestantius.
2407 646 2498 700 Sic
2555 644 2652 700 ille
2703 654 2820 700 tum
2870 644 3031 714 abiit,
3083 645 3391 717 perfectam
3448 661 3654 717 exspe-

243 745 412 796 ctans
443 742 676 794 aetatem
715 754 727 791 :
762 736 1120 808 parentibus,
1152 752 1278 808 quas
1308 736 1569 802 decebat,
1619 735 1901 803 tribuens,
1950 739 2008 790 et
2049 739 2470 807 competentem
2522 733 2637 789 illis
2679 734 3102 804 subjectionem
3133 733 3435 804 exhibens,
3466 735 3653 790 virtu-

244 830 524 900 libusque
597 827 810 883 divinis
874 827 1148 882 omnibus
1214 825 1604 899 operibusque
1663 825 1910 881 miriﬁce
1978 825 2224 896 pollens,
2291 823 2437 879 nihil
2508 829 2699 880 tamen
2769 839 2897 895 quae
2963 824 3290 896 opinionem
3362 824 3660 897 iidemque

248 923 624 992 superarent,
658 919 837 975 edens
870 917 1306 984 miraculorum,
1338 919 1521 973 donec
1551 916 1912 973 tricesimum
1943 916 2197 987 expleret
2225 931 2469 972 annum.
2504 917 2571 971 Et
2601 916 2672 970 de
2704 915 2791 971 his
2822 915 3059 987 quidem
3090 916 3252 971 satis.

882 1029 1137 1081 ΚΕΦΔΛ.
1183 1025 1282 1083 ΙΕ’.

254 1139 348 1196 Ὡς
383 1134 411 1187 ὁ
443 1137 712 1208 πρῶτος
758 1131 1059 1258 Ηῖώδης,
1093 1131 1402 1205 θεηλάτῳ
1432 1130 1727 1258 πληγδεὶς
1759 1132 1910 1205 μάσ-

323 1204 778 1258 τιγι.Βιαίως
845 1203 1269 1258 ξέόὀηξετὴν
1300 1205 1549 1258 ὡυγῆν.
1647 1205 1910 1258 ιήγησις

323 1203 510 1298 ⁸ξιγιαέ
543 1204 778 1298 βιῖαίως
1152 1203 1549 1298 τὴνηψυχῇν,
1596 1203 1912 1298 διήηγησηις

325 1274 554 1352 ἐκτῆς
596 1274 1174 1346 ἑπτακαιδεκάτης
1216 1274 1348 1330 τῶν
1398 1274 1909 1352 ’Ἀρχαιολόγῶν

328 1351 725 1419 Ἰωσήπου.

326 1452 590 1531 Ἡρώδης
640 1451 697 1509 δὲ
754 1461 854 1524 τῆς
900 1454 1102 1516 οἰκείας
1154 1454 1343 1527 μανίας
1404 1452 1737 1528 δρεπόμενος
1784 1454 1913 1515 τοὺς

259 1543 530 1618 καρποὺς,
565 1542 694 1598 ὅλον
722 1544 783 1597 τὸ
814 1548 977 1616 σῶμα
1007 1542 1262 1616 θεηλάτῳ
1320 1544 1542 1620 μάστιγι
1589 1542 1913 1614 πλήττεται,

259 1634 348 1688 καὶ
388 1633 564 1695 κακὸς
620 1637 801 1696 κακῶς
843 1631 1230 1710 διαφθείρεται,
1269 1638 1556 1712 τετραχῶς
1605 1632 1771 1687 αὖτοῦ
1815 1634 1913 1701 τῆς

267 1721 555 1797 βασιλείας
615 1721 1026 1798 διαιρεθείσης⁶
1086 1722 1343 1797 τέσσαρες
1401 1721 1449 1777 δ’
1518 1726 1652 1791 ἦσαν
1726 1720 1913 1784 παῖδες

264 1811 443 1884 αὐτῷ’
512 1814 543 1867 ὁ
597 1815 692 1885 μὲν
741 1811 834 1867 οὖν
886 1811 1209 1887 Ἀρχέλαος,
1257 1819 1363 1881 τῆσ
1407 1809 1671 1873 Ἰουδαίας
1731 1811 1917 1887 ἄρχων

264 1902 601 1955 καθίστατο·
660 1900 882 1976 Ἡρώδῃ
948 1898 1003 1956 δὲ
1059 1904 1093 1971 ἡ
1144 1899 1412 1956 Γαλιλαία
1477 1905 1913 1974 προσεκυροῦτο·

272 1989 558 2045 Φίλιππον
614 1987 673 2045 δὲ
728 1993 763 2059 ἡ
824 1990 1093 2065 Ἰτουραία
1171 1992 1305 2063 μετα
1357 1996 1458 2060 τῆς
1512 1987 1919 2065 Τραχωνίτιδος

274 2079 425 2153 εἶχε⁶
477 2078 564 2151 τῷ
618 2099 677 2153 γε
728 2081 836 2151 μην
889 2081 1129 2152 τετάρτῳ
1182 2080 1415 2151 Λυσανίᾳ
1457 2080 1492 2149 ἡ
1527 2074 1799 2149 Ἀϐιληνή
1853 2080 1917 2133 τὸ

272 2168 598 2243 ὑποχείριον
627 2170 717 2237 ἦν.
769 2170 856 2229 Ὠς
900 2173 1027 2242 γοῦν
1128 2170 1246 2223 θεία
1295 2165 1419 2238 δίκη
1472 2168 1606 2241 μετὰ
1651 2170 1750 2238 τὴν
1795 2165 1916 2222 ἄδι-

272 2278 365 2312 κον
401 2258 720 2335 μιαιφονίαν
746 2258 837 2312 τὸν
878 2258 1167 2335 Θεομάχον
1218 2256 1575 2331 μετελήλυθε,
1620 2255 1917 2331 προοίμιον

278 2348 348 2408 ὡς
392 2345 453 2403 ἄν
508 2369 598 2411 τις
648 2346 795 2403 εἴποι
836 2346 946 2403 τῶν
1004 2348 1270 2422 ἐσομένων
1326 2346 1494 2403 ἐκεῖσε
1548 2351 1727 2402 κακῶν
1781 2347 1913 2401 ὑπο-

280 2436 564 2509 φαίνουσα,
626 2437 774 2507 ἄξιον
836 2436 1090 2495 διελθεῖν.
1141 2439 1245 2500 Τάς
1319 2438 1412 2510 μὲν
1464 2436 1555 2493 οὖν
1604 2439 1722 2492 κατ’
1769 2436 1916 2491 οἶκον

282 2526 425 2599 αὐτῷ
479 2525 837 2604 δυσπραγίας,
887 2528 983 2591 τάς
1023 2529 1070 2583 τ’
1116 2528 1177 2583 ἐκ
1221 2530 1473 2603 γυναικὸς
1530 2528 1619 2583 καὶ
1677 2533 1785 2583 τῶν
1839 2530 1923 2586 τέ-

282 2638 440 2685 κνων,
491 2616 571 2673 ἔτι
633 2616 690 2673 δὲ
740 2620 826 2673 καὶ
877 2623 983 2674 τῶν
1033 2622 1114 2691 τῷ
1162 2619 1300 2697 γένει
1348 2619 1732 2694 προσηκόντων
1784 2643 1917 2694 συμι

290 2701 450 2768 ϐάσας
482 2707 630 2780 αὐτῷ
679 2709 965 2784 συμφορὰς
1012 2708 1103 2763 καὶ
1147 2708 1479 2785 μιαιφονίας,
1528 2710 1618 2763 καὶ
1664 2712 1925 2785 τραγικὴν

295 2794 490 2849 ἅπασαν
537 2794 969 2872 δραματουργίαν
1021 2796 1073 2853 ἔν
1125 2794 1358 2872 δευτέρῳ
1393 2798 1651 2863 τιθείσας,
1686 2798 1747 2861 ἃς
1780 2799 1922 2874 λαμ-

298 2887 438 2955 πρῶς
474 2886 500 2939 ό
550 2884 865 2964 ιριλαλῆθης
913 2886 1179 2958 Ἰώσηπος
1229 2886 1280 2941 ἐν
1321 2891 1388 2960 τῇ
1428 2890 1544 2943 κατ’
1585 2888 1745 2943 αὐτὸν
1793 2891 1925 2945 Ἰου-

296 2966 443 3046 δαϊκῇ
486 2970 817 3044 διελήλυθςν
848 2975 1085 3045 ἱστοσίᾳ,
1139 2977 1201 3030 τό
1251 2997 1309 3051 γε
1360 2981 1447 3030 νῦν
1498 2972 1628 3055 ἔχον
1677 2975 1923 3048 διεξιέναι

290 3059 349 3114 οὗ
376 3061 597 3134 πρέπων
652 3065 810 3136 οἶμαι
858 3066 1084 3139 καιρόςο
1137 3066 1285 3127 ὅπως
1337 3063 1393 3120 δὲ
1441 3067 1732 3141 θεομαχεῖν
1782 3068 1923 3142 r331}-

290 3149 443 3223 μένος
496 3150 751 3224 θεηλάτῳ
808 3150 1046 3228 πληγείς
1107 3155 1324 3229 μάστιγι
1368 3152 1419 3227 ἒξ
1468 3155 1771 3230 ἀνθρὼπων
1815 3155 1927 3231 έγέ-

284 3258 419 3305 νετο,
452 3236 663 3295 δίκαιον
716 3241 925 3304 πάντως
974 3242 1064 3297 καὶ
1114 3244 1294 3298 αὐτῶν
1337 3242 1631 3299 ἐπακοῦσαι
1675 3249 1781 3299 τῶν
1828 3249 1925 3300 τοῦ

286 3327 630 3403 ξυγγραφέως
687 3330 973 3404 ῥημάτων,
1029 3331 1082 3386 ἐν
1139 3330 1576 3407 ἑπτακαιδεκάτῳ
1645 3341 1746 3403 τῆς
1793 3337 1927 3406 Ἀρ-

288 3415 616 3492 χαιολογίας
673 3419 771 3485 τήν
826 3422 921 3473 τοῦ
973 3419 1097 3494 βίου
1141 3419 1319 3493 τούτῳ
1365 3424 1741 3497 καταστροφὴν
1782 3421 1925 3477 οὕτω

288 3500 580 3577 διεξιὸνοος
607 3526 618 3537 ·
658 3530 686 3559 ‹‹
715 3504 932 3582 Ἡρώδῃ
966 3505 1021 3562 δὲ
1055 3510 1315 3580 μειζόνως
1345 3512 1379 3578 ἡ
1418 3511 1572 3571 νόσος
1622 3508 1928 3584 ἐνεπικραί-

287 3615 423 3665 νετο,
483 3592 644 3666 δίκην
700 3597 773 3649 ὧν
831 3597 1208 3671 παρενόμησεν
1265 3598 1701 3674 ἐκπρασσομένου
1768 3606 1923 3657 Θεοῦ.

291 3687 399 3757 Πῦρ
436 3684 535 3757 μὲν
581 3686 684 3758 γάρ
734 3684 978 3757 μαλακὸν
1024 3687 1113 3756 ἧν,
1164 3686 1291 3743 οὐδὲ
1340 3687 1555 3756 πολλὴν
1608 3691 1921 3760 ἀποσημαῖ-

290 3792 375 3825 νον
402 3778 522 3835 τοῖς
554 3774 935 3852 ἐπαφωμένοις
966 3778 1063 3845 τήν
1098 3775 1398 3852 φλόγωσιν,
1434 3778 1565 3846 ὅσην
1611 3782 1726 3839 τοῖς
1778 3778 1926 3841 ἐντὸς

288 3861 595 3934 προσετίθει
636 3864 736 3931 τὴν
785 3864 1021 3920 κάκωσιν
1050 3886 1062 3899 ·
1111 3864 1367 3941 ἐπιθυμία
1416 3865 1471 3923 δὲ
1520 3865 1665 3937 δεινὴ
1702 3873 1797 3922 τοῦ
1838 3865 1930 3922 δέ-

288 3950 470 4020 ξασθαί
511 3970 567 4004 τι
605 3950 697 4006 ἀπ’
736 3951 901 4006 αὐτοῦ
928 3971 940 3985 ⁸
985 3953 1046 4008 οὗ
1085 3955 1184 4030 γὰρ
1226 3956 1291 4024 ἧν
1338 3956 1412 4027 μή
1456 3956 1562 4031 οὐχ
1603 3956 1889 4030 ὑπουργεῖν
1916 3978 1927 3988 ·

290 4038 376 4092 καὶ
415 4037 655 4102 ἕλκωσις
700 4045 809 4095 τῶν
870 4042 1120 4117 ἐντέρων,
1176 4046 1265 4097 καὶ
1314 4044 1549 4115 μάλιστα
1596 4050 1691 4099 τοῦ
1744 4044 1932 4099 κώλου

288 4124 451 4182 δειναὶ
509 4126 842 4204 ἀλγηδόνεςο
887 4132 975 4186 καὶ
1028 4131 1249 4208 φλέγμα
1302 4134 1460 4209 ὑγρὸν
1512 4134 1633 4206 περὶ
1666 4134 1792 4195 τοὺς
1840 4134 1936 4188 πό-

288 4213 379 4278 δες
414 4215 506 4270 καὶ
540 4213 755 4293 διαυγές
783 4238 796 4249 ·
838 4219 1197 4295 παραπλησία
1244 4218 1299 4275 δὲ
1349 4223 1439 4276 καὶ
1484 4223 1607 4296 περὶ
1658 4223 1718 4277 τὸ
1763 4223 1932 4296 ἦτρον

287 4305 525 4366 κάκωσις
556 4306 623 4374 ἦν
649 4326 660 4339 ·
703 4308 793 4362 καὶ
838 4311 946 4381 μὴν
986 4310 1074 4364 καὶ
1112 4315 1209 4365 τοῦ
1256 4308 1470 4365 αἰδοίου
1522 4315 1689 4385 σῆψις
1720 4312 1938 4382 σκώλη-

289 4414 384 4455 κας
442 4393 749 4467 ἐμποιοῦσα
784 4416 796 4429 ·
856 4398 1164 4471 πνεύματός
1221 4420 1278 4455 τε
1350 4399 1508 4474 ὀρθία
1554 4395 1785 4471 ἔντασις,
1846 4399 1939 4456 καί

292 4481 430 4551 αὐτή
466 4482 590 4538 λίαν
622 4481 799 4554 ἀηδὴς
841 4484 1110 4561 ἀχθηδόνι
1153 4509 1211 4543 τε
1247 4489 1345 4557 τῆς
1395 4489 1676 4565 ἀποφορᾶς
1726 4489 1814 4544 καὶ
1860 4494 1940 4563 τῷ

292 4575 482 4643 πυκνῷ
512 4575 609 4625 τοῦ
648 4569 956 4645 ἄσθματος·
1011 4578 1261 4649 σπασμός
1306 4596 1363 4630 τε
1409 4578 1534 4650 περὶ
1584 4584 1685 4631 πᾶν
1736 4579 1800 4646 ἦν
1840 4578 1938 4650 μέο

298 4658 417 4725 λος,
451 4659 611 4733 ἰσχὺν
651 4659 757 4735 οὐχ
796 4660 1148 4735 ὑπομενητὴν
1181 4666 1625 4738 προστιθέμενος.
1679 4664 1938 4742 Ἐλέγετο

296 4752 427 4822 γοῦν
483 4748 588 4802 ὑπὸ
640 4753 750 4804 τῶν
806 4752 1144 4821 θειαζόντων,
1203 4753 1290 4809 καὶ
1341 4755 1421 4815 οἷς
1479 4758 1647 4809 ταῦτα
1693 4775 1941 4826 προαπο-

297 4836 625 4911 φθέγγεσθαι
658 4838 816 4914 socia
845 4852 1157 4914 προῦκειτο,
1187 4845 1387 4912 ποινὴν
1429 4848 1525 4898 τοῦ
1569 4842 1785 4899 πολλοῦ
1816 4841 1944 4898 δυσ-

297 4920 492 4989 σεϐοῦς
544 4928 572 4981 ὁ
616 4929 746 4991 Θεὸς
792 4930 1202 5001 εἴσπράττεσθαι
1246 4933 1393 5006 παρὰ
1432 4937 1528 4987 τοῦ
1588 4932 1878 5008 βασιλέως.
1915 4956 1941 4987 ι

297 5021 472 5071 Ταῦτα
534 5019 630 5090 μὶν
682 5017 733 5073 ἒν
778 5024 846 5094 τῇ
894 5018 1203 5095 δηλωθείσῃ
1244 5025 1426 5100 γραφῇ
1473 5023 1945 5099 παρασημαίνεται

1934 1028 1988 1093 Α

2574 1023 2677 1078 80
2716 1021 2941 1079 CAPUT
2978 1022 3103 1080 XV.

2025 1133 2086 1188 Ut
2116 1130 2346 1187 Herodes
2373 1131 2591 1202 primus
2620 1132 2868 1186 immissa
2895 1131 3163 1187 divinitus
3181 1132 3365 1203 plaga,
3396 1133 3663 1190 violenter

2091 1211 2343 1258 mortuus
2374 1203 2444 1258 sit
2462 1220 2483 1266 ;
2514 1203 2750 1258 historia
2789 1219 2859 1257 ex
2888 1203 3090 1258 decimo
3119 1205 3345 1274 septimo
3375 1204 3514 1260 libro
3545 1207 3662 1261 An-

2095 1274 2414 1347 tiquitatum
2441 1274 2659 1346 Iosephi
2684 1284 2959 1346 excerpta.

2096 1459 2349 1515 Herodes
2392 1475 2522 1515 vero
2568 1460 2779 1515 furoris
2822 1458 2910 1514 sui
2962 1459 3288 1531 percipiens
3331 1460 3578 1527 fructus,
3605 1458 3665 1515 in

2025 1552 2144 1604 toto
2190 1564 2429 1620 corpore
2479 1548 2757 1603 divinitus
2798 1549 3269 1618 provenientibus
3309 1548 3494 1621 plagis
3526 1546 3667 1605 afﬂi-

2025 1638 2201 1709 gitur,
2229 1643 2286 1693 et
2315 1636 2466 1693 male
2500 1638 2665 1709 perit.
2711 1638 2893 1708 Hujus
2926 1654 3167 1709 regnum
3202 1641 3399 1710 postea
3429 1640 3487 1693 in
3519 1654 3670 1708 qua-

2027 1732 2155 1783 tuor
2213 1731 2404 1797 parles
2462 1727 2722 1782 divinum
2755 1731 2863 1782 est.
2924 1727 3181 1790 Quatuor
3229 1727 3384 1782 enim
3430 1726 3669 1800 reliquit

2027 1815 2195 1870 ﬁlios.
2225 1814 2623 1870 EtArchelaus
2654 1816 2887 1887 quidem
2912 1816 3124 1872 Judaaaa
3159 1815 3428 1887 princeps
3458 1816 3669 1873 consti-

2024 1909 2190 1961 tutus
2241 1909 2351 1973 est,
2397 1904 2603 1960 Herodi
2636 1903 2875 1962 Galilaea
2922 1907 3201 1961 attributa
3231 1906 3333 1978 (1).
3365 1905 3668 1979 Philippus

2027 2011 2196 2066 porro
2226 1996 2488 2049 Itura-am
2537 1999 2593 2049 et
2622 1994 3090 2050 Trachonitidem
3140 1996 3432 2067 regionem
3464 2010 3667 2051 conse-

2025 2087 2198 2140 cutus
2247 2088 2373 2151 est;
2408 2092 2611 2155 quarto
2659 2100 2813 2150 vero,
2867 2084 3123 2156 Lysania:
3155 2083 3399 2153 scilicet,
3429 2084 3674 2140 Abilene

2027 2173 2255 2243 obtigit.
2292 2173 2617 2239 Quomodo,
2640 2178 2835 2228 autem
2869 2177 2999 2244 post
3030 2173 3477 2241 injustissimam
3510 2172 3673 2229 illam

2027 2260 2265 2329 caadem,
2298 2261 2494 2315 divina
2526 2261 2779 2318 vindicta
2822 2262 3109 2317 Herodem
3147 2264 3297 2317 hunc
3328 2262 3425 2335 (2),
3459 2261 3674 2318 bellum

2031 2350 2140 2405 Deo
2201 2356 2525 2406 moventem
2586 2350 2662 2405 sit
2712 2350 2847 2415 ulta,
2897 2350 3061 2422 quasi
3113 2351 3456 2421 prommium
3490 2351 3670 2422 (quod

2028 2436 2263 2510 dicitur)
2296 2442 2624 2495 futurorum
2658 2441 2941 2496 malorum
2988 2440 3286 2508 exhibens,
3338 2458 3523 2514 operas
3557 2455 3676 2511 pre°

2028 2528 2175 2582 tium
2210 2533 2294 2583 est
2322 2544 2796 2585 commemorare.
2848 2532 3032 2601 Atque
3070 2529 3343 2602 equidem
3390 2528 3677 2585 domesti—

2032 2635 2131 2675 cas
2186 2621 2315 2689 ejus
2347 2620 2731 2687 calamitates,
2784 2626 2839 2675 et
2887 2620 2988 2692 qui
3030 2620 3081 2676 ei
3129 2636 3194 2675 ex
3229 2637 3423 2686 uxore,
3458 2619 3680 2689 liberis,

2033 2707 2230 2779 eisque
2260 2709 2362 2779 qui
2408 2724 2617 2780 genere
2667 2708 2716 2763 ei
2772 2707 3079 2779 pr0pinqui
3130 2709 3388 2779 fuerunt,
3420 2708 3681 2764 accidere

2033 2815 2218 2866 Casus,
2252 2799 2681 2870 sanguinariae,
2708 2799 3010 2872 caedesque
3036 2800 3304 2867 nefarias,
3331 2816 3459 2871 qua
3478 2814 3681 2856 omnes

2034 2889 2297 2944 omnium
2346 2889 2753 2961 tragoediarum
2809 2890 3063 2944 actiones
3107 2888 3278 2961 longe
3331 2894 3461 2962 post
3502 2905 3565 2945 se
3596 2904 3680 2944 re-

2032 2978 2322 3049 linquant,
2376 2995 2506 3033 cum
2556 2995 2654 3033 eas
2701 2979 3021 3034 luculenter
3049 2979 3307 3035 veritatis
3334 2982 3559 3035 amator
3586 2977 3680 3034 J0-

2035 3067 2253 3137 sephus
2279 3067 2335 3122 in
2356 3066 2597 3122 Judaicu
2615 3073 2935 3139 temporum
2966 3083 3209 3122 suorum
3234 3066 3482 3123 historia
3513 3082 3680 3123 com-

2036 3155 2390 3223 memorarit,
2449 3156 2507 3210 in
2566 3155 2871 3228 praesentia
2922 3173 3207 3228 exponere
3265 3157 3678 3229 tempestivum

2034 3252 2093 3301 et
2124 3246 2497 3301 commodum
2534 3262 2646 3300 non
2681 3254 2784 3301 est.
2810 3245 2881 3301 Ut
2904 3262 3033 3300 vero
3058 3245 3276 3317 impius
3298 3245 3394 3302 ille
3412 3254 3683 3318 suscepto

2036 3336 2311 3390 adversus
2348 3337 2525 3389 Deum
2561 3333 2728 3403 bello,
2762 3335 2958 3389 divino
2991 3333 3276 3391 multatus
3316 3335 3567 3409 ﬂagello,
3615 3352 3685 3391 ex

2037 3424 2376 3479 hominibus
2406 3424 2733 3488 excesserit,
2777 3439 3005 3492 aequum
3038 3424 3277 3479 omnino
3310 3428 3395 3479 est
3423 3440 3490 3478 ex
3523 3424 3677 3493 ejus-

2035 3514 2166 3568 dem
2220 3512 2480 3569 historici
2532 3529 2876 3584 cognoscere
2923 3512 3159 3569 verbis:
3215 3515 3315 3583 qui
3360 3513 3418 3568 in
3451 3512 3676 3571 decimo

2037 3602 2283 3673 septimo
2340 3602 2743 3673 Antiquitatum
2804 3601 2970 3667 libro,
3034 3602 3306 3657 ultimum
3365 3603 3489 3657 vitae
3547 3602 3676 3673 ejus

2041 3698 2234 3747 aetum
2286 3693 2363 3746 ita
2412 3691 2821 3762 prosequitur:
2870 3689 3140 3747 «Herodi
3189 3696 3379 3747 autem
3443 3691 3676 3749 morbus

2042 3780 2216 3836 etiam
2265 3786 2440 3850 atque
2487 3780 2656 3835 etiam
2708 3779 3122 3851 adaugebatur,
3159 3779 3473 3836 vindictam
3513 3784 3685 3852 atque

2039 3870 2390 3941 supplicium
2444 3886 2545 3940 pro
2599 3869 2833 3940 ﬂagitiis
2885 3868 3320 3941 sceleribusque
3349 3872 3479 3942 ejus
3515 3872 3585 3928 ab
3618 3886 3685 3927 eo

2041 3963 2307 4015 sumente
2364 3958 2499 4013 Deo.
2564 3958 2773 4013 Lentus
2827 3959 2877 4013 ei
2938 3960 3121 4013 inerat
3177 3959 3353 4031 ignis,
3394 3975 3510 4015 non
3569 3966 3685 4015 tam

2044 4065 2312 4118 magnam
2363 4048 2859 4104 contreetantibus
2904 4048 3223 4103 ostendens
3277 4048 3688 4104 inﬂammatio-

2044 4155 2197 4204 nem,
2231 4154 2409 4209 quam
2458 4137 2813 4192 intrinsecus
2870 4151 3081 4192 saevam
3130 4137 3392 4193 efﬁciens
3434 4137 3689 4194 vexatio-

2046 4244 2198 4282 nem.
2233 4226 2314 4281 Αἱ)
2346 4225 2454 4282 hoc
2486 4226 2637 4281 malo
2687 4224 2877 4297 gravis
2927 4224 3199 4281 sumendi
3250 4225 3364 4280 cibi
3391 4227 3690 4297 provenie-

2048 4318 2145 4370 bat
2175 4315 2482 4385 cupiditas,
2536 4330 2709 4386 quem
2758 4313 2992 4385 quidem
3047 4329 3160 4369 non
3206 4312 3417 4370 licebat
3455 4314 3539 4369 illi
3573 4331 3686 4370 non

2046 4403 2515 4460 subministrare.
2540 4402 2857 4458 Accedebat
2885 4401 3297 4458 intestinorum
3321 4403 3691 4467 exulceratio,

2050 4493 2541 4564 potissimumque
2590 4492 2699 4547 coli
2750 4507 2911 4546 acres
2955 4494 3012 4547 et
3041 4491 3232 4547 acerbi
3267 4477 3510 4546 dolores.
3548 4491 3690 4546 Item

2049 4580 2436 4636 inflammatio
2486 4579 2746 4646 humida,
2801 4578 2971 4649 quasi
3004 4577 3300 4651 pellucens
3331 4577 3390 4633 in
3424 4577 3692 4650 pedibus.

2054 4672 2165 4723 Nec
2195 4668 2481 4723 absimilis
2512 4667 2568 4721 in
2614 4668 2729 4722 imo
2779 4671 2977 4723 ventre
3023 4667 3289 4723 exstabat
3317 4666 3693 4723 excruciatio.

2057 4759 2332 4811 Praeterea
2389 4761 2447 4811 et
2505 4755 2908 4828 pudendorum
2968 4756 3234 4827 putredo,
3288 4770 3510 4811 vermes
3568 4771 3695 4827 pro-

2053 4862 2275 4902 creans.
2310 4845 2454 4900 Item
2505 4845 2747 4916 spiritus
2796 4845 2976 4900 ardua
3024 4849 3082 4899 et
3130 4843 3389 4899 difficilis
3420 4844 3697 4909 intensio,

2054 4934 2301 4991 multum
2364 4933 2639 4989 molestiis
2697 4933 3147 5004 acerbitatisque
3200 4932 3465 5002 ati’erens,
3516 4934 3696 5003 gravi-

2056 5031 2168 5080 tate
2224 5032 2279 5080 et
2328 5024 2520 5080 dolere
2566 5021 2994 5093 respirationis,
3042 5020 3479 5093 frequentiaque
3522 5022 3702 5078 anhe-

300 5105 328 5158 ὁ
367 5106 640 5176 Ἰώσηπος
673 5127 687 5142 ·
726 5107 871 5164 ἀλλά
905 5112 1013 5183 μὴν
1044 5112 1132 5166 καὶ
1174 5110 1227 5165 ἐν
1267 5115 1336 5186 τῇ
1381 5109 1603 5183 δευτέρᾳ
1639 5115 1747 5168 τῶν
1795 5113 1927 5167 toto-

2053 5114 2216 5169 litus.
2245 5112 2336 5168 8|
2383 5113 2624 5182 insuper
2672 5110 2826 5181 rigor
2873 5114 2931 5165 et
2976 5109 3259 5165 distensio
3300 5110 3696 5165 membrorum

301 5198 431 5268 ριῶν
472 5202 575 5264 τῆς
631 5195 889 5262 άλώσεως
932 5201 1000 5254 τά
1055 5199 1413 5275 παραπλήσια
1461 5199 1794 5276 διεξέρχεται
1841 5198 1949 5255 ὧδέ

299 5302 419 5343 πως
467 5286 690 5362 γράφων
714 5305 727 5318 ·
776 5311 804 5338 ‹‹
837 5290 1020 5344 Ἔνθεν
1071 5289 1236 5343 αὐτοῦ
1281 5290 1345 5345 τὸ
1394 5294 1555 5363 σῶμα
1585 5296 1687 5346 πᾶν
1716 5293 1751 5360 ἡ
1785 5292 1946 5353 νόσος

305 5368 662 5444 διαλαϐοῦσα,
721 5376 998 5439 ποικίλοις
1056 5376 1277 5432 πάθεσιν
1337 5378 1635 5454 ἐμερίζετο.
1715 5382 1951 5456 "opaco;

384 5576 461 5653 (ξ)
492 5577 743 5653 Herodes
771 5579 886 5635 ista
916 5579 1092 5636 etiam
1123 5578 1363 5653 Antipas
1394 5581 1607 5653 dictus.

383 5648 464 5717 (2)
494 5652 746 5706 Herodes
777 5655 986 5723 praeter
1034 5667 1239 5709 uxores
1260 5648 1448 5724 'alias,
1482 5652 1859 5711 Mariammen
1892 5669 1959 5708 ex

2059 5200 2346 5270 omnium,
2370 5217 2503 5255 cum
2537 5198 2904 5255 vehementia
2925 5202 2980 5254 et
3000 5197 3053 5251 vi
3085 5195 3456 5254 intolerabili.
3483 5198 3701 5270 itaque,

2062 5292 2161 5364 qui
2195 5289 2445 5347 Numine
2467 5286 2756 5352 aﬂlantur,
2772 5286 3212 5357 divine,quique
3237 5284 3545 5357 prrsdicere
3567 5286 3704 5342 talia

2064 5397 2166 5452 pro
2185 5379 2470 5451 sapientia
2490 5377 2725 5444 habent,
2763 5377 2944 5432 Deum
2970 5390 3199 5448 pmnam
3223 5393 3256 5432 a
3276 5391 3407 5448 rege
3429 5376 3503 5432 ob
3521 5376 3703 5447 pluri~

2069 5579 2523 5649 fratreneptim,
2582 5583 2635 5632 et
2692 5575 2929 5649 alterum
2972 5572 3192 5649 neptim
3236 5571 3708 5649 filiamLSimonis

2070 5643 2373 5722 pontificis
2388 5643 2734 5715 Samariten,
2767 5647 2826 5703 in
2858 5643 3230 5704 matrimonio
3261 5643 3482 5702 habuit.
