4096 6284
447 287 565 348 679

1738 282 2163 345 NICEPHOBI
2206 287 2550 349 CALLISTI

3727 293 3854 354 680

439 437 533 476 ma
564 420 688 488 ejus
717 418 897 489 impie
932 417 1100 482 facta,
1147 430 1379 470 sumere
1422 415 1856 470 renuntiabant.
1891 437 1921 465 ››
1956 417 2078 472 Hec

2199 419 2294 490 μὲν
2345 417 2448 492 γὰρ
2494 419 2558 487 ἧν
2610 419 2672 474 οὗ
2725 415 2971 493 λάϐροςο
3020 421 3268 494 κνησμὸς
3319 419 3364 476 δ’
3419 421 3696 499 ἀφόρητος
3742 430 3850 492 τῆς

435 509 758 581 quidemeo
779 522 895 576 quo
923 504 1176 559 diximus
1215 503 1339 557 loco
1371 503 1610 559 adnotat
1628 502 1942 575 Josephus.
1978 505 2092 560 Sed

437 599 594 654 enim
629 597 683 651 in
719 597 969 651 secundo
1001 609 1229 664 quoque
1277 592 1424 647 libro
1455 593 1602 648 Belli
1627 593 1874 661 Judaici,
1907 595 2088 664 persi-

443 686 602 742 milia
631 686 700 740 ad
731 686 888 739 hunc
922 684 1152 738 modum
1182 681 1423 737 scribit:
1449 701 1478 731 «
1509 682 1730 749 Corpus
1759 683 1888 752 ejus
1919 697 2091 738 omne

441 777 681 830 morbus
701 772 1061 842 complexus,
1087 771 1265 826 variis
1285 771 1598 825 admodum
1616 769 1914 826 doloribus
1930 771 2093 826 disti-

439 865 631 921 nebat.
659 861 856 919 Febris
878 864 930 916 id
960 861 1258 931 al’tligebat
1279 875 1394 914 non
1423 860 1730 915 admodum
1754 859 2086 926 vehemens,

437 953 701 1024 pruritus
742 950 1100 1006 extrinsecus
1131 949 1432 1003 obtinebat
1473 946 1878 1002 intolerabilis.
1913 948 2089 1003 Erant

440 1040 546 1097 coli
577 1040 833 1096 continui
870 1040 1119 1105 dolores,
1154 1037 1210 1091 in
1248 1038 1491 1102 pedibus
1522 1041 1782 1090 tumores
1809 1041 2082 1107 tanquam

438 1129 719 1202 hydropis
741 1129 1050 1185 exstabant
1070 1143 1084 1182 ε
1104 1125 1411 1181 accedebat
1446 1125 1545 1180 imi
1569 1123 1874 1180 ventriculi
1893 1126 2088 1181 incen-

439 1220 548 1286 sio,
580 1225 635 1275 et
664 1219 911 1275 membri
949 1217 1199 1289 pudendi
1237 1216 1498 1286 putredo,
1521 1231 1749 1270 vermes
1777 1229 2084 1282 generans,

438 1310 519 1365 Ad
555 1311 677 1364 haao
724 1313 781 1364 et
823 1308 1040 1363 directa
1092 1307 1390 1375 arduaque
1428 1309 1485 1358 et
1517 1303 1750 1358 dificilis
1777 1303 2086 1375 gravisque

436 1397 699 1469 spiratio,
763 1394 1287 1465 convulsionesque
1345 1393 1743 1448 membrorum
1793 1393 2080 1459 omnium,

2201 506 2508 580 ἐπιφανείας
2568 509 2704 578 ὅλης
2740 528 2752 539 ’
2813 515 2902 564 καί
2959 509 3144 565 κώλου
3206 517 3452 584 συνεχεῖς
3499 508 3844 586 ἀλγηδόνες·

2198 595 2320 669 περί
2349 617 2406 650 τε
2443 596 2571 658 τοὺς
2612 594 2780 658 πόδας
2829 599 2906 660 ὡς
2950 595 3319 672 ύδροπιῶντος
3369 596 3650 671 οἰδήματα
3681 620 3696 633 ⁸
3744 606 3847 656 τοῦ

2198 705 2255 738 τε
2285 684 2456 758 ἤτρου
2506 685 2810 762 φλεγμονὴ,
2852 687 2943 740 καὶ
2993 685 3204 742 αἰδοίου
3253 685 3502 758 σηπεδὼν
3547 689 3844 760 σκώληκας

2197 775 2474 848 γεννῶσα·
2509 775 2646 850 πρὸς
2674 775 2888 837 τούτοις
2938 776 3232 850 ὀρθόπνοια
3277 778 3367 832 καὶ
3416 775 3701 844 δύσπνοια,
3749 781 3842 834 καὶ

2198 868 2440 937 σπασμοὶ
2481 868 2690 920 πάντων
2730 870 2839 920 τῶν
2884 863 3065 937 μελῶν
3090 885 3104 898 ·
3148 866 3288 920 ὥστε
3329 868 3458 928 τοὺς
3499 865 3844 938 ἐπιθειάζον-

2193 971 2290 1013 τας
2323 955 2519 1020 ποινὴν
2554 954 2692 1007 εἶναι
2722 954 2788 1009 τὰ
2835 957 3115 1026 νοσήματα
3166 952 3368 1028 λέγειν.
3402 957 3458 1010 Ὀ
3481 952 3538 1010 δὲ
3584 955 3838 1012 παλαίων

2192 1041 2474 1104 τοσούτοις
2523 1042 2763 1113 πάθεσιν,
2798 1041 2951 1114 ὅμως
2997 1047 3096 1098 τοῦ
3149 1046 3243 1116 ζῇν
3295 1043 3600 1123 ἀντείχετο,
3650 1065 3837 1114 σωτη⁶

2195 1133 2313 1207 ρίαν
2360 1153 2418 1188 τε
2448 1129 2650 1200 ἤλπιζε
2695 1131 2786 1186 καὶ
2836 1133 3121 1200 θεραπείας
3173 1130 3401 1188 ἐπενόει.
3456 1127 3655 1194 Διαϐὰς
3705 1138 3836 1208 γοῦν

2191 1223 2282 1277 τὸν
2311 1221 2612 1296 Ἰορδάνην,
2647 1229 2758 1284 τοῖς
2790 1223 2926 1276 κατὰ
2954 1222 3312 1297 Καλλιρρόην
3345 1224 3569 1298 θερμοὶς
3601 1221 3834 1302 έχρῆτο·

2190 1316 2359 1366 ταῦτα
2391 1309 2434 1365 δ’
2467 1307 2624 1381 ἔξεισι
2677 1313 2770 1384 μὲν
2809 1311 2886 1373 είς
2925 1313 3024 1380 τὴν
3075 1311 3398 1388 ἀσφαλτῖτιν
3449 1311 3651 1384 λίμνην
3676 1331 3690 1344 ·
3734 1315 3839 1369 ὑπὸ

2193 1399 2534 1474 γλυκύτητος
2593 1398 2640 1454 δ’
2696 1398 2808 1456 ἔστι
2866 1402 2955 1456 καὶ
3012 1401 3242 1474 πότιμα.
3303 1400 3466 1472 Δόξαν
3515 1398 3560 1454 δ’
3611 1400 3840 1456 ἐνταῦθα

436 1488 581 1544 adeo
613 1492 673 1541 ut
717 1486 900 1540 divini
952 1499 1183 1554 pmnam
1232 1482 1513 1536 scelerum
1566 1488 1652 1536 tot
1699 1481 1928 1536 morbos
1955 1497 2078 1537 esse

2192 1494 2307 1550 τοῖς
2343 1488 2548 1562 ἰατροῖς
2585 1488 2756 1561 ἐλαίῳ
2809 1491 2994 1560 θερμῷ
3043 1494 3146 1543 πᾶν
3191 1488 3495 1562 ἀναθάλψαι
3541 1489 3604 1543 τὸ
3653 1493 3838 1560 σῶμα,

431 1576 712 1631 dicerent.
749 1573 854 1630 Ille
886 1588 1074 1644 porro,
1126 1587 1260 1626 cum
1291 1577 1376 1624 tot
1415 1569 1707 1641 tantisque
1737 1568 2078 1626 conﬂictans

2190 1576 2461 1652 χαλασθὲν
2495 1576 2570 1638 εἰς
2608 1575 2793 1632 ἐλαίου
2833 1576 3023 1650 πλήρη
3073 1577 3294 1640 πύελον,
3336 1575 3516 1633 ἐκλύει
3563 1579 3654 1632 καὶ
3701 1580 3833 1641 τοὺς

430 1664 622 1734 malis,
654 1663 1041 1718 nihilominus
1087 1663 1259 1715 vitam
1310 1659 1557 1714 retinere
1587 1660 1908 1714 conabatur
1941 1675 1955 1713 :
1991 1659 2078 1714 in-

2191 1642 2534 1745 delialpoéc.
2582 1667 2671 1726 Ὠς
2726 1663 2782 1720 δὲ
2829 1642 3056 1728 τεθνεώς
3119 1666 3434 1742 ἀνέστρεψε,
3489 1663 3726 1741 θορύϐου
3775 1689 3836 1722 τε

431 1752 956 1822 columitatemque
1013 1765 1274 1820 sperans,
1324 1749 1687 1804 curationem
1729 1747 2082 1804 valetudinis

439 1842 850 1898 meditabatur.
917 1841 1116 1910 itaque
1170 1838 1425 1893 Jordane
1493 1836 1857 1905 transmisso,
1914 1836 2082 1907 aquis

435 1931 644 1989 calidis
695 1931 764 1986 ad
810 1929 1190 1993 Callirrhoen,
1239 1943 1365 1996 quis
1404 1926 1462 1980 in
1495 1924 1858 1996 Aspbaltiten
1891 1927 2083 1980 lacum

437 2020 721 2088 inﬂuunt,
753 2027 809 2074 et
851 2023 1086 2088 propter
1121 2015 1483 2070 dulcedinem
1519 2014 1738 2085 potioni
1769 2016 2083 2069 commodis

438 2114 602 2177 sunt,
637 2109 930 2164 utebatur.
963 2106 1044 2160 Ibi
1096 2119 1224 2159 cum
1277 2104 1516 2159 medicis
1555 2103 1742 2158 visum
1776 2108 1926 2158 esset
1955 2119 2082 2160 cor-

436 2216 547 2270 pus
577 2199 707 2269 ejus
737 2196 925 2252 calido
955 2194 1078 2251 oleo
1111 2194 1319 2259 fovere,
1369 2193 1428 2247 in
1474 2193 1701 2247 labrum
1735 2192 2081 2261 demissum,

433 2290 514 2346 ita
546 2286 902 2343 dissolutum
934 2289 1046 2351 est,
1079 2292 1141 2338 ut
1171 2281 1344 2338 etiam
1376 2281 1602 2336 lumina
1626 2281 1792 2352 quasi
1817 2287 2081 2336 mortuus

435 2375 690 2432 resoluta
719 2377 1035 2446 torqueret.
1069 2370 1208 2427 Cum
1242 2375 1434 2426 autem
1472 2368 1755 2424 tumultus
1783 2387 1818 2424 a
1847 2370 2080 2426 famulis

444 2468 794 2531 moveretur,
844 2463 912 2516 ad
965 2459 1278 2516 clamorem
1325 2460 1580 2523 illorum,
1631 2458 1700 2514 ad
1753 2473 1816 2512 se
1861 2458 2078 2513 rediit:

432 2558 488 2610 et
532 2553 807 2620 deinceps
846 2549 1034 2606 salute
1081 2549 1407 2620 desperata,
1448 2547 1733 2603 militibus
1781 2547 2081 2619 quinqua-

430 2658 615 2715 genas
665 2640 880 2696 viritim
941 2637 1254 2693 drachmas
1308 2635 1622 2704 numerari,
1672 2647 1726 2691 et
1783 2637 2076 2707 ingentem

430 2729 743 2802 pecuniam
794 2729 1046 2784 ducibus
1097 2735 1268 2796 atque
1312 2725 1516 2780 amicis
1562 2724 1687 2780 dari
1722 2727 1918 2794 jussit.
1954 2725 2080 2795 Ipse

432 2827 602 2891 porro
641 2817 700 2872 in
733 2817 920 2872 reditu
953 2815 1348 2870 Jerichuntem
1391 2815 1668 2884 pervenit,
1698 2813 1923 2868 insania
1947 2815 2073 2885 jam

2192 1757 2295 1810 ὑπὸ
2334 1759 2441 1809 τῶν
2485 1755 2824 1825 θεραπόντων
2872 1754 3190 1830 γενομένου,
3243 1756 3378 1829 πρὸς
3429 1756 3525 1828 μὲν
3570 1757 3668 1822 τήν
3718 1778 3831 1834 φω-

2193 1844 2291 1910 νήν
2335 1843 2646 1917 ἀνήνεγκεν,
2689 1844 2764 1905 εἰς
2805 1841 2861 1898 δὲ
2907 1844 2970 1898 τὸ
3011 1845 3204 1898 λοιπὸν
3255 1843 3527 1918 ἀπογνοὺς
3573 1846 3671 1912 την
3727 1865 3835 1898 σω-

2187 1932 2400 2005 τηρίαν,
2455 1937 2572 1994 τοῖς
2630 1952 2691 1988 τε
2745 1934 3103 2005 στρατιώταις
3161 1934 3259 1988 ἀνὰ
3317 1932 3570 2007 δραχμάς
3635 1935 3837 2003 πεντή-

2188 2041 2351 2075 κοντα
2392 2021 2639 2076 ἐκέλευσε
2690 2018 2985 2094 διανεῖμαι,
3036 2021 3125 2076 καί
3170 2019 3358 2077 πολλὰ
3405 2025 3668 2096 χρήματα
3720 2027 3840 2081 τοῖς

2190 2111 2425 2186 ἡγεμόσι
2467 2111 2557 2165 καὶ
2604 2116 2725 2172 τοῖς
2775 2110 2980 2187 φίλοις.
3037 2111 3211 2173 Αὐτὸς
3245 2109 3302 2166 δὲ
3335 2112 3706 2190 ὑποστρέφων,
3759 2111 3838 2174 εἷς

2191 2202 2524 2274 Ἱεριχοῦντα
2573 2203 2950 2278 παραγίνεται,
3005 2200 3377 2280 μελαγχολῶν
3421 2201 3556 2272 ἤδη,
3587 2203 3675 2257 καὶ
3731 2203 3836 2274 μό-

2189 2310 2276 2345 νον
2311 2293 2413 2346 ούκ
2454 2288 2695 2346 ἀπειλῶν
2745 2291 2892 2363 αύτῷ
2929 2312 2981 2345 τι
3029 2296 3108 2364 τῷ
3155 2293 3389 2364 θανάτῳ.
3445 2292 3727 2365 Προέκοψε
3777 2290 3837 2346 δὲ

2191 2378 2268 2440 είς
2317 2374 2617 2448 ἐπιϐουλήν
2665 2378 2922 2451 ἀθεμίτου
2971 2380 3214 2452 πράξεως
3241 2402 3252 2414 ·
3300 2382 3430 2443 τοὺς
3454 2382 3556 2455 γὰρ
3587 2379 3676 2459 aq;
3707 2380 3836 2435 ἑκά-

2185 2488 2318 2546 στης
2372 2470 2568 2541 κώμης
2626 2467 2930 2541 ἐπισήμους
2996 2467 3192 2544 ἄνδρας
3255 2470 3306 2541 ἐξ
3365 2471 3504 2538 ὅλης
3563 2467 3834 2531 ἰουδαίας

2189 2557 2520 2632 συναγαγὼν,
2551 2556 2628 2618 είς
2657 2557 2750 2612 τὸν
2777 2555 3121 2630 καλούμενον
3172 2555 3541 2633 Ἰππόδρομον
3582 2556 3838 2612 ἐκέλευσε

2189 2645 2524 2720 συγκλεῖσαι.
2561 2644 3078 2718 Προσκαλεσᾶμενος
3110 2644 3166 2700 δὲ
3206 2645 3484 2717 Σαλώμην
3513 2649 3616 2715 τὴν
3669 2643 3836 2701 ἀδελ-

2189 2735 2296 2807 φήν
2323 2733 2413 2788 καὶ
2454 2736 2547 2789 τὸν
2591 2732 2757 2808 ἄνδρα
2801 2736 3007 2806 ταύτης
3055 2735 3294 2804 Ἀλεξᾶν,
3338 2732 3490 2804 Οἶδα,
3531 2729 3660 2810 ἔφη,
3691 2737 3838 2791 Ἰου-

2188 2819 2372 2885 δαίους
2428 2822 2521 2876 τὸν
2574 2821 2705 2896 ἐμὸν
2752 2821 3104 2897 ἑορτάσοντας
3169 2824 3392 2879 θάνατον
3427 2841 3440 2854 ⁸
3491 2820 3726 2896 δύναμαι
3775 2821 3835 2878 δὲ

431 2881 760 2979 correptus,
815 2911 873 2960 et
919 2910 1149 2960 tantum
1207 2920 1321 2958 non
1371 2881 1543 2958 morti
1593 2903 1704 2973 ipsi
1751 2881 2073 2974 quidquam

2189 2913 2499 2966 πενθεῖσθαι
2533 2908 2605 2966 δι’
2653 2911 2849 2984 ἐτέρων
2897 2914 2984 2967 καί
3017 2909 3270 2986 λαμπρὸν
3317 2910 3598 2988 ἐπιτάφιον
3651 2917 3834 2987 σχεῖν,

440 2997 746 3054 minitans.
781 2994 883 3050 Hic
914 2995 1204 3064 prioribus
1249 2993 1372 3048 suis
1411 2992 1727 3048 sceleribus
1776 2991 2076 3047 infandum

432 3085 630 3157 adjicit
680 3085 986 3156 ﬂagitium.
1042 3086 1396 3138 Convocatos
1437 3082 1592 3137 enim
1627 3098 1696 3136 ex
1727 3098 1964 3153 quoquo
1993 3086 2081 3136 to-

435 3176 555 3232 tius
584 3174 799 3230 Judasaa
848 3172 972 3227 vico
1021 3172 1279 3238 insignes
1320 3171 1760 3242 praecipuosque
1801 3171 1976 3237 viros,
2019 3171 2078 3224 in

435 3265 623 3320 locum
685 3263 783 3333 qui
844 3260 1287 3333 Hyppcdromus
1346 3260 1580 3326 dicitur,
1630 3259 1846 3314 recludi
1889 3261 2076 3328 jubet.

432 3365 577 3415 Tum
612 3358 845 3414 Solome
874 3357 956 3429 (l)
987 3372 1182 3412 sorore
1229 3367 1284 3410 et
1314 3354 1489 3409 Alexa
1520 3355 1641 3408 viro
1673 3355 1801 3424 ejus
1831 3354 2029 3409 accitis
2061 3372 2075 3410 :

433 3448 583 3515 Scio,
617 3447 825 3518 inquit,
866 3445 1094 3502 Judaaos
1127 3448 1362 3515 pr0pter
1393 3449 1635 3498 mortem
1673 3459 1858 3496 meam
1904 3443 2078 3496 festos

431 3554 535 3610 per
567 3536 822 3592 laetitiam
870 3538 1102 3591 acturos
1150 3534 1296 3588 dies.
1331 3533 1443 3603 Ego
1473 3538 1665 3586 autem
1701 3547 1799 3601 per
1829 3531 2073 3586 aliorum

435 3627 658 3683 luctum
692 3624 1060 3694 complorari,
1092 3628 1150 3679 et
1175 3621 1511 3694 splendidas
1541 3621 1750 3676 habere
1774 3621 2075 3692 exsequias

432 3732 694 3787 passum,
730 3714 776 3769 si
809 3730 909 3769 vos
939 3713 1120 3784 jussis
1151 3712 1298 3767 meis
1327 3715 1384 3766 et
1415 3711 1588 3766 dictis
1618 3709 1918 3765 audientes
1946 3724 2074 3765 esse

435 3804 656 3862 voletis.
715 3803 876 3858 Viros
925 3802 1098 3858 hosce
1145 3801 1240 3870 qui
1289 3801 1346 3855 in
1391 3799 1718 3855 custodiam
1772 3803 1909 3853 sunt
1946 3815 2074 3852 con-

415 3892 580 3967 jecti',
614 3892 784 3949 simul
831 3898 1006 3964 atque
1035 3892 1424 3962 exspiravero,
1466 3889 1836 3944 circumfusis
1869 3889 2070 3944 militi-

419 3985 556 4054 bus,
587 3980 887 4038 celerrime
932 3981 1346 4048 contrucidate,
1377 3979 1478 4035 82
1534 3985 1597 4033 ut
1635 3983 1842 4033 cuncta
1864 3978 2069 4034 Judea

421 4077 764 4142 cunctaeque
813 4069 1043 4126 familia
1089 4069 1148 4124 in
1200 4070 1402 4124 funere
1431 4084 1560 4122 meo
1592 4067 2001 4140 lacrymentur.
2036 4091 2065 4118 ››

414 4162 486 4218 Et
517 4165 650 4234 post
696 4175 878 4232 pauca
907 4160 1084 4214 verba
1130 4158 1282 4213 idem
1343 4156 1658 4212 historicus
1687 4157 1770 4212 ait
1803 4175 1817 4212 :
1851 4178 1879 4205 «
1917 4156 2064 4212 Rur-

2191 2999 2250 3054 ἄν
2286 3000 2441 3072 ὑμεῖς
2492 2999 2761 3071 θελήσητε
2808 3004 2927 3062 ταῖς
2966 3000 3123 3070 έμαῖς
3170 2998 3416 3062 ἐντολαῖς
3467 3001 3834 3074 ὑποκργῆσαι.

2187 3085 2390 3145 Τούσδε
2419 3109 2545 3150 τοος
2579 3086 3014 3168 φρουρουμένους
3047 3086 3263 3165 ἄνδρας,
3295 3087 3507 3145 ἐπειδὰν
3555 3087 3838 3145 ἐκπνεύσω

2185 3177 2418 3251 τάχιστα
2475 3179 2741 3247 κτείνατε,
2799 3181 3218 3253 περιστήσαντες
3271 3177 3399 3240 τοὺς
3474 3177 3835 3252 στρατιώτας,

2180 3261 2272 3320 ’ίνα
2302 3273 2444 3320 πᾶσα
2474 3269 2509 3334 ἡ
2545 3264 2778 3321 Ἰουδαία
2826 3267 2913 3321 καὶ
2956 3273 3059 3328 πᾶς
3103 3270 3253 3328 οἶκος
3294 3265 3375 3322 ἔπ’
3416 3266 3514 3341 ἐμὲ
3562 3265 3832 3342 δακρύσῃ.

2186 3354 2284 3408 Καὶ
2329 3355 2462 3425 μετᾶ
2509 3355 2719 3430 βραχέα
2768 3355 2971 3432 φησίν·
3023 3355 3187 3418 Αὖθις
3229 3353 3304 3425 δὲ,
3358 3356 3448 3411 καὶ
3498 3355 3601 3432 γὰρ
3652 3353 3834 3426 ἐνδείᾳ

2183 3451 2392 3519 τροφῆς
2433 3445 2520 3498 καὶ
2576 3445 2716 3522 βηχὶ
2765 3442 3084 3516 σπασμώδει
3135 3441 3441 3510 διετείνετο,
3482 3450 3590 3499 τῶν
3641 3442 3833 3519 ἀλγη-

2185 3529 2355 3588 δόνων
2390 3534 2688 3604 αἰσθηθεὴ,
2729 3534 2926 3606 φθάσαι
2964 3535 3064 3602 τὴν
3117 3534 3453 3607 εἱμαρμένην
3503 3529 3831 3591 ἐπεϐάλετο.

2181 3617 2377 3676 Λαϐὼν
2420 3620 2477 3676 δὲ
2528 3621 2707 3694 μῆλον
2740 3617 2914 3696 ᾔτησε
2960 3623 3048 3676 καὶ
3103 3624 3436 3697 μαχαίριον·
3487 3621 3663 3678 εἰώθει
3715 3625 3828 3700 γὰρ

2181 3709 2506 3782 ἀποτέμνων
2563 3709 2752 3765 ἐσθίειν
2788 3728 2806 3746 ⁶
2857 3709 3039 3766 ἔπειτα
3086 3714 3484 3786 περιαθμήσας,
3538 3715 3611 3785 μή
3660 3733 3745 3774 τις
3794 3715 3828 3768 ὁ

2178 3798 2443 3854 κωλύσων
2499 3797 2658 3853 αύτὸν
2713 3797 2824 3868 εἴη,
2877 3798 3046 3873 ἐπῆρε
3089 3802 3191 3869 τήν
3240 3798 3414 3870 δεξιὰν
3473 3802 3546 3862 ὡς
3595 3800 3828 3872 πλήξων

2177 3889 2363 3944 ἑαυτόν
2395 3934 2408 3946 .
2448 3914 2468 3939 Ι
2505 3889 2625 3944 Ἐπὶ
2679 3886 2736 3943 δὲ
2775 3888 2994 3950 τούτοις
3027 3891 3055 3944 ὁ
3085 3889 3248 3951 αὐτὸς
3289 3889 3621 3965 συγγραφεὺς
3669 3894 3829 3946 ἱστο-

2175 3985 2281 4053 ρει,
2341 3975 2523 4052 ἕτερον
2583 3977 2748 4032 αύτοῦ
2795 3981 3014 4053 γνήσιον
3069 3977 3235 4033 παῖδα
3285 3981 3392 4053 πρὸ
3433 3985 3533 4048 τῆς
3577 3978 3825 4054 ἐσχάτης

2173 4073 2270 4124 τοῦ
2307 4068 2430 4143 βίου
2471 4065 2732 4137 τελευτῆς
2781 4068 2961 4141 τρίτον
3012 4067 3100 4122 ἐπὶ
3150 4065 3299 4123 δυσὶν
3349 4065 3458 4138 ἤδη
3504 4089 3829 4145 προανῃρη-

2179 4157 2367 4231 μένοις
2407 4155 2477 4211 δι’
2516 4157 2772 4232 ἐπιταγῆς
2818 4157 3097 4226 ἀνελόντα,
3146 4159 3488 4232 παραχρῆμα
3525 4160 3623 4228 τὴν
3675 4161 3829 4227 ζωὴν

413 4267 543 4308 sum
573 4266 706 4306 vero
737 4265 868 4306 cum
899 4247 1091 4303 inedia
1133 4247 1396 4318 iussique
1443 4245 1779 4302 convulsiva
1808 4246 2052 4303 distine-

2189 4248 2230 4301 μύ
2268 4248 2401 4319 μετὰ
2433 4252 2676 4320 σμικρῶν
2708 4244 3014 4320 ἆπορῥῆξαι
3043 4251 3151 4300 τῶν
3185 4243 3524 4322 ἀλγηδόνων.

412 4343 599 4405 retur,
657 4337 922 4394 dolorum
981 4337 1315 4407 impatiens,
1376 4334 1607 4390 fatalem
1669 4337 1913 4390 mortem
1974 4339 2286 4406 praevenire
2341 4337 2563 4402 statuit,
2632 4343 2985 4406 acceptoque
3041 4337 3215 4400 malo,
3273 4335 3528 4392 cultrum
3586 4353 3831 4408 quoque

414 4429 732 4502 poposcit;
791 4430 1168 4484 consueverat
1225 4424 1378 4480 enim
1436 4439 1502 4478 eo
1562 4440 1662 4495 per
1717 4423 2098 4480 resectionem
2161 4431 2420 4497 purgato,
2465 4427 2636 4480 vesci.
2702 4426 2916 4480 Deinde
2982 4424 3478 4496 circumspiciens,
3537 4442 3605 4480 ne
3661 4428 3828 4497 quis,

415 4519 517 4593 qui
547 4535 680 4575 eum
733 4517 1040 4581 inhiberet,
1089 4516 1336 4580 adesset,
1389 4514 1649 4569 dextram
1707 4514 1967 4582 sustulit,
2025 4522 2294 4586 tanquam
2356 4516 2605 4585 seipsum
2671 4531 3140 4586 percussurus.»
3190 4515 3432 4585 Insuper
3479 4515 3633 4570 idem
3661 4515 3831 4572 Jose-

410 4609 564 4681 phus
621 4609 911 4664 memoriae
961 4606 1275 4669 mandavit,
1319 4620 1452 4660 cum
1504 4602 1674 4674 paulo
1721 4609 1856 4658 ante
1906 4611 2148 4660 mortem
2193 4605 2456 4660 nativum
2501 4621 2959 4676 germanumque
3005 4605 3195 4660 ﬁlium
3251 4606 3376 4673 jam
3438 4605 3670 4659 tertium
3718 4607 3828 4677 (2),

410 4699 561 4769 quod
606 4702 777 4755 antea
817 4697 965 4752 duos
1008 4711 1110 4768 per
1153 4695 1364 4751 caedem
1409 4693 1744 4761 sustulerat,
1793 4693 2306 4765 necarijussisset,
2355 4710 2484 4749 eum
2543 4694 2849 4750 confestim
2912 4694 3088 4750 vitam
3155 4710 3290 4749 cum
3359 4709 3566 4764 magno
3625 4694 3830 4751 dolore

411 4794 469 4845 et
497 4787 760 4844 cruciatu
794 4786 1036 4842 (iniisse.

2159 5008 2610 5080 jectostdeinde
2644 5008 2981 5064 innocentes
3011 5008 3223 5080 laqueo
3255 5007 3450 5080 necari
3476 5007 3682 5078 jussit.

2237 5079 2317 5151 (2)
2369 5079 2498 5153 Fuit
2544 5081 2594 5135 is
2642 5081 2967 5152 Antipater,
3017 5079 3192 5153 quem
3255 5082 3303 5137 ei
3357 5079 3549 5135 adhuc
3590 5079 3828 5152 privato

2169 5150 2339 5206 Dosis
2363 5151 2572 5220 coniux
2595 5150 2896 5223 genuerat.

482 5013 563 5084 (l)
595 5011 821 5084 Salome
852 5008 1092 5084 Herodis
1123 5007 1277 5084 regis
1308 5025 1492 5073 soror,
1521 5009 1876 5084 Marismmaa
1896 5007 2056 5084 filios

407 5079 802 5139 Alexandrum
849 5087 906 5137 et
949 5079 1372 5152 Aristobulum,
1422 5080 1721 5151 parricidii
1761 5082 1910 5152 apud
1945 5080 2059 5136 fra-

408 5163 554 5211 trem
586 5153 880 5210 accusavit
913 5170 926 5208 :
959 5169 1106 5226 quos
1136 5150 1235 5208 ille
1275 5150 1531 5224 primum
1572 5153 1631 5208 in
1663 5150 1887 5208 vincula
1915 5168 2054 5208 con-
