4096 6284
254 375 373 440 681

878 511 1137 566 ΚΕΦΔΛ.
1179 508 1304 583 Ις·’.

260 616 1033 692 Περὶᾼτ-ῆςᾼτετραρχίας
1090 612 1526 692 τών-παίδων
1586 613 1910 692 Ἠ-ρώδου·

332 685 444 779 Ξεζαί
484 688 567 748 ὡς
599 685 1129 779 ’ῥρχελᾶὀυὶτῆς
1171 685 1348 770 ἰδίας
1384 685 1753 778 τετραχίας
1791 691 1916 779 ⁸ιξιῖιν

333 757 841 849 λΙνεροσολύΙιῖων
899 759 1065 849 πρὸς
1116 759 1231 814 τοῦ
1289 757 1920 849 Καίδσαροςῖᾶπενλα-

336 825 907 902 θέντοςιηᾶντιος
946 825 1244 902 Πιλᾷτος
1281 835 1369 902 τῷ
1400 825 1754 902 δωδεκάτῳ
1785 825 1918 902 ἔτει

336 909 447 970 τῆς
484 898 798 976 Τιϐεριου
836 901 1054 976 ἀρχῆς
1108 898 1428 976 διάδοχος
1483 908 1602 970 τῆς
1661 898 1919 956 ἐκείνου

336 973 753 1049 τετραρχίας
790 973 1072 1050 γίνεται.

337 1096 409 1151 Τὸ
445 1097 540 1169 μὲν
574 1093 666 1151 οὖν
705 1096 872 1171 πέρας
912 1103 1014 1166 τῆς
1061 1094 1311 1172 Ἡρώδου
1357 1098 1616 1167 τελευτῆς
1647 1101 1918 1166 τοιοῦτον,

265 1186 469 1254 ποινὴν
530 1183 741 1240 δικαίαν
799 1185 1105 1249 ἐκτίνοντος
1157 1193 1259 1256 τῆς
1314 1187 1413 1241 τοῦ
1472 1189 1736 1259 Σωτῆρος
1796 1185 1922 1240 έπι-

266 1271 476 1345 ϐουλῆς
501 1297 514 1309 ·
549 1273 618 1329 δι’
648 1277 711 1345 ἢν
738 1277 828 1330 καὶ
859 1278 958 1346 τήν
1013 1274 1066 1331 έν
1128 1275 1380 1349 Βηθλεὲμ
1408 1276 1661 1331 νεολαίαν
1696 1276 1919 1346 ἀπηνῶς

264 1363 549 1437 ἐξεθέρισε.
580 1367 782 1419 Τοῦτον
831 1361 888 1418 δὲ
923 1363 1220 1439 Ἀρχέλαο,
1254 1366 1281 1419 6
1330 1369 1459 1427 παῖς
1509 1362 1816 1439 διαδέχεται
1841 1375 1857 1396 ⁸
1889 1363 1919 1418 ’ὁ

266 1451 339 1520 δὴ
387 1453 478 1507 καὶ
523 1454 551 1506 ὁ
592 1451 981 1527 εύαγγελιστής
1010 1475 1197 1532 φησιν,
1229 1454 1546 1515 Ἀκούσας
1600 1450 1688 1519 δὲ,
1724 1451 1920 1527 λέγων,

264 1541 297 1594 6
329 1541 571 1615 Ἰωσὴφ
613 1539 714 1594 ὅτι
755 1540 1115 1616 Ἀρχέλιος
1160 1540 1507 1615 βασιλεύει
1547 1540 1691 1595 ἀντὶ
1731 1541 1922 1613 Ἣρώ·

265 1626 385 1683 δου
421 1633 540 1683 τοῦ
581 1627 828 1704 πατρὸς
868 1629 1094 1686 αὐτοῦ.
1113 1631 1386 1705 Ἔναγχος
1410 1630 1512 1705 γὰρ
1541 1628 1917 1700 τῆςτελευτῆς

266 1720 589 1795 γενομένης,
622 1718 776 1774 οῧπω
807 1718 884 1783 εἷς
930 1720 1105 1795 ἀρχὰς
1154 1720 1368 1780 πολλὰς
1411 1722 1446 1789 ἡ
1505 1718 1753 1793 βασιλεία
1796 1716 1920 1793 διῄ-

268 1829 432 1886 ρητο.
464 1805 695 1879 Συνᾴδει
750 1806 809 1862 δὲ
856 1813 938 1881 τῷ
1006 1809 1155 1885 λόγῳ
1196 1810 1286 1863 καὶ
1326 1810 1355 1864 6
1403 1807 1737 1883 προῤῥηθεὶς
1782 1828 1921 1882 συγ-

1292 371 1926 436 EGCLESIASTICE
1965 367 2357 431 HISTORL/E
2398 366 2546 428 LIB.
2594 365 2645 426 Ι.

1944 511 1997 576 A

3558 362 3681 426 682

2647 501 2881 558 CAPUT
2910 501 3057 557 XVI.

2035 614 2123 669 De
2171 612 2436 668 tetrachia
2484 611 2726 682 ﬁliorum
2776 610 3005 666 Herodis
3036 628 3055 664 :
3084 615 3140 666 et
3185 614 3243 666 ut
3289 610 3556 667 Archelao
3611 627 3681 666 ex

2105 684 2608 754 Hierosolymorum
2653 684 2949 739 tetrarchia
2978 700 3010 738 a
3043 682 3259 754 Caesare
3279 683 3510 754 deiecto.
3540 683 3680 739 Por-

2107 759 2215 811 tius
2259 753 2473 810 Pilatus
2518 754 2854 826 duodecimo,
2879 771 3026 810 anno
3056 753 3286 826 imperii
3316 755 3520 811 Tiberii
3561 770 3683 811 suc-

2104 843 2279 884 cessor
2308 828 2372 883 in
2400 826 2564 883 illius
2593 825 2892 883 tetrarchia
2917 829 3100 897 factus
3127 825 3224 883 sit.

2106 1094 2209 1151 Hic
2239 1094 2417 1166 igitur
2448 1092 2687 1148 Herodis
2718 1092 2912 1148 obitus
2942 1093 3071 1161 fuit,
3094 1095 3315 1160 justam
3347 1107 3576 1164 poenam
3608 1093 3679 1149 ab

2035 1198 2101 1239 eo
2133 1183 2498 1240 sumentibus
2528 1182 2625 1251 iis,
2656 1199 2798 1252 quas
2838 1181 3128 1237 Servatori
3159 1182 3504 1248 tetenderat,
3535 1181 3678 1237 insi-

2036 1271 2150 1326 diis
2185 1289 2200 1326 :
2234 1288 2335 1343 per
2381 1287 2527 1343 quas
2572 1272 2632 1326 in
2671 1270 3007 1326 Bethlehem
3040 1287 3253 1326 novum
3285 1270 3677 1327 innocentium

2035 1360 2327 1415 infantum
2360 1376 2600 1416 examen
2651 1358 3051 1415 crudelissime
3093 1358 3366 1415 concidit.
3398 1358 3544 1415 Huic
3576 1376 3683 1417 au-

2034 1454 2147 1504 tem
2175 1448 2488 1505 Archelaus
2514 1450 2595 1521 (1)
2625 1448 2905 1504 successit
2942 1448 3119 1516 ﬁlius,
3152 1449 3306 1520 quod
3345 1449 3471 1521 ipse
3502 1449 3679 1505 etiam

2034 1538 2384 1610 evangelista
2432 1539 2593 1609 dicit,
2629 1555 2759 1594 cum
2810 1537 3003 1609 inquit
3036 1553 3050 1593 :
3083 1538 3327 1594 Audiens
3373 1543 3555 1595 autem
3582 1540 3683 1596 Jo-

2034 1628 2182 1699 seph,
2213 1628 2359 1699 quod
2389 1628 2681 1683 Archelaus
2707 1643 2811 1699 pro
2848 1626 3052 1684 Herode
3078 1636 3236 1699 patre
3273 1628 3452 1699 ipsius
3481 1644 3681 1701 regna-

2035 1721 2137 1787 ret,
2167 1723 2277 1773 etc.
2310 1719 2474 1783 Quod
2522 1717 2675 1773 enim
2727 1733 2917 1789 nuper
2959 1718 3273 1774 admodum
3304 1717 3401 1774 ille
3429 1722 3676 1775 mortem

2037 1804 2296 1873 obiisset,
2321 1806 2584 1862 nondum
2616 1806 2676 1860 in
2710 1806 2907 1877 plures
2935 1806 3185 1862 ditiones
3212 1823 3458 1877 regnum
3491 1808 3680 1864 fuerat

270 1898 544 1974 γραφεύς’
582 1899 672 1952 Ἐκ
716 1894 991 1967 διαθηκῶν
1040 1895 1288 1971 Ἡρώδου
1336 1903 1435 1952 τοῦ
1476 1904 1700 1973 πατρὸς,
1747 1898 1917 1972 κρίσει

2038 1894 2299 1951 divisum.
2326 1898 2625 1951 Consentit
2649 1912 2779 1952 vero
2811 1912 2944 1951 cum
2976 1895 3067 1952 his
3099 1897 3274 1952 etiam
3306 1913 3474 1966 quem
3507 1902 3679 1952 antea

267 2008 327 2043 τε
376 1985 688 2061 Αὐγούστου
744 1990 841 2041 τοῦ
898 1985 1187 2061 Καίσαρος,
1222 1986 1413 2063 λέγων,
1474 1989 1574 2055 τήν
1628 1992 1740 2041 τῶν
1791 1988 1924 2042 Ἰου-

269 2073 437 2130 δαίων
507 2073 786 2150 βασιλείαν
840 2072 1227 2148 κληρώσασθαι
1284 2076 1375 2130 τὸν
1427 2073 1752 2150 Ἀρχέλαον,
1794 2077 1920 2137 τοὺς

275 2161 320 2219 δ’
351 2161 622 2239 ἀδελφοὺς
674 2164 846 2218 αὐτοῦ
893 2163 1226 2237 τριτημόριά
1281 2185 1388 2218 που
1424 2161 1646 2219 ἕκαστον
1691 2170 1792 2233 τῆς
1822 2184 1922 2219 πα-

270 2260 467 2328 τρικῆς
497 2253 678 2327 ἀρχῆς
718 2257 894 2327 σχεῖν.
931 2255 1029 2307 Καὶ
1060 2254 1112 2307 οἱ
1147 2254 1241 2325 μὲν
1273 2256 1368 2315 τὰς
1400 2259 1546 2331 σφῶν
1593 2253 1921 2329 τετραρχίας

272 2341 482 2397 διεῖπον
537 2340 804 2404 ἕκαστος’
840 2343 868 2396 ὁ
924 2340 967 2396 δ’
997 2341 1285 2420 Αρχέλαος
1348 2345 1481 2416 μετὰ
1528 2341 1741 2413 ἔνναετῆ
1788 2344 1920 2422 χρό-

266 2452 362 2485 νον
395 2438 494 2499 τῆς
542 2431 723 2505 ἀρχῆς
782 2431 1251 2505 ἀποσφαιρισθεὶς,
1280 2432 1375 2485 τὸν
1424 2432 1648 2486 Πόντιον
1678 2430 1915 2486 Πιλᾶτον

270 2520 364 2575 ἐπὶ
405 2521 477 2593 τῇ
524 2520 691 2574 αὐτοῦ
738 2520 1039 2597 τετραρχίᾳ
1084 2514 1212 2597 ἔσχε
1243 2517 1532 2596 διάδοχον,
1562 2522 1702 2574 κατὰ
1728 2521 1790 2575 τὸ
1819 2518 1920 2575 δω-

270 2607 497 2664 δέκατον
542 2603 657 2671 ἔτος
708 2615 808 2677 τῆς
868 2605 1115 2683 Τιϐερίου
1162 2608 1382 2683 ἀρχῆς’
1427 2610 1502 2670 ὡς
1545 2611 1573 2663 6
1620 2608 1779 2671 αὐτὸς
1826 2611 1918 2664 καὶ

272 2702 444 2753 τοῦτο
484 2693 749 2765 ὓποδηλοῖ
777 2697 1132 2774 συγγραφεὺς,
1167 2721 1192 2750 ιι
1236 2695 1534 2770 Δωδεκάτῳ
1566 2697 1792 2769 ἐνιαυτῷ
1818 2702 1921 2764 τῆς

275 2781 537 2858 Τιϐερίου
594 2787 883 2860 βασιλείας,
918 2785 1110 2863 λέγων,
1141 2788 1440 2861 ἐπίτροπος
1496 2789 1593 2859 τῆς
1651 2786 1917 2849 Ἰουδαίας

280 2876 591 2930 καθίσταται
650 2875 904 2943 Πιλᾶτος,
964 2877 1125 2954 φίλος
1203 2878 1353 2949 αύτῷ
1420 2879 1507 2933 καὶ
1560 2879 1795 2948 συνήθης
1842 2876 1915 2931 ὣν

274 2962 332 3018 ἐν
384 2969 495 3026 toi;
551 2963 803 3036 μάλιστα.
858 2968 969 3043 Ἐφ’
1022 2965 1178 3029 δλοις
1232 2987 1291 3021 τε
1336 2965 1463 3022 δέκα
1504 2962 1643 3022 ἔτεσι
1692 2988 1760 3041 τῃ
1808 2965 1917 3021 ἐπι-

264 3058 450 3128 τροπῇ
500 3059 854 3128 παραμεῖναι,
882 3055 972 3109 καὶ
1032 3054 1086 3116 ἐς
1140 3054 1306 3124 άύτὴν
1376 3053 1574 3131 σχεδὸν
1628 3059 1724 3110 τοῦ
1764 3050 1916 3111 Τιϐε-

266 3141 391 3217 ρίου
414 3143 516 3212 τήν
544 3143 803 3213 τελευτήν
827 3163 842 3175 ο
878 3167 907 3194 ››
940 3144 1013 3203 ὡς
1046 3144 1283 3199 ἐντεῦθεν
1316 3142 1543 3218 πλάσμα
1586 3144 1716 3198 εἶναι
1762 3144 1912 3198 συνά-

265 3234 454 3306 γεσθαι
507 3233 577 3287 τὰ
630 3231 767 3287 κατᾶ
817 3236 914 3287 τοῦ
972 3239 1235 3308 Σωτῆρος
1292 3235 1455 3306 ἡμῶν
1518 3234 1909 3307 ὑπομνήματα,

267 3319 462 3396 ὕστερά
507 3342 615 3377 που
673 3320 873 3393 πολλῷ
926 3326 1005 3393 τῷ
1068 3323 1259 3398 χρόνῳ
1314 3323 1689 3399 γεγενημέναι
1739 3325 1827 3378 καὶ
1882 3327 1911 3380 6

265 3412 467 3486 χρόνος
522 3411 629 3485 πρό
683 3430 831 3471 τινος
889 3410 1068 3467 ἄλλου
1124 3413 1200 3473 είς
1256 3410 1488 3488 ἔλεγχον
1540 3416 1637 3467 τοῦ
1684 3410 1913 3486 ψεύδους

269 3500 625 3555 καθίσταται’
657 3501 781 3574 περί
830 3521 937 3555 που
978 3502 1081 3575 γὰρ
1127 3502 1191 3555 τὸ
1237 3496 1477 3576 ἕϐδομον
1518 3498 1638 3563 ἔτος
1682 3509 1781 3572 τῆς
1830 3510 1919 3557 Τι-

272 3583 459 3662 ϐερίου
493 3589 676 3663 ἀρχῆς
704 3587 771 3642 τὰ
798 3589 935 3643 κατὰ
972 3590 1242 3661 σωτήριον
1281 3589 1630 3663 τολμηθέντα
1671 3587 1917 3665 περιέχει

270 3678 444 3738 πάθος
477 3674 653 3731 έκεῖνα
676 3696 689 3710 ·
722 3678 843 3731 καθ’
873 3677 932 3732 ’ὸν
964 3678 1150 3751 καιρὸν
1180 3679 1335 3733 οὸπω
1383 3679 1618 3741 Πιλᾶτος
1669 3684 1736 3753 τῇ
1775 3681 1915 3734 Ἰου-

258 3763 388 3838 δαίᾳ
435 3765 655 3836 ἐπέστη,
686 3767 761 3827 ὡς
811 3767 839 3820 6
886 3763 1158 3837 δηλωθεὶς
1190 3768 1457 3838 Ἰώσηπος
1506 3768 1731 3839 ἷστορεῖ,
1781 3768 1916 3823 κατὰ

267 3856 328 3911 τὸ
387 3852 689 3910 δωδέκατον
749 3854 1032 3925 ἐπιστῆναι
1090 3860 1282 3911 τοῦτον
1334 3861 1403 3930 τῇ
1454 3855 1688 3928 Ἰουδαίᾳ
1731 3862 1913 3936 σαφῶς

263 3948 565 4018 παριστῶν.
601 3944 702 3998 Καὶ
732 3944 857 4017 περὶ
893 3945 987 4017 μὲν
1015 3944 1225 4000 τούτων
1257 3943 1450 4008 οὕτως.

2034 1985 2464 2040 nominavimus
2510 1986 2775 2056 scriptor,
2809 2001 2877 2040 ex
2923 1988 3269 2041 testamento
3301 1985 3544 2042 Herodis
3572 2003 3676 2056 pa-

2030 2073 2157 2139 tris,
2189 2077 2246 2128 et
2284 2073 2510 2142 judicio
2562 2074 2803 2143 Augusti
2832 2073 3099 2140 Caesaris,
3127 2072 3422 2147 inquiens,
3453 2073 3678 2130 Judeo-

2032 2178 2161 2218 rum
2190 2179 2437 2235 regnum
2471 2163 2812 2219 Archelaum
2854 2170 3227 2220 consecutum
3260 2181 3388 2221 esse
3420 2183 3434 2220 :
3470 2165 3678 2221 fratres

2032 2257 2226 2307 autem
2257 2256 2387 2323 ejus
2419 2254 2685 2307 trientem
2714 2268 3009 2324 quemque
3035 2252 3239 2324 reliqui
3264 2255 3489 2325 paterni
3513 2255 3676 2326 regni

2031 2342 2371 2399 obtinuisse.
2403 2345 2592 2413 Atque
2638 2343 2723 2397 illi
2768 2359 2905 2399 suas
2954 2343 3188 2412 quidem
3220 2345 3465 2417 quisque
3494 2342 3677 2399 admi-

2033 2432 2354 2486 nistrarunt
2424 2431 2795 2489 tetrarchias.
2874 2431 3191 2488 Archelaus
3262 2436 3452 2488 autem
3522 2449 3672 2489 nono

2031 2526 2230 2576 exacto
2280 2536 2455 2585 anno,
2488 2536 2665 2592 regno
2712 2521 2917 2591 pulsus
2963 2520 3064 2593 (2).
3097 2520 3365 2577 Pontium
3418 2521 3672 2577 Pilatum

2029 2609 2087 2662 in
2121 2609 2430 2664 tetrarchia
2459 2625 2567 2664 sua
2595 2624 2987 2665 successorem
3013 2609 3235 2677 habuit,
3261 2611 3670 2666 duodecimum

2029 2697 2349 2768 imperante
2376 2697 2605 2753 Tiberio
2625 2713 2869 2764 annum,
2892 2706 2950 2751 ut
2971 2698 3227 2770 idipsum
3251 2698 3401 2755 idem
3425 2700 3675 2771 scriptor

2029 2786 2379 2855 subindicat,
2414 2808 2443 2838 «
2501 2787 2852 2843 Duodecimn
2900 2786 3115 2842 Tiberii
3162 2804 3336 2854 anno,
3385 2787 3668 2861 inquiens,

2030 2881 2370 2949 procurator
2416 2876 2634 2932 Judseaa
2676 2876 3029 2932 constitutus
3059 2885 3145 2932 est
3174 2877 3411 2944 Pilatus,
3443 2877 3671 2935 Tiberio

2028 2983 2204 3038 quam
2251 2967 2504 3021 maxime
2553 2966 2780 3022 amicus
2818 2970 2993 3038 atque
3022 2965 3327 3022 familiaris
3361 2983 3374 3021 :
3406 2970 3673 3040 totosque

2026 3073 2206 3110 annos
2249 3056 2448 3112 decem
2493 3055 2958 3127 procurationem
2989 3070 3138 3121 eam,
3171 3055 3244 3112 ad
3272 3056 3465 3126 ipsum
3496 3074 3672 3130 prope

2026 3146 2239 3202 Tiberii
2289 3146 2538 3214 obitum,
2573 3145 2842 3201 obtinuit.
2878 3168 2906 3196 »
2950 3143 3066 3202 83
3110 3144 3186 3201 Ut
3233 3145 3370 3202 inde
3402 3146 3568 3203 facile
3597 3147 3673 3202 sit

2025 3236 2315 3308 colligere,
2349 3235 2694 3307 ﬁgmentum
2720 3250 2866 3302 esse,
2897 3252 3025 3306 qua;
3056 3235 3127 3289 de
3157 3236 3302 3291 actis
3335 3252 3673 3292 monumen-

2022 3329 2212 3395 tisque
2270 3325 2436 3380 Pilati
2495 3330 2697 3381 contra
2761 3325 3122 3381 Servatorem
3179 3330 3445 3381 nostrum
3501 3325 3671 3381 editis

2024 3422 2163 3470 sunt
2210 3416 2426 3484 jactala
2464 3414 2590 3487 (3):
2628 3417 2829 3486 utpote
2878 3430 3013 3469 cum
3064 3430 3131 3469 ea
3180 3414 3352 3486 longo
3412 3420 3670 3483 tempore

2025 3503 2342 3575 posteriora
2369 3502 2752 3573 reperiantur,
2784 3505 3136 3573 tempusque
3166 3502 3361 3571 ipsum
3394 3507 3528 3558 ante
3557 3502 3671 3559 alia

2022 3592 2308 3665 praecipue
2342 3591 2710 3646 mendacium
2744 3592 3071 3661 redarguat.
3106 3591 3404 3663 Siquidem
3436 3607 3504 3647 ea
3541 3591 3672 3663 ipsa

2021 3686 2149 3735 acta
2190 3685 2247 3735 et
2296 3685 2681 3736 monumenta
2725 3679 3038 3735 salutarem
3089 3680 3417 3752 passionem
3467 3684 3525 3734 et
3566 3696 3672 3736 ne-

2020 3785 2167 3837 cem,
2224 3785 2350 3840 que
2396 3767 2704 3825 temerario
2754 3784 2901 3823 ausu
2960 3768 3191 3825 Christo
3238 3773 3324 3823 est
3374 3766 3557 3837 illata,
3606 3769 3666 3824 in

2018 3860 2329 3927 septimum
2390 3857 2735 3929 imperantis
2789 3856 3003 3912 Tiberii
3064 3874 3285 3912 annum
3346 3857 3665 3914 referunt:

2020 3964 2135 4019 quo
2182 3953 2438 4018 tempore
2490 3947 2747 4003 nondum
2795 3946 3012 4001 Pilatus
3059 3945 3274 4002 Judsea
3323 3947 3572 4018 prefuit,
3606 3951 3672 4003 ut

259 4035 555 4107 Josephus
597 4034 726 4106 ipse
768 4036 996 4103 scribit,
1026 4037 1367 4094 duodecimo
1407 4038 1627 4095 scilicet
1657 4040 1892 4095 demum
1921 4054 2074 4095 anno
2105 4054 2237 4094 eum
2269 4038 2483 4094 ludam
2513 4036 2848 4109 prafectum
2879 4053 3009 4093 esse
3041 4042 3240 4110 aperte
3265 4041 3559 4095 astruens.
3592 4038 3670 4095 Ac

270 4128 343 4183 de
375 4126 466 4181 his
495 4126 618 4181 haec
648 4126 733 4182 sic
761 4127 921 4182 dicta
952 4127 1094 4183 sint.

893 4258 1145 4309 ΚΕΦΔΛ.
1188 4254 1282 4311 IZ'.

2627 4254 2857 4313 CAPUT
2884 4254 3057 4311 XVII.

272 4357 434 4431 Περὶ
472 4354 586 4443 τῆς
623 4356 1114 4448 τελευτῆς..τοῦ
1153 4358 1485 4448 Καοίσαρος
1523 4360 1915 4448 ᾼύγούιστου

2038 4365 2096 4418 De
2134 4362 2315 4448 abitu:
2331 4362 2574 4448 Augusti
2611 4362 2850 4446 .Caesaris
2888 4367 3086 4448 etquae
3114 4363 3212 4418 sub
3242 4377 3301 4418 eo
3330 4361 3671 4448 acciderint:

339 4428 453 4483 και
489 4432 614 4507 τῷν
650 4428 981 4507 ἐπ’-αὐτοῦ
1017 4428 1426 4507 γΑ-ενο-μένων⁸
1461 4433 1568 4507 καὶ
1609 4428 1911 4507 περίλτοῦ

341 4501 674 4578 προχόνου
704 4501 918 4578 ,αὐτοῦ
956 4498 1270 4578 Τιβερίου
1308 4505 1425 4573 τήν
1458 4504 1673 4578 ἀρχὴν
1698 4498 1913 4578 ἀύτοῦ

342 4568 839 4699 δὶαδεξὶαὲιένου
881 4591 896 4605 ·
948 4575 1058 4628 καὶ
1114 4568 1265 4649 περὶ
1331 4568 1457 4630 τῶν
1509 4568 1665 4630 ’κατ’
1724 4576 1915 4631 αὐτὸν

348 4662 594 4699 neptim
685 4665 987 4699 ιηγησις.

347 4662 594 4717 μερικη
637 4662 987 4719 οιηγησις.

342 4770 546 4841 Καῖσαρ
596 4765 652 4822 δὲ
700 4765 973 4842 Δύγυστος
1029 4766 1309 4833 πλείστοις
1366 4772 1753 4847 κατορθώμασι
1823 4772 1914 4845 μέ-

265 4875 364 4932 γας
437 4855 743 4931 γενόμενος,
806 4858 896 4912 καὶ
967 4860 1249 4937 μόναρχος
1318 4863 1536 4934 πρῶτος
1606 4858 1915 4937 ἀναρῥτ,θεῖ,

266 4942 379 5016 ἤδη
427 4942 484 4999 δὲ
539 4944 629 4999 καὶ
687 4950 768 5017 τῷ
823 4947 1009 5021 χρόνῳ
1054 4952 1333 5024 προήκων,
1366 4946 1587 5003 Πυθῶδε
1634 4949 1919 5026 παραγίνε-

267 5054 377 5089 ται.
408 5029 751 5108 manusme
799 5032 855 5090 δέ
910 5040 989 5108 τῷ
1047 5034 1260 5111 δαίμονι
1322 5036 1502 5109 θύσας,
1550 5036 1917 5093 διεπυνθάνετο

265 5123 356 5185 τίς
414 5119 482 5192 δὴ
546 5125 661 5195 μετ’
710 5124 872 5178 αὐτὸν
931 5124 1056 5188 τοὺς
1113 5127 1455 5200 Ῥωμαϊκοὺς
1508 5126 1699 5197 ἄξονας
1752 5124 1919 5181 διιθύ-

265 5232 431 5269 νειεν.
487 5212 639 5267 Ἐπεὶ
687 5208 736 5265 δ’
792 5211 992 5269 ἐκεῖθεν
1071 5215 1135 5270 ού
1203 5216 1404 5290 προῄει
1461 5215 1771 5291 ἀπόκρισις,
1828 5218 1915 5271 καὶ

270 5298 518 5376 δευτέραν
577 5307 827 5378 προσῆγε
875 5302 1095 5359 θυσίὰνο
1158 5304 1247 5359 καὶ
1318 5303 1470 5367 αὖθις
1526 5304 1778 5381 ἀνήρετο,
1831 5304 1920 5361 ’ίνα

342 5450 422 5521 (1)
442 5447 770 5527 Archelaus
817 5449 1061 5527 Herodis
1095 5450 1252 5508 illius
1280 5451 1484 5527 ludes:
1508 5426 1637 5515 rex.
1664 5454 1917 5527 Glaphy-

270 5519 691 5594 ram'Archelai
724 5520 1139 5594 Cappadocum
1188 5522 1342 5594 regis
1372 5524 1577 5585 ﬁliam.
1610 5519 1919 5582 Alexandri

268 5592 464 5722 aratri:
513 5593 609 5650 sui
656 5592 917 5650 relictam
966 5592 1223 5664 viduam,
1254 5592 1459 5652 contra
1488 5594 1645 5668 leges
1678 5614 1921 5655 uxorum

312 5681 409 5723 uxi
445 5705 461 5719 .

591 5764 850 5825 Panos.
897 5764 1007 5827 Gn.
1053 5765 1282 5829 CXLV.

2093 4444 2144 4489 et
2172 4436 2242 4490 de
2272 4433 2494 4490 Tiberio
2523 4436 2619 4505 qui
2647 4436 2701 4489 ei
2724 4437 3001 4501 successit,
3026 4450 3317 4505 rerumque
3330 4433 3428 4488 sub
3465 4434 3672 4488 Tiberio

2094 4514 2343 4561 actarum
2371 4522 2440 4560 ex
2466 4504 2625 4578 parte
2651 4504 2887 4578 quadam
2914 4504 3369 4562 commemoratio.

2097 4780 2283 4836 Caesar
2328 4784 2523 4836 autem
2571 4785 2871 4854 Augustus
2902 4797 3075 4852 quam
3109 4780 3374 4854 plurimis
3404 4781 3673 4853 praeclare

2028 4868 2381 4941 feliciterque
2434 4870 2616 4942 gestis
2664 4871 2836 4925 rebus
2886 4869 3097 4936 clarus,
3150 4872 3489 4941 primusque
3546 4869 3672 4941 ipse

2029 4958 2341 5014 monarcha
2391 4959 2776 5028 renuntiatus,
2824 4960 3179 5031 provectiore
3215 4960 3341 5029 jam
3391 4962 3557 5014 atate
3602 4960 3673 5015 ad

2026 5047 2327 5103 oraculum
2384 5048 2575 5119 Pythii
2644 5048 2928 5119 Apollinis
2994 5048 3149 5103 venit
3200 5063 3214 5103 :
3274 5052 3331 5103 et
3387 5047 3674 5103 sacriﬁcio

2027 5138 2288 5192 omnium
2348 5137 2619 5205 maximo,
2666 5138 2818 5207 quod
2878 5138 3221 5192 hecatomhe
3266 5137 3502 5203 dicitur,
3554 5138 3677 5192 daa—

2029 5225 2187 5281 moni
2238 5226 2448 5294 oblato,
2479 5225 2765 5298 quaesivit,
2799 5225 3064 5298 quisnam
3114 5229 3244 5296 post
3291 5240 3422 5280 eum
3464 5225 3675 5282 Roma-

2029 5330 2169 5368 num
2229 5313 2717 5369 administaturus
2771 5318 2926 5368 esset
2980 5312 3293 5383 imperium
3327 5311 3354 5367 Τ
3409 5315 3483 5369 At
3536 5328 3671 5370 cum

2098 5456 2174 5527 (2)
2226 5455 2490 5512 Archelai
2541 5456 2809 5512 exsilium
2848 5456 3086 5512 Viennae
3116 5454 3337 5527 Gallias,
3371 5457 3469 5512 ubi
3500 5457 3673 5513 etiam

2029 5534 2297 5583 mortuus
2324 5533 2434 5584 est.

2065 5599 2177 5683 _(3)
2207 5600 2351 5683 Acta
2398 5615 2527 5683 qua
2574 5600 2678 5683 sub
2729 5598 2966 5683 nomine
2983 5596 3173 5683 APilati
3205 5599 3480 5656 adversus
3508 5600 3675 5658 Chri-

2028 5674 2187 5727 stum
2217 5670 2358 5728 olim
2389 5670 2949 5728 circumferebantur
2978 5670 3199 5728 notitia.

3280 5771 3358 5829 22
