4096 6284
463 328 580 390 683

1758 323 2182 386 NICEPHORI
2225 325 2576 388 CALLISTI

3746 331 3866 390 684

454 463 685 519 nullum
732 463 998 518 ederetur
1046 474 1415 532 responsum,
1445 457 1694 513 alterum
1733 474 1965 530 quoque
1994 459 2094 513 ad-

2226 456 2259 510 τί
2307 459 2367 511 τὸ
2413 457 2803 536 πολύρθογγον
2858 464 3106 533 μαντεῖον
3138 464 3230 515 νῦν
3267 457 3496 516 ἄναυδον
3525 479 3537 493 ’
3575 462 3638 516 τὸ
3675 457 3731 515 δὲ
3766 483 3865 533 μι-

454 554 591 624 iecit
637 551 1009 617 sacriﬁcium,
1044 551 1352 620 denuoque
1400 549 1635 618 rogavit,
1668 545 1807 618 quid
1855 549 1936 602 ita
1981 564 2108 602 ora-

2212 549 2340 622 κρὸν
2375 549 2628 604 διαλιπὸν
2661 549 2868 605 ἂνεῖλεν
2897 549 3045 622 αὖτῷ
3071 567 3083 580 ·

453 643 649 697 culum
700 641 963 712 pluribus
1010 640 1201 695 verbis
1249 639 1333 694 uti
1379 637 1637 702 solitum,
1686 653 1842 692 nunc
1898 638 2127 692 tandem
2191 640 2532 696 obticuisset
2561 641 2588 695 ?
2633 642 2781 697 Tum
2829 641 2997 711 illud,
3050 659 3229 715 parva
3266 643 3608 715 interposita
3661 659 3848 713 mora,

466 734 534 786 ad
569 733 723 786 hunc
756 731 990 786 modum
1022 729 1320 800 respondit
1351 743 1366 781 :

453 826 544 876 Me
567 837 702 892 puer
728 820 979 875 Hebrwus
1011 819 1109 891 (l),
1137 819 1287 875 divo:
1319 821 1458 874 Deus
1489 821 1604 891 ipse
1626 818 1961 889 gubernans,

457 966 648 1021 Cedere
675 965 798 1020 sede
819 967 991 1036 jubet,
1025 965 1344 1038 tristemque
1371 966 1557 1021 redire
1584 966 1683 1020 sub
1715 965 1912 1022 Orcum
1939 981 1960 1020 .·

455 1040 575 1093 Aris
605 1053 731 1108 ergo
759 1038 954 1094 dehinc
982 1041 1175 1093 tacitus
1204 1038 1482 1093 abscedito
1514 1040 1736 1094 nostris.

451 1128 570 1182 Tali
601 1144 881 1198 responso
912 1133 1164 1198 accepto,
1197 1127 1382 1184 Cesar
1431 1127 1670 1182 Romam
1702 1132 1791 1183 est
1819 1141 2100 1193 reversus,

455 1221 623 1286 atque
647 1216 728 1270 ibi
749 1214 807 1270 in
833 1214 1113 1286 Capitolio
1137 1233 1297 1271 aram
1323 1216 1628 1272 maximam
1650 1215 1949 1286 exstruxit,
1967 1233 2100 1271 cum

453 1305 737 1376 ejusmodi
771 1306 975 1360 Latina
1004 1305 1383 1377 inscriptione
1410 1323 1423 1359 :
1456 1307 1573 1361 Ara
1591 1308 1954 1377 primogenitt
1988 1307 2098 1360 Dei.

454 1395 570 1450 Hoc
622 1395 961 1467 imperante,
1001 1395 1384 1450 Athenienses
1433 1396 1778 1452 seditionem
1828 1395 2100 1452 rebellio-

455 1500 706 1555 nemque
756 1484 1011 1555 primum
1044 1488 1180 1539 sunt
1223 1485 1428 1540 moliti.
1463 1484 1748 1540 Ceterum
1781 1501 1913 1541 cum
1943 1485 2102 1540 brevi

457 1589 661 1644 pcenas
692 1573 920 1628 excitati
951 1572 1244 1628 tumultus
1275 1574 1594 1639 dedissent,
1617 1581 1847 1643 accepto
1879 1575 2103 1630 destite-

458 1669 599 1718 runt
631 1663 684 1717 Is
715 1679 945 1732 quoque
978 1662 1375 1718 Romanorum
1398 1662 1612 1718 civium
1636 1681 1808 1719 censu
1834 1669 1980 1730 acto,
2006 1681 2103 1718 nu-

2208 822 2366 880 Παῖς
2407 813 2712 893 Ἐϐραῖος
2754 818 3026 876 κέλεταί
3093 842 3185 896 με,
3230 823 3387 884 Θεὸς
3449 823 3865 897 μακάρεσσιν

3473 895 3831 967 [άνάσσωιμ

2211 956 2407 1036 Τὸνδε
2441 959 2643 1036 δόμον
2687 964 3058 1036 προλιπεῖν
3094 965 3200 1019 καὶ
3236 963 3427 1027 ἄϊδος
3468 956 3658 1026 αὖθις
3703 956 3870 1018 ἱκέσ-

2213 1035 2460 1087 Λοιπὸν
2500 1033 2688 1089 ἄπιθι
2732 1033 2802 1090 ἐκ
2837 1034 3202 1110 προδόμων
3245 1039 3615 1112 ἡμετέρων.
3694 1040 3829 1109 [θαι.

2210 1124 2424 1175 Τοιαῦθ’
2468 1124 2495 1176 ὁ
2545 1129 2753 1198 Καῖσαρ
2804 1126 3088 1203 χρησθείς,
3148 1126 3431 1197 ἐπανήκων
3490 1127 3566 1188 εἰς
3637 1128 3868 1198 Ῥώμην

2212 1211 2334 1284 περὶ
2388 1213 2450 1266 τὸ
2525 1215 2650 1285 παρ’
2701 1212 2849 1286 αὕτῷ
2927 1215 3278 1270 Καπετώλιον
3344 1216 3531 1290 βωμὸν
3607 1215 3864 1289 μέγιστον

2213 1296 2591 1372 ἱδρυσάμενος,
2623 1301 2815 1357 ποιάδε
2846 1307 3181 1376 Ῥωμαϊκοῖς
3231 1305 3496 1378 ἐπέγραψε
3539 1305 3864 1379 γράμμασι·

2215 1391 2442 1460 Βωμὸς
2499 1390 2695 1452 οὗτός
2765 1391 2900 1446 έστι
2985 1398 3104 1449 τοῦ
3169 1395 3605 1469 πρωτογόνου
3679 1398 3864 1449 Θεοῦ.

2211 1477 2414 1532 Τούτου
2465 1477 2522 1534 δὲ
2565 1483 2665 1549 τὴν
2715 1483 2891 1557 ἀρχὴν
2941 1481 3288 1552 διιθύνοντος,
3344 1485 3645 1554 στασιάζειν
3700 1486 3858 1553 Ἀϐη-

2212 1573 2350 1623 ναῖοι
2400 1569 2632 1643 πρώτως
2684 1568 2975 1633 ἐπέϐαλον.
3009 1574 3124 1632 Οὐκ
3171 1573 3258 1629 ἐπὶ
3299 1573 3442 1629 πολὺ
3479 1573 3533 1629 δὲ
3568 1571 3727 1635 δίκας
3765 1582 3855 1640 τῆς

2214 1659 2450 1720 στάσεως
2505 1659 2938 1735 εἰσπραχθέντες,
2970 1669 3070 1731 τῆς
3136 1663 3323 1737 πείρας
3374 1663 3704 1737 ἀπέσχοντο.
3755 1663 3861 1721 Οὗ-

457 1767 686 1808 merum
737 1752 866 1805 iniit
899 1769 912 1806 :
945 1751 1282 1823 invenitque
1328 1753 1612 1824 myriades
1660 1753 1960 1818 tredecim,
2011 1752 2101 1808 bis

2226 1768 2302 1809 τος
2353 1745 2417 1817 δὴ
2469 1750 2558 1802 καὶ
2607 1752 2733 1813 τοὺς
2773 1759 2871 1820 τῆς
2901 1753 3124 1824 Ῥώμης
3177 1751 3432 1815 ἐποίκους
3483 1754 3702 1825 ἀριθμῷ
3749 1752 3863 1808 διαο

459 1842 616 1898 mille
645 1846 702 1896 et
733 1842 969 1912 triginta
990 1846 1234 1910 septem.
1256 1843 1366 1897 Sed
1384 1843 1541 1898 enim
1565 1859 1695 1898 cum
1718 1843 2106 1914 quadraginta

456 1935 593 1997 tres,
627 1930 767 1996 sive,
801 1934 867 1984 ut
906 1930 1036 1985 aliis
1085 1929 1289 2000 placet,
1323 1931 1709 2003 quadraginta
1756 1941 1880 1988 octo
1921 1947 2105 1987 annos

454 2019 581 2090 ipse
627 2019 936 2090 imperator
982 2019 1186 2075 fuisset
1242 2021 1339 2093 (2),
1394 2025 1450 2075 et
1503 2038 1688 2091 supra
1737 2021 2106 2094 septuaginta

460 2112 719 2180 quinque
766 2126 952 2164 annos
999 2109 1124 2164 vitae
1185 2113 1365 2165 totius
1423 2127 1662 2168 cursum
1721 2113 2104 2180 produxisset,

459 2200 662 2255 morbo
731 2200 968 2254 tandem
1036 2216 1371 2271 Oppressus,
1429 2201 1581 2256 inter
1647 2201 1913 2256 homines
1978 2216 2107 2256 esse

460 2290 650 2346 desiit.
683 2288 787 2344 84
823 2291 942 2353 Quo
987 2294 1247 2360 tempore
1295 2291 1438 2346 solis
1487 2291 1732 2346 traditur
1783 2291 1965 2346 fuisse
2005 2292 2107 2345 de-

459 2378 730 2450 liquium,
779 2384 835 2433 et
883 2379 1068 2433 fames
1115 2383 1388 2450 praeterea
1447 2380 1724 2445 maxima,
1779 2385 1835 2435 et
1890 2379 2111 2434 scilicet

463 2469 717 2523 denariis
767 2468 967 2522 multis
1017 2483 1168 2523 unus
1199 2468 1474 2524 frumenti
1514 2474 1951 2540 compararetur
1981 2481 2108 2523 me-

465 2558 724 2612 dimnus.
761 2556 868 2612 Ubi
919 2575 1080 2628 porro
1121 2557 1217 2613 ille
1265 2559 1344 2612 ita
1391 2560 1566 2613 vitam
1619 2559 1788 2625 ﬁniit,
1821 2559 2108 2626 Tiberius,

466 2649 766 2718 privignus
795 2650 944 2716 ejus,
979 2647 1304 2703 Romanum
1336 2648 1592 2719 suscepit
1621 2649 1957 2720 imperium.
1993 2649 2109 2702 Sub

465 2753 580 2807 quo
610 2737 1052 2807 quatuordecim
1087 2737 1326 2792 minoris
1359 2739 1510 2792 Asia)
1544 2738 1718 2791 urbes
1762 2742 1915 2792 terra
1948 2741 2109 2792 motu

465 2825 789 2881 concidisse
820 2827 919 2897 (3),
944 2826 1236 2881 memoria;
1270 2827 1561 2895 proditum
1595 2831 1718 2881 est:
1748 2843 1996 2897 quarum
2019 2842 2114 2880 no-

468 2916 627 2969 mina
669 2923 828 2983 sunt,
859 2915 1143 2985 Ephesus,
1182 2915 1501 2985 Magnesia,
1538 2915 1756 2983 Sardis,
1790 2915 2111 2984 Mosthene,

469 3003 906 3070 Hierocaesarea,
1001 3003 1416 3073 Philadelphia,
1514 3004 1801 3070 Timolus,
1887 3003 2111 3070 Timus,

470 3093 714 3163 Myrina,
774 3093 964 3163 Cyme,
1019 3091 1346 3164 Apollonia,
1404 3091 1690 3162 Hyrcania
1756 3093 1857 3147 Dia
1915 3092 2109 3168 [Ciby-

470 3200 530 3236 ra
561 3182 686 3254 (4)].
718 3181 984 3236 Tiberius
1017 3198 1186 3250 porro
1217 3181 1489 3236 maximis
1519 3183 1699 3251 copiis
1730 3187 1931 3237 contra
1973 3186 2110 3237 Per-

467 3288 564 3326 sas
597 3287 959 3343 progressus,
992 3271 1379 3342 legationibus
1427 3287 1628 3326 eorum
1660 3272 1858 3340 cessit,
1895 3273 2113 3327 bellum

467 3361 658 3430 solvit,
717 3366 775 3416 et
832 3361 1115 3416 tributum
1171 3378 1265 3417 eos
1325 3361 1573 3433 pendere
1637 3363 1838 3434 coegit.
1896 3365 1974 3418 Ac
2033 3361 2115 3415 illi

468 3454 706 3525 quidem
737 3453 1019 3522 imperata
1050 3453 1250 3508 fecere.
1273 3454 1404 3522 Ipse
1423 3456 1618 3510 autem
1649 3454 1719 3508 ab
1747 3453 2116 3524 expeditione

467 3560 534 3599 ea
563 3546 873 3608 revertens,
903 3541 1272 3596 Antiochiam
1323 3541 1552 3597 divertit
1583 3559 1596 3597 :
1630 3558 1804 3613 quam
1856 3541 2117 3613 splendi-

467 3634 597 3688 dius
630 3630 1216 3702 magniticentiusque
1239 3646 1516 3686 exornare
1536 3631 1922 3698 constituens,
1948 3645 2114 3684 muro

470 3726 637 3778 ﬁrmo
690 3727 746 3778 et
787 3721 1228 3794 inexpugnabili
1271 3723 1470 3787 cinxit,
1504 3722 1761 3794 porticus
1811 3723 2113 3789 exstruxit,

471 3811 759 3866 columnis
815 3812 1002 3878 aereis,
1047 3811 1282 3875 statuis,
1333 3811 1578 3881 aliisque
1630 3811 1891 3866 aediﬁciis
1945 3811 2118 3865 variis

474 3901 778 3956 exornavit.
827 3899 1066 3969 Templa
1109 3916 1342 3971 quoque
1387 3900 1532 3965 Jovi,
1578 3901 1870 3972 Dionysio,
1922 3899 2119 3954 Casto-

475 3991 642 4060 rique
693 3993 750 4044 et
803 3989 1019 4044 Polluci
1058 3989 1386 4043 aediﬁcavit.
1430 3989 1803 4059 Plurimaque
1852 3999 2123 4059 praeterea

471 4081 582 4133 alia
612 4077 774 4132 illum
807 4094 982 4148 opera
1012 4077 1090 4131 ibi
1121 4077 1430 4147 perfecisse
1457 4079 1676 4132 ferunt.
1703 4078 1862 4148 Opus
1892 4093 2119 4148 quoque

470 4167 597 4236 ejus
646 4165 971 4222 estJudzeae
1017 4165 1259 4220 celebris
1312 4166 1451 4220 urbs
1483 4166 1761 4231 Tiberias,
1797 4171 1854 4221 et
1905 4182 2029 4237 qua
2059 4165 2120 4220 in

473 4256 723 4310 Thracia
771 4259 860 4309 est
906 4253 1154 4309 Tiberia.
1190 4253 1463 4324 Expulsis
1496 4263 1689 4310 autem
1722 4256 1821 4325 qui
1852 4255 2119 4310 Ctesareaa

475 4346 880 4417 Cappadocum
926 4348 1059 4414 post
1105 4343 1442 4400 Archelaum
1496 4345 1864 4417 tyrannidem
1898 4361 2123 4400 exerce-

479 4436 640 4501 bant,
688 4433 1027 4506 vectigalem
1075 4450 1203 4490 eam
1266 4433 1543 4490 Romanis
1602 4435 1754 4490 fecit.
1807 4433 1982 4489 Porro
2051 4435 2120 4488 ad

477 4523 704 4578 urbium
756 4529 1003 4578 rectores
1042 4539 1109 4578 ac
1154 4524 1525 4591 magistratus
1581 4524 1833 4594 scripsit,
1885 4524 1930 4576 si
1981 4523 2122 4592 quid

475 4615 615 4668 forte
664 4629 798 4668 cum
848 4617 1048 4667 contra
1096 4613 1252 4682 leges
1305 4614 1581 4668 mandare
1611 4612 1991 4683 contingeret,
2022 4629 2121 4668 eos

475 4703 534 4756 id
565 4704 886 4774 approbare
916 4710 969 4756 et
1000 4702 1260 4770 exsequi,
1294 4707 1495 4772 utpote
1522 4718 1618 4772 per
1649 4701 1935 4756 inscitiam
1968 4718 2124 4757 com-

478 4795 746 4859 missum,
778 4807 893 4846 non
925 4791 1148 4845 debere.
1181 4790 1397 4845 Morem
1431 4807 1658 4862 quoque
1691 4791 1858 4846 illum
1888 4791 2122 4858 habuit,

477 4890 540 4939 ut
573 4900 684 4936 non
719 4883 883 4936 facile
913 4886 1014 4935 aut
1045 4881 1302 4936 celeriter
1336 4881 1711 4950 magistratus
1742 4888 1798 4936 et
1829 4883 2127 4952 praafectu-

475 4991 569 5027 ras
602 4974 870 5036 mutaret,
904 4976 1006 5024 aut
1053 4970 1620 5024 administrationem
1673 4971 1756 5025 eis
1801 4973 2124 5041 abrogaret,

477 5065 576 5135 qui
600 5081 788 5120 rerum
807 5064 1173 5134 publicarum
1197 5063 1674 5132 gubernationem
1699 5064 1884 5118 sortiti
1908 5067 2121 5118 essent.

477 5155 732 5226 Ejusque
799 5155 880 5208 rei
947 5154 1289 5224 quibusdam
1365 5169 1604 5208 causam
1671 5152 2126 5223 inquirentibus,

547 5280 630 5349 (1)
681 5281 812 5338 Παῖς
873 5272 1127 5349 Ἑϐραῖος
1184 5275 1400 5331 κέλεταί
1461 5297 1548 5349 με,
1609 5276 1739 5336 Θεὸς
1801 5277 2125 5349 μακάρεσσιν

1732 5347 2020 5402 [ἀνάσσων.

1731 5351 2020 5420 [ἀνάσσων,

672 5417 837 5490 Τήνδε
905 5417 1098 5494 δόμον.
1150 5419 1440 5495 προλιπεῖν
1494 5440 1553 5475 τε
1608 5419 1699 5474 καὶ
1759 5419 1930 5498 άιδος⁸
1974 5421 2130 5483 αὖθις

684 5563 886 5616 Λοιπὸν
956 5565 1106 5639 ἄπιθι
1139 5636 1146 5639 _
1175 5569 1353 5639 σιγῶν
1423 5562 1489 5639 ,ἐκ
1528 5493 2127 5639 -βωμῶνμξῗῖεῖοέρων,

1005 5636 1282 5706 Ηδιιὶᾱιιε,
1316 5641 1372 5692 in
1403 5636 1652 5691 dictione
1684 5636 2017 5710 Αὔγουστος.

2141 3106 2184 3174 C
2223 3094 2522 3162 Μωστηνὴ,

2210 1835 2457 1908 θέμενος,
2523 1839 2670 1910 εὗρεν
2732 1838 2938 1913 ἀνδρῶν
3020 1841 3286 1916 μυριάδας
3345 1841 3714 1917 τρισκαίδεκα,
3773 1844 3862 1898 καὶ

2210 1928 2345 2000 πρὸς
2396 1928 2527 1982 ἒπτὰ
2575 1930 2664 1982 καὶ
2713 1931 3006 2003 τριάκοντα
3054 1928 3384 2006 δισχιλίους.
3419 1933 3557 2006 Τρία
3606 1934 3700 2006 μὲν
3762 1931 3857 1987 οὖν

2210 2015 2300 2068 καὶ
2337 2020 2729 2088 τεσσαράκοντα
2774 2014 2891 2087 ἔτη,
2924 2019 2998 2081 ὡς
3053 2016 3100 2072 δ’
3147 2021 3352 2093 ἑτέροις
3400 2019 3571 2091 δοκεῖ,
3604 2020 3749 2075 ὀκτώ
3803 2041 3861 2076 τε

2210 2105 2300 2158 καὶ
2365 2111 2436 2176 μ’,
2489 2108 2844 2180 μονοκράτιυρ
2903 2107 3137 2184 ἐγένετο,
3173 2110 3302 2183 ὑπὲρ
3362 2107 3416 2164 δὲ
3471 2110 3540 2164 τὰ
3588 2111 3623 2164 ε’
3669 2110 3761 2164 καὶ
3812 2114 3861 2164 o'

2209 2194 2301 2247 τὸν
2357 2193 2486 2248 ὅλον
2525 2202 2623 2264 τῆς
2675 2202 2821 2265 ζωῆς
2863 2194 3110 2259 διανύσας
3159 2200 3398 2272 χρόνον·
3448 2199 3657 2253 τούτων
3711 2197 3769 2254 δὲ
3809 2203 3860 2262 ς’

2211 2283 2301 2338 καὶ
2348 2285 2389 2336 ν’
2429 2286 2492 2339 τὸ
2542 2287 2753 2359 σύμπαν
2810 2283 3229 2362 βεϐασιλευκὼς,
3275 2288 3366 2343 καί
3421 2291 3566 2360 νόσῳ
3629 2309 3860 2362 περιπε-

2215 2373 2346 2441 σὼν,
2397 2372 2445 2443 ἐξ
2523 2375 2821 2449 ἀνθρώπων
2883 2376 3110 2450 ἐγένετο.
3163 2379 3292 2433 Καθ’
3342 2379 3400 2432 ’ὀν
3473 2375 3614 2447 δῆτα
3675 2381 3863 2452 καιρὸν

2213 2462 2451 2532 ἡλιακὴν
2497 2460 2738 2538 ἔκλειψιν
2785 2467 2876 2521 καὶ
2947 2467 3109 2540 μέγαν
3159 2468 3440 2542 ἱστόρηται
3489 2471 3730 2541 γενέσθαι
3774 2468 3863 2523 λι-

2219 2554 2342 2625 μὸν,
2377 2553 2450 2615 ὡς
2497 2550 2762 2629 δηναρίων
2813 2556 3040 2610 πολλῶν
3091 2558 3182 2611 τὸν
3230 2557 3324 2610 τοῦ
3373 2558 3523 2612 σίτου
3554 2560 3865 2631 πιπράσκε-

2216 2643 2336 2696 σθαι
2386 2640 2664 2715 μέδιμνον.
2695 2646 2933 2699 Ἐκείνου
2983 2643 3030 2698 δ’
3079 2647 3222 2700 οὕτω
3270 2647 3332 2700 τὸ
3380 2646 3531 2721 βιοῦν
3591 2647 3864 2722 ἐκμετρη-

2217 2755 2428 2802 σαντος,
2481 2736 2508 2788 ὁ
2557 2735 2752 2789 τούτου
2802 2737 3069 2810 πρόγονος
3119 2733 3364 2812 Τιϐέριος
3413 2740 3512 2806 τὴν
3560 2743 3671 2792 τῶν
3729 2744 3868 2795 Ῥω-

2220 2825 2398 2894 μαίων
2456 2824 2632 2898 ἀρχῆν
2691 2823 3040 2899 διαδέχεταιο
3101 2827 3180 2897 ἐφ’
3235 2827 3296 2880 οὗ
3339 2827 3428 2880 καὶ
3479 2825 3869 2900 δεκατέσσαρες

2217 2913 2408 2974 πόλεις
2455 2920 2554 2982 τῆς
2603 2920 2796 2987 μικρᾶς
2835 2917 3022 2976 Ἀσίας
3073 2921 3281 2988 σεισμῷ
3347 2921 3527 2970 πεσεῖν
3573 2918 3865 2990 ἱστοροῦν-

2444 3002 2467 3018 γ’
2641 3001 2684 3026 κ,
2771 3003 2784 3022 9
2829 3004 2839 3016 ι
2922 3010 2943 3026 υ
3481 3005 3492 3024 Ι
3665 3005 3674 3018 Ι
3723 3003 3746 3021 ἢ

2217 3022 2344 3055 ται·
2405 3024 2558 3056 αυται
2637 3017 2664 3057 ο
2742 3025 2874 3057 εισιν
2949 3011 3171 3082 Εςρεσος,
3240 3012 3542 3081 Μαγνησια,
3603 3012 3854 3074 Σαροεες,

2603 3095 3038 3167 Ἱεροκαισάρεια,
3135 3093 3528 3172 Φιλαδέλφεια,
3597 3092 3858 3166 Τμῶλος,

2223 3181 2413 3252 Τίμος,
2486 3181 2716 3254 Μυρίνα,
2769 3183 2948 3254 Κύμη,
3003 3182 3374 3252 Ἀπολλωνία,
3427 3183 3696 3259 Ὑρκανία,
3747 3183 3866 3251 Δία,

2223 3270 2313 3324 καὶ
2362 3272 2384 3295 ¹⁶¹
2429 3272 2587 3343 Χειρῖ
2649 3269 2706 3325 δὲ
2772 3272 2960 3346 βαρείᾳ
3005 3269 3252 3345 Τιϐέριος
3306 3273 3442 3328 κατὰ
3501 3278 3724 3346 Περσῶν
3785 3272 3871 3327 ἒκο

2226 3360 2570 3432 στρατεύσας,
2625 3360 2839 3435 ἐπείπερ
2887 3366 3004 3423 ταῖς
3062 3361 3277 3416 ἐκείνων
3345 3361 3502 3416 εἴκων
3560 3358 3872 3437 πρεσϐείαις

2223 3450 2323 3516 τὴν
2374 3448 2559 3522 μάχην
2607 3445 2805 3518 διέλυε,
2857 3448 3057 3524 φόρους
3103 3449 3278 3504 τελεῖν
3323 3451 3723 3527 κατηνάγκαζε.
3778 3451 3876 3504 Καὶ

2228 3539 2278 3592 οἱ
2333 3538 2426 3608 μὲν
2478 3537 2790 3591 ἐπείθοντοο
2840 3538 3037 3593 ἐκεῖθεν
3091 3537 3135 3593 δ’
3167 3538 3449 3610 ἐπανήκων
3511 3541 3611 3608 τήν
3661 3542 3878 3597 Ἀντιό-

2227 3646 2332 3700 χου
2366 3625 2672 3691 εἰσήλαυνε.
2707 3626 3030 3699 Φιλοτίμως
3061 3625 3119 3682 δὲ
3158 3629 3280 3700 περὶ
3328 3629 3530 3698 ταύτην
3584 3627 3874 3698 διατεθεὶς,

2224 3716 2400 3792 τείχει
2465 3715 2557 3786 μὲν
2613 3716 2781 3782 αὐτὴν
2833 3712 3158 3790 περιϐάλλει
3219 3715 3423 3790 στερρῷ
3478 3717 3566 3770 καὶ
3625 3715 3878 3790 ἀδαμαν-

2226 3803 2395 3875 τίνῳ·
2431 3799 2695 3875 ἐμϐόλοις
2753 3825 2809 3858 τε
2868 3805 3166 3880 ἀνεγείρει·
3219 3805 3450 3876 στήλαις
3500 3827 3556 3860 τε
3608 3807 3874 3881 χαλκαις,

2227 3895 2316 3949 καὶ
2391 3893 2695 3971 ἀγάλμασι,
2753 3896 2845 3950 καὶ
2921 3895 3118 3958 ἄλλαις
3194 3895 3472 3956 ποικίλαις
3547 3899 3876 3971 κατεκόσμει

2229 3983 2430 4053 ταύτην
2465 3981 2784 4055 οἰκοδομαῖς
2813 4005 2824 4016 ·
2858 3985 2946 4039 καὶ
2977 3985 3109 4046 νεὼς
3147 3985 3332 4055 ἀνίστη
3387 3985 3469 4039 Διί
3515 4005 3573 4040 τε
3615 3987 3706 4040 καὶ
3750 3997 3880 4042 Διο-

2229 4072 2375 4145 νύσῳ
2422 4073 2512 4127 καὶ
2557 4074 2942 4148 Διοσκούροις“
2991 4076 3079 4128 καὶ
3127 4074 3357 4130 πλεῖστα
3398 4074 3553 4148 ἕτερα
3596 4077 3879 4147 θαύματος

2229 4158 2357 4238 ἔργα
2402 4167 2590 4216 τοῦτον
2641 4162 2753 4217 ἐκεῖ
2791 4162 3001 4218 τελέσαι
3051 4164 3231 4243 φασίν.
3265 4166 3460 4238 Ἔργον
3511 4169 3614 4230 τῆς
3663 4163 3877 4220 ἐκείνου

2232 4253 2418 4326 χειρὸς
2467 4252 2557 4305 καὶ
2604 4255 2637 4321 ἡ
2689 4253 2822 4306 κατά
2869 4255 2968 4320 τήν
3021 4252 3284 4308 Ἰουδαίαν
3348 4256 3649 4330 περιφανὴς
3710 4254 3880 4316 πόλις

2230 4336 2495 4413 Τιϐεριάς,
2553 4341 2641 4394 καὶ
2701 4341 2735 4410 ἢ
2789 4343 2923 4395 κατᾶ
2995 4343 3094 4409 τήν
3164 4342 3377 4412 Θρᾴκην
3446 4343 3600 4417 ἑτέρα
3647 4339 3880 4417 Τιϐερία

2232 4428 2410 4502 ὄνομα
2458 4426 2636 4503 ἔσχεν.
2672 4431 2958 4502 Ἐξελάσας
3008 4428 3064 4485 δὲ
3102 4432 3191 4485 καὶ
3241 4431 3368 4493 τοὺς
3420 4433 3534 4503 μετ’
3569 4431 3881 4506 Ἀρχέλαον

2231 4526 2331 4587 τῆς
2379 4516 2754 4574 Καππαδοκῶν
2798 4524 3206 4593 τυραννοῦντας,
3255 4519 3528 4596 ὕπόφορον
3580 4521 3882 4593 Ῥωμαίοις

2231 4610 2330 4677 τὴν
2391 4609 2707 4679 Καισάρειαν
2766 4607 3078 4678 ἐποιήσατο.
3139 4615 3262 4671 Τοῖς
3316 4611 3424 4682 μὴν
3481 4614 3589 4664 τῶν
3658 4610 3878 4665 πόλεων

2233 4695 2493 4774 ἄρχουσιν
2528 4694 2774 4776 ἔγραφεν,
2809 4701 2883 4761 ὡς
2917 4699 2985 4755 Ei’
3029 4723 3080 4756 τι
3131 4699 3178 4754 δ’
3209 4700 3269 4755 ἂν
3315 4701 3457 4774 παρᾶ
3499 4701 3626 4762 τοὺς
3674 4700 3880 4773 νόμους

2233 4785 2470 4861 ἐπιτάξαι
2517 4809 2582 4860 με
2631 4789 2862 4863 γένοιτο,
2901 4791 2976 4862 μὴ
3027 4790 3316 4864 προσέχειν
3349 4790 3424 4852 ὡς
3466 4791 3662 4862 ἀγνοίᾳ
3711 4791 3876 4865 πράτ-

2232 4898 2414 4932 τοντα.
2467 4877 2684 4932 ΕἶΌιστο
2735 4876 2782 4932 δ’
2831 4878 2975 4950 αύτῷ
3027 4877 3168 4952 μηδὲ
3218 4881 3431 4954 ταχέως
3495 4874 3742 4952 ἀμείϐειν
3788 4890 3880 4942 καὶ

2235 4972 2334 5034 τῆς
2382 4962 2704 5035 διοικήσεως
2753 4966 2955 5036 ἐξιστᾷν
3015 4967 3142 5028 τοὺς
3197 4967 3262 5020 τὰ
3311 4967 3466 5021 κοινὰ
3515 4963 3725 5021 διέπειν
3777 4964 3883 5021 λα-

2236 5056 2458 5130 χόντας.
2500 5061 2668 5110 Τινῶν
2721 5053 2777 5110 δὲ
2817 5058 3236 5129 πυνθανομένων
3286 5058 3349 5111 τὸ
3397 5055 3595 5126 αἶ’τιον,
3646 5057 3884 5132 ἀποκρίο

2237 5146 2444 5214 νασθαι,
2487 5145 2674 5216 Φύσει,
2717 5144 2912 5220 λέγων,
2959 5151 3077 5208 τοῖς
3118 5145 3347 5221 ἄρχουσι
3400 5147 3461 5200 τὸ
3511 5143 3882 5214 πλεονεκτεῖν,

2308 5273 2388 5343 (2)
2441 5272 2874 5342 Quinquaginta
2917 5281 3159 5344 septem.
3211 5272 3445 5344 (Euseb.
3477 5271 3576 5326 lib.
3611 5287 3651 5339 ι,
3687 5273 3886 5328 Hister.

2235 5345 2420 5400 eccles.
2455 5361 2580 5413 cap.
2612 5346 2692 5414 9.)

2308 5416 2385 5487 (3)
2433 5417 2813 5471 Τετταδῐῐιοίιιε
2861 5417 2972 5472 sub
3010 5417 3237 5472 Tiberio
3266 5415 3634 5471 existimatur
3661 5414 3710 5469 is
3741 5431 3888 5485 esse,

2239 5488 2424 5560 quiin
2438 5489 2730 5560 passione
2757 5489 2968 5543 Christi
2999 5489 3231 5560 accidit.

2310 5559 2385 5630 (Ιι)
2435 5559 2577 5614 Phn.
2626 5561 2726 5614 lib.
2777 5577 2838 5627 ιι,
2873 5577 2999 5633 cap.
3032 5557 3400 5629 8i;Cornel.
3451 5557 3634 5614 Tacit.
3683 5557 3785 5614 iib.
3820 5574 3886 5612 ιι.
