4096 6284
471 365 589 426 687

1762 362 2188 427 NICEPHORI
2227 365 2579 429 CALLISTI
2616 332 2619 335 ’

3749 362 3874 424 688

470 500 733 554 ctionum
765 501 823 551 et
853 493 1272 550 continentiam
1300 494 1807 564 perturbationum
1839 496 2081 553 docebat

2221 499 2398 574 Λόγου
2430 500 2609 570 φωνὴ,
2639 496 2767 560 τοὺς
2794 497 3119 571 προσιόντας
3147 499 3264 555 τοῖς
3312 492 3660 569 Ἰορδανείοις
3708 492 3870 548 ἔνιεῖ-

470 588 712 644 senibus
758 582 1145 652 omnibusque
1173 583 1302 636 aliis
1362 588 1552 637 mente
1609 582 1728 637 acri
1784 583 2108 640 valentibus

471 676 835 748 prudentiam
865 672 1311 742 depredicabat,
1333 676 1392 725 et
1427 672 1497 725 ad
1518 671 1845 727 uberiorem
1875 689 1976 728 eos
2005 674 2107 730 Dei

467 764 862 835 cognitionem
894 760 1236 815 adducebat.
1298 758 1406 814 86
1438 763 1731 815 Postremo
1789 768 2002 830 aperte,
2034 779 2106 819 ne

466 853 526 908 id
584 866 937 924 quemquam
965 849 1193 916 lateret,
1237 848 1538 904 declarans
1578 850 1982 919 confirmabat,
2041 869 2106 909 se

466 943 831 1014 praemissum
872 955 1002 995 esse
1030 939 1081 995 ei
1112 938 1352 1009 quijam
1394 955 1573 1011 prope
1619 940 1872 1008 adesset,
1904 942 2104 998 Serva-

462 1032 572 1087 tori
603 1031 854 1095 Christo,
885 1029 959 1085 ad
1015 1029 1386 1100 occupandas
1433 1030 1872 1100 quamprimum
1925 1048 2104 1103 expe-

464 1122 824 1191 diendasque
876 1118 996 1174 vias
1052 1118 1234 1186 illius,
1287 1118 1637 1189 pmnitentias
1692 1119 2002 1192 disciplina
2048 1127 2105 1178 et

462 1226 623 1282 aqua:
680 1209 992 1279 baptismo.
1042 1207 1211 1262 Illum
1259 1213 1450 1263 autem
1501 1208 1696 1280 ipsum
1719 1209 1965 1280 jamjam
2015 1212 2104 1266 af-

461 1300 746 1365 futurum,
771 1299 872 1368 qui
921 1296 1055 1367 igne
1086 1301 1144 1351 et
1172 1295 1391 1366 Spiritu
1419 1302 1622 1351 sancto
1674 1296 2101 1368 baptizaturus,

460 1394 638 1459 atque
669 1388 928 1443 triticum
958 1386 1037 1456 (l)
1059 1390 1116 1440 et
1144 1401 1241 1439 eos
1265 1385 1364 1455 qui
1394 1385 1659 1441 inutilem
1692 1391 1749 1441 et
1779 1387 2101 1444 infructuo-

459 1495 585 1535 sam
616 1482 793 1548 atque
841 1476 985 1531 adeo
1016 1473 1299 1545 palearem
1346 1476 1521 1530 vitam
1571 1476 1851 1547 egissent,
1883 1477 2100 1534 discre-

461 1573 622 1623 turus
657 1574 827 1621 esset.
877 1566 957 1619 Ad
1008 1564 1164 1620 hunc
1225 1564 1463 1619 modum
1528 1566 1737 1636 praevia
1774 1565 1945 1622 Verbi
1992 1584 2100 1622 vox

455 1656 525 1709 ad
559 1672 622 1711 se
653 1656 995 1710 accedentes
1024 1653 1297 1709 Jordanis
1339 1652 1496 1708 fluvii
1521 1656 1709 1720 undis,
1744 1657 2101 1726 praecedente

458 1750 826 1817 peccatorum
866 1743 1248 1812 confessione,
1282 1743 1652 1811 immittebat,
1681 1745 2098 1816 precidaneis-

456 1850 571 1905 que
600 1832 1026 1904 expiationibus
1059 1848 1161 1903 per
1215 1848 1428 1903 aquam
1479 1834 1785 1904 purgabat,
1826 1839 1884 1889 et
1922 1835 2099 1890 adve-

457 1925 640 1978 nienti
678 1921 764 1977 illi
806 1922 1124 1994 reponebat
1165 1929 1438 1993 certoque
1468 1924 1817 1980 reservabat.
1864 1925 2011 1981 Cum
2041 1929 2099 1981 et

454 2016 821 2082 exspectatus
880 2013 1003 2082 ipse
1056 2010 1227 2066 Jesus
1288 2027 1357 2065 ex
1414 2012 1650 2068 Galilea
1725 2029 2097 2085 progressus,

453 2107 730 2172 tanquam
764 2116 913 2156 unus
969 2116 999 2155 e
1042 2100 1215 2173 vulgo
1246 2101 1498 2169 advenit,
1541 2101 1897 2173 baptismum
1929 2106 2100 2160 subi-

454 2196 626 2245 turus
659 2207 672 2244 :
720 2190 961 2246 fortasse
1017 2191 1274 2260 quidem,
1334 2195 1399 2245 ut
1427 2196 1692 2247 contactu
1733 2209 1841 2248 suo
1881 2195 2095 2252 undam

454 2285 708 2335 sacraret
754 2285 811 2336 et
864 2280 1252 2344 benediceret,
1311 2296 1512 2335 revera
1567 2290 1759 2336 autem
1811 2282 1986 2338 simul
2042 2291 2100 2340 et

453 2369 763 2438 baptistam
811 2369 1004 2441 ipsum
1064 2369 1323 2424 divinum
1386 2370 1763 2441 attingentem
1819 2372 2095 2428 verticem

454 2458 862 2526 sanctificaret,
893 2464 951 2514 et
1007 2475 1221 2530 aquam
1251 2475 1384 2514 cum
1418 2458 1530 2513 ﬁde
1556 2460 1885 2530 excepturis
1914 2461 2098 2532 Spiri-

454 2552 575 2602 tum
616 2565 745 2603 sum
786 2548 1266 2613 communicaret,
1316 2548 1608 2618 ﬁdemque
1662 2549 1899 2617 faceret,
1932 2567 2096 2605 man-

455 2636 656 2690 datum
686 2652 721 2690 a
764 2634 880 2691 Deo
918 2651 1043 2691 esse
1074 2636 1349 2706 baptismi
1400 2635 1642 2691 Joannis
1700 2636 2093 2694 ministerium

452 2725 671 2780 dudum
702 2725 773 2779 ad
823 2725 1133 2795 justitiam,
1176 2726 1232 2779 id
1263 2725 1709 2781 admittentibus
1739 2732 1796 2781 et
1816 2728 2094 2797 recipien-

451 2815 611 2869 tibus
636 2814 858 2869 datum.
921 2814 1119 2883 Itaque
1165 2830 1300 2870 cum
1370 2803 1545 2870 manu
1576 2815 1706 2885 ejus
1761 2816 2008 2886 tingitur
2034 2822 2094 2874 et

451 2904 796 2972 baptizatur,
828 2903 928 2972 qui
976 2908 1126 2957 terra
1155 2904 1385 2973 genitus
1415 2908 1588 2970 esset,
1624 2912 1744 2958 tum
1779 2905 1950 2961 undis
1988 2907 2089 2962 ab-

448 2990 632 3047 luitur
655 2991 772 3059 ille,
804 2992 904 3063 qui
928 2997 1134 3047 natura
1156 2992 1487 3055 inviolatus,
1510 2995 1790 3063 solusque
1813 2995 2091 3051 mumdus

451 3085 509 3136 el:
540 3096 719 3150 purus
760 3086 862 3146 est,
916 3080 1192 3135 nimirum
1250 3098 1283 3134 a
1337 3087 1571 3151 peccato
1629 3098 1950 3153 repurgans
1988 3084 2087 3154 (2).

449 3165 558 3222 Sed
584 3165 741 3221 enim
772 3167 952 3236 hujus
983 3172 1153 3221 tanta:
1183 3172 1240 3222 et
1268 3168 1946 3240 tamsublimis,quzeque
1978 3188 2089 3226 na-

2216 607 2282 640 σα
2338 588 2596 659 ῥείθροις,
2654 585 3078 659 προηγουμένης
3133 590 3235 652 τῆς
3289 587 3398 638 τῶν
3482 581 3860 655 ἐπταισμένων

2213 674 2538 749 ἐξαγορείας,
2620 675 2712 728 καὶ
2791 680 2911 737 ταῖς
2992 671 3475 749 προτελεστηρίοις
3567 672 3863 745 καθάρσεσι

2215 762 2304 819 διὰ
2329 769 2426 819 τοῦ
2464 762 2659 824 ὕδατος
2705 762 3132 836 προαγνίζουσα,
3162 761 3238 822 εἰς
3267 761 3359 815 τὸν
3394 761 3512 832 μετ’
3556 758 3718 813 αὒτὸν
3768 759 3862 833 ἐρ-

2212 854 2455 925 χόμενον
2484 853 2796 926 ἐταμιεύετο
2836 850 3231 930 ἀσφαλέστατα.
3278 849 3470 917 Εύθὺς,
3502 848 3595 903 οῦν
3621 850 3714 904 καὶ
3756 848 3859 903 αύ-

2210 944 2305 1004 τὸς
2334 945 2363 997 ὁ
2396 941 2855 1015 προσδοκώμενος
2895 944 3127 1010 Ἰησοῦς,
3175 944 3277 1005 τῆς
3331 938 3627 998 Γαλιλαίας
3673 938 3857 1016 ἀφορ-

2217 1033 2412 1106 μηθεὶς
2451 1034 2527 1096 ὡς
2573 1034 2654 1094 εἷς
2702 1038 2812 1087 τῶν
2860 1030 3116 1100 πολλῶν,
3163 1051 3408 1104 προσεισι
3456 1028 3518 1082 τὸ
3572 1028 3863 1100 βάπτισμα

2214 1117 2590 1194 ἐκδεξόμενος’
2630 1122 2802 1195 τυχὸν
2852 1122 2946 1194 μὲν
2994 1118 3133 1174 ὥστε
3181 1120 3273 1174 καὶ
3318 1120 3381 1173 τὸ
3429 1117 3577 1192 ὕδωρ
3623 1121 3695 1190 τῇ
3742 1117 3858 1191 ἆφῆ

2213 1210 2537 1285 εὐλογῆσαι,
2579 1211 2819 1285 ἀγιάσων
2852 1208 2909 1264 δὲ
2937 1209 3028 1264 καὶ
3071 1209 3163 1262 τὸν
3206 1208 3513 1275 Βαπτιστὴν
3560 1209 3661 1274 τῆς
3710 1208 3862 1280 θεαρ-

2210 1307 2379 1376 χικῆς
2405 1300 2714 1372 ἁπτόμενος
2759 1306 3029 1377 κορυφῆς,
3070 1298 3160 1353 καὶ
3208 1303 3327 1359 τοῖς
3370 1294 3856 1370 καναδεδεγμένοις

2207 1390 2272 1443 τὸ
2330 1387 2477 1463 ὕδωρ
2535 1388 2595 1443 ἐκ
2648 1389 2884 1450 πίστεως
2938 1388 3030 1443 καὶ
3085 1389 3149 1442 τὸ
3207 1390 3424 1458 Πνεῦμα
3478 1385 3605 1460 παρ’
3663 1385 3855 1439 ἑαυτοῦ

2207 1478 2518 1553 προστιθείς
2543 1499 2556 1511 ο
2590 1477 2771 1534 πίστιν
2811 1499 2871 1533 τε
2907 1474 3113 1545 διδοὺς,
3163 1476 3237 1537 ὡς
3271 1473 3469 1543 ἐντολή
3523 1476 3657 1529 Θεοῦ
3686 1474 3724 1541 ἡ
3756 1476 3850 1526 τοῦ

2211 1567 2584 1641 βαπτίσματος
2616 1571 2870 1622 Ἰωάννου
2906 1563 3250 1634 διδασκαλία,
3282 1564 3476 1618 ἄνωθεν
3524 1563 3599 1623 εἰς
3648 1559 3843 1616 δικαιο-

2209 1658 2370 1726 σύνην
2435 1664 2554 1719 τοῖς
2624 1658 3005 1728 προσιεμένοις
3069 1652 3450 1726 δεδωρημένη.
3531 1653 3693 1708 Ταῦτ’
3754 1652 3849 1722 ἆρα

2206 1749 2293 1802 καὶ
2344 1745 2575 1820 παλάμῃ
2631 1746 2950 1821 βαπτίζεται
3010 1744 3296 1819 γηγενοῦς,
3353 1742 3445 1796 καὶ
3493 1742 3521 1795 ὁ
3566 1744 3636 1813 τῇ
3696 1744 3850 1815 φύσει

2127 1835 2499 1929 Βὰπρόσιτος
2548 1836 2636 1889 καὶ
2711 1836 2876 1906 μόνος
2942 1833 3173 1907 καθαρὸς
3242 1829 3427 1885 ὕδασιν
3491 1827 3850 1898 ἆπολούεται,

2208 1922 2305 1997 ἐμὲ
2332 1932 2433 1992 τῆς
2483 1923 2753 1999 ἁμαρτίας
2812 1921 3211 1995 ἀποκαθαίρων.
3273 1919 3371 1974 Καί
3423 1938 3486 1994 γε
3528 1924 3632 1986 τῆς
3686 1919 3851 1989 ὓπερ·

2210 2018 2377 2091 φυοῦς
2449 2015 2616 2068 αὐτοῦ
2684 2012 3056 2074 ταπεινώσεως
3120 2010 3281 2085 γὲρας
3369 2009 3482 2061 οἷον
3542 2007 3688 2079 ἄξιον
3758 2006 3850 2059 καὶ

2209 2104 2473 2178 ὑπερρυὶς
2531 2102 2815 2174 ἐκομίζετο
2863 2103 2925 2155 τὸ
2984 2099 3310 2173 ἀνεπτύχθαι
3361 2099 3455 2169 μὲν
3501 2096 3651 2166 αύτῷ
3695 2096 3850 2169 ἆνερ-

2208 2194 2433 2267 χομένῳ
2468 2196 2565 2246 τοῦ
2616 2189 2807 2251 ὕδατος
2855 2191 2953 2252 τὰς
2998 2189 3173 2248 πύλας
3222 2191 3319 2242 τοῦ
3367 2186 3621 2259 ούρανοῦ,
3678 2180 3743 2236 τό
3794 2180 3850 2237 δὲ

2208 2286 2428 2354 Πνεῦμα
2487 2283 2641 2354 ἅγιον
2702 2277 2831 2333 εῖδει
2887 2282 3202 2353 περιστερΞς
3268 2273 3348 2329 ἔπ’
3424 2274 3587 2327 αὐτὸν
3643 2269 3850 2339 ἐλθεῖν,

2205 2370 2496 2425 καὶεῖσαεί
2549 2371 2724 2440 μενειν
2774 2371 3104 2440 σωματικῶ’
3150 2366 3232 2419 ἐπ’
3282 2364 3468 2421 αὐτόν.
3518 2359 3693 2434 Ὁμοῦ
3741 2362 3849 2434 μὴν

2208 2458 2297 2513 διὰ
2342 2461 2405 2512 τὸ
2433 2456 2667 2531 καθαρῦν
2715 2460 2812 2511 τοῦ
2856 2460 3086 2525 πτηνοῦ,
3146 2449 3258 2527 ἅμα
3308 2451 3364 2507 δὲ
3412 2453 3502 2506 καὶ
3551 2450 3637 2504 ὅτι
3694 2470 3853 2524 περι-

2206 2550 2366 2622 στερὰ
2396 2546 2566 2602 πάλαι
2598 2548 2728 2601 ποτε
2774 2548 2875 2614 τὴν
2909 2550 3007 2599 τοῦ
3054 2541 3443 2613 κατακλυσμοῦ
3473 2539 3629 2594 λύσιν
3678 2539 3848 2613 εύηγο

2203 2636 2480 2711 γελίσατο,
2511 2638 2599 2691 καί
2630 2640 2720 2689 νῦν
2770 2634 2948 2689 εἷλκεν
2994 2634 3083 2688 ἐπὶ
3120 2634 3210 2686 τὸν
3261 2630 3704 2704 μαρτυρούμενον
3749 2631 3848 2698 τὴν

2204 2728 2386 2803 φωνήν
2433 2730 2531 2779 τοῦ
2591 2726 2798 2794 Πατρὸς
2850 2723 3055 2778 ἄνωθεν
3112 2722 3240 2796 ἢχῳ
3287 2721 3541 2794 βροντῆς,
3586 2715 3841 2792 διάτορον

2201 2817 2523 2891 ἐξηχοῦσαν,
2572 2817 2695 2870 Υἱὸν
2740 2818 2929 2867 τοῦτον
2978 2811 3255 2885 ἀγαπητὸν
3306 2811 3396 2862 ἅτε
3445 2806 3513 2876 δὴ
3569 2814 3839 2882 μονογενῆ

2201 2903 2331 2959 ὄντα
2392 2906 2935 2978 προσμαρτυροῦσαν,
2991 2901 3084 2954 καὶ
3138 2899 3199 2953 τὸ
3264 2895 3440 2951 θέλειν
3509 2895 3714 2949 ἐκείνου
3780 2896 3837 2949 ἓν

2199 2994 2379 3064 τούτῳ
2400 2994 2484 3063 ὃν,
2514 2993 2602 3046 καὶ
2633 2993 2732 3058 τήν
2782 2995 2879 3044 τοῦ
2919 2988 3091 3043 καλοῦ
3140 2986 3338 3048 παντὸς
3384 2982 3600 3051 δόκισίν
3627 3003 3685 3035 τε
3735 2983 3827 3035 καὶ

2201 3082 2474 3155 εὐλογίαν.
2532 3086 2591 3137 Ὁ
2638 3081 2731 3148 μὲν
2778 3078 2873 3132 οῦν
2925 3079 3177 3145 Ἰωάννης
3227 3075 3426 3147 μείζων
3476 3072 3673 3127 πάντων
3719 3071 3822 3124 ὑπὸ

2199 3178 2299 3240 τῆς
2344 3168 2733 3238 αὺτοαληθείας
2783 3166 3165 3241 μαρτυρηθεῖς,
3214 3164 3304 3218 καὶ
3354 3164 3454 3232 τήν
3498 3164 3590 3215 τοῦ
3640 3157 3830 3235 βαπτί-

450 3261 642 3311 turam
679 3234 869 3326 ipsam
920 3260 1175 3325 superet,
1225 3256 1607 3312 submissinis
1625 3262 1682 3312 et
1717 3234 2087 3327 humilitatis,

2202 3279 2407 3332 σματος
2456 3254 2730 3312 διακονίαδ
2781 3256 2971 3330 ἁριστα
3015 3254 3107 3308 καὶ
3148 3254 3221 3314 ὡς
3270 3252 3440 3327 ἐχρῆν
3492 3249 3676 3321 ἐκείνῳ
3722 3249 3834 3318 ἑξη-

448 3342 770 3398 maximum
804 3342 970 3397 illum
1004 3347 1387 3414 naturamque
1410 3343 1612 3399 itidem
1634 3346 2088 3417 supergredien-

445 3439 562 3487 tem
596 3432 791 3487 retulit
846 3433 1149 3501 honorem,
1181 3433 1334 3503 quod
1367 3433 1421 3487 ei
1469 3448 1538 3487 ex
1568 3434 1748 3488 undis
1780 3434 2068 3504 prodeunt

446 3527 627 3593 portae
665 3521 788 3576 caeli
827 3522 1190 3592 aperiuntur,
1222 3530 1277 3576 et
1316 3521 1568 3591 Spiritus
1599 3529 1838 3579 sanctus
1867 3523 2087 3580 colum-

444 3615 526 3667 ba:
557 3613 749 3683 specie
796 3628 974 3683 super
1002 3612 1197 3682 ipsum
1241 3612 1565 3679 descendit,
1608 3620 1998 3685 perpetuoque
2026 3614 2082 3669 in

438 3702 566 3772 ipso
597 3700 971 3772 corporaliter
1016 3707 1233 3757 manet.
1268 3702 1510 3757 Factum
1558 3702 1641 3771 id,
1684 3719 1813 3758 cum
1848 3708 2082 3775 propter

431 3789 682 3844 volucris
707 3790 893 3859 ipsius
941 3792 1275 3861 puritatem,
1304 3796 1427 3845 tum
1458 3790 1612 3861 quod
1642 3791 1912 3847 columba
1942 3794 2075 3848 olim

427 3878 628 3931 diluvii
662 3880 835 3933 linem
883 3879 1014 3934 leto
1069 3880 1329 3951 praedixit
1372 3881 1577 3936 nuntio
1610 3898 1626 3947 ;
1658 3888 1716 3936 et
1746 3899 1899 3937 nunc
1941 3898 2082 3953 quo-

423 3983 535 4037 que
565 3984 789 4033 secum,
820 3968 880 4023 in
909 3985 1042 4023 eum
1076 3970 1176 4040 qui
1222 3969 1556 4025 testimonio
1586 3972 2077 4041 comprobabatur

423 4073 455 4110 e
481 4056 626 4110 cmlo
673 4054 939 4112 fulminis
985 4074 1151 4123 sono,
1184 4057 1369 4113 Patris
1397 4074 1595 4114 vocem
1636 4061 1813 4114 traxit
1842 4060 1997 4115 clare
2020 4066 2078 4116 et

420 4145 654 4213 diserte,
692 4144 907 4201 Filium
956 4146 1113 4201 hunc
1152 4146 1429 4202 dilectum
1473 4152 1528 4202 et
1558 4149 1949 4218 unigenitum,
1982 4166 2075 4205 vo-

418 4234 827 4306 luntatemque
857 4253 1024 4292 suam
1065 4238 1122 4292 in
1173 4237 1281 4292 hoc
1340 4254 1474 4305 uno,
1526 4239 2075 4311 beneplacitumque

418 4340 587 4379 omne
642 4330 700 4379 et
756 4326 1217 4382 benedictionem
1269 4343 1418 4394 esse,
1451 4328 1937 4400 promulgantem.
1970 4330 2073 4384 Hic

2196 3350 2393 3417 νυκὼς,
2450 3347 2539 3401 καὶ
2612 3352 2689 3418 τῷ
2745 3344 2963 3422 νομιρίῳ
3018 3346 3233 3416 Χριστῷ
3291 3342 3387 3409 τήν
3442 3339 3663 3415 νύμφην
3720 3340 3837 3392 Ἐκ-

2192 3439 2428 3507 κλησίαν
2508 3438 2821 3509 θεοπρεπῶς
2912 3432 3438 3509 κατεγγυησάμενος,
3508 3428 3601 3483 καὶ
3667 3428 3834 3500 ἀμνὸν

2193 3530 2327 3581 Θεοῦ
2372 3526 2463 3578 τὸν
2536 3523 2767 3595 Χριστὸν
2811 3526 2928 3582 τοῖς
2977 3526 3105 3574 πᾶσι
3158 3516 3546 3592 ὃιατρανώσας,
3591 3517 3695 3585 τὴν
3753 3536 3839 3570 κοο

2191 3618 2392 3688 σμικὴν
2444 3614 2707 3686 ἁμαρτίαν
2768 3616 2846 3681 τῷ
2893 3608 3013 3682 ἰδίῳ
3059 3610 3149 3663 καὶ
3198 3606 3393 3662 ἀπαθεῖ
3447 3606 3671 3680 αἴροντα
3727 3606 3837 3658 σώ-

2191 3726 2341 3777 ματι,
2406 3704 2470 3757 ού
2524 3707 2602 3773 τῷ
2661 3698 2883 3774 Ἀνδρέᾳ
2938 3698 3026 3754 καὶ
3082 3697 3269 3771 Πέτρῳ
3331 3695 3517 3769 μόνον,
3561 3694 3653 3748 καὶ
3705 3698 3831 3748 πᾶσι

2184 3798 2300 3854 τοῖς
2350 3790 2609 3861 τηνικάδε
2662 3789 2947 3861 ὁμιλοῦσιν
2988 3787 3158 3857 αὐτῷ,
3210 3784 3357 3841 ἀλλά
3401 3784 3491 3838 κάξ
3540 3784 3699 3837 παντέ
3751 3786 3831 3854 τῷ

2183 3882 2398 3954 κόσμῳ,
2462 3880 2553 3935 καὶ
2609 3885 2728 3941 ταῖς
2783 3876 2971 3956 ἐφεξῆς
3039 3876 3272 3935 ἀπάσαις
3333 3870 3551 3943 δηλαδή
3623 3877 3828 3945 γενεαῖς

2181 3975 2289 4025 τῶν
2359 3970 2679 4043 ἀνθρώπων,
2738 3968 2860 4021 me»
2916 3969 3051 4020 Θεοῦ
3104 3969 3195 4018 καί
3246 3963 3375 4017 Θεὸν
3429 3958 3601 4034 Λόγον
3632 3960 3830 4015 ἄνωθεν

2183 4059 2272 4114 ἐπὶ
2341 4058 2585 4132 σωτηρίᾳ
2670 4056 2880 4111 πάντων
2971 4052 3290 4129 ἐρχόμενον,
3351 4048 3557 4124 δοτῆρά
3610 4070 3669 4103 τε
3733 4053 3829 4104 τοῦ

2181 4149 2519 4220 Πνεύματος,
2574 4146 2663 4200 καὶ
2720 4152 2818 4214 τῆς
2895 4143 3165 4203 υἱοθεσίας
3246 4142 3425 4215 ἀρχὴν
3492 4138 3581 4192 καὶ
3637 4139 3825 4211 πηγήν

2181 4234 2309 4295 ὅντα
2338 4244 2455 4300 τοῖς
2507 4238 2657 4308 αὐτῷ
2706 4233 3045 4290 πιστεύουσιν
3109 4234 3138 4287 ὁ
3187 4230 3619 4289 θεοπτικώτατος
3664 4227 3825 4301 ἀναγ-

2183 4324 2424 4401 γέλλων,
2455 4325 2546 4378 καὶ
2596 4322 2757 4400 φίλον
2807 4321 2902 4395 μὲν
2969 4320 3158 4374 ἑαυτὸν
3214 4322 3293 4390 τῷ
3356 4322 3458 4386 τῆς
3516 4313 3828 4392 φιλανθρω-

2179 4415 2309 4476 πίας
2366 4408 2770 4485 ύπερϐάλλοντι
2828 4410 2962 4464 εἶναι
3019 4406 3251 4476 ἐκείνου,
3304 4406 3381 4478 μή
3428 4406 3543 4459 οἷον
3594 4401 3652 4458 δὲ
3699 4403 3825 4458 ὄντα

417 4415 600 4488 igitur
625 4418 898 4482 Joannes,
938 4418 1124 4487 major
1165 4418 1441 4474 omnibus
1471 4417 1781 4490 ipsiseimas
1814 4419 2072 4474 veritatis

419 4506 751 4562 testimonio
800 4506 1206 4576 conﬁrmatus,
1276 4507 1550 4579 baptismi
1602 4508 1948 4579 ministerio,
1991 4510 2073 4563 ita

2201 4507 2284 4557 ῖῶν
2319 4510 2422 4572 τῆς
2474 4502 2795 4573 οἰκονομίας
2852 4498 3032 4574 λόγων
3095 4494 3236 4569 μηδέ
3289 4496 3389 4564 τήν
3447 4493 3683 4569 ἐσχάτην
3733 4494 3826 4547 καὶ

418 4596 500 4649 uti
553 4596 848 4664 decuerat,
928 4611 1106 4666 quam
1174 4598 1387 4667 optime
1463 4598 1793 4666 defunctus,
1858 4615 2066 4670 sponso

2201 4593 2527 4668 ιραχυτάτην
2571 4591 2728 4647 λύσιν
2763 4589 2960 4663 εύρεῖν,
3016 4585 3104 4642 διά
3144 4588 3243 4654 τήν
3289 4585 3519 4663 φυσικὴν
3565 4583 3827 4638 ταπεινό-

415 4683 645 4739 Christo
673 4700 953 4756 sponsam
984 4685 1296 4740 Ecclesiam
1331 4685 1741 4743 decentissime
1769 4687 2066 4758 amplissi-

2201 4704 2335 4755 τητα,
2394 4685 2560 4755 τρανῇ
2621 4687 2751 4736 πᾶσι
2803 4678 3030 4754 γλώσσῃ
3090 4674 3313 4751 ἐκήρυξε
3355 4694 3414 4729 τε
3457 4673 3546 4728 καὶ
3589 4671 3826 4727 ἐπιστώ-

414 4789 621 4843 meque
650 4772 1034 4845 desponsavit,
1084 4771 1190 4829 87
1220 4790 1435 4843 agnum
1468 4775 1569 4830 Dei
1600 4776 1892 4831 Christum
1936 4792 2071 4832 voce
2182 4794 2332 4829 σατο.

415 4863 747 4918 clarissima
777 4864 978 4919 mundi
1001 4864 1179 4918 totius
1225 4870 1522 4933 peccatum
1554 4880 1792 4935 corpore
1822 4881 1948 4932 suo,
1992 4865 2146 4937 quod
2196 4863 2605 4921 affectionibus
2627 4860 3011 4917 deterioribus
3060 4856 3335 4913 omnibus
3368 4869 3583 4922 carere,
3615 4853 3826 4911 tollen-

416 4956 531 5007 tem
568 4969 723 5009 :non
757 4956 984 5007 tantum
1024 4952 1277 5007 Andream
1303 4957 1361 5007 et
1418 4952 1604 5018 Petro,
1665 4956 2051 5024 omnibusque
2087 4955 2185 5025 qui
2215 4959 2344 5009 tum
2386 4969 2517 5009 cum
2565 4968 2631 5007 eo
2662 4950 3173 5015 conversabantur,
3227 4946 3329 5003 sed
3370 4950 3425 5002 et
3453 4944 3558 4999 toti
3601 4946 3825 5002 mundo

415 5046 473 5096 et
503 5042 776 5097 omnibus
833 5041 1041 5098 deinde
1106 5042 1578 5113 generationibus
1629 5043 1931 5100 hominum
1967 5044 2295 5116 designavit
2328 5042 2575 5098 :Filium
2608 5040 2774 5096 illum
2806 5040 2930 5106 Dei,
2962 5048 3016 5093 et
3047 5042 3224 5092 Deum
3276 5034 3553 5105 Verbum,
3587 5034 3827 5090 cmlitus

419 5138 648 5202 prOpter
678 5132 926 5187 salutem
967 5133 1231 5187 omnium
1288 5133 1635 5200 demissum,
1695 5135 2065 5205 datoremque
2122 5134 2395 5205 Spiritus,
2453 5138 2511 5188 et
2565 5129 2891 5202 adoptionis
2938 5127 3193 5182 ﬁliorum
3223 5124 3326 5180 Dei
3381 5124 3734 5196 principium
3769 5128 3827 5180 et

414 5220 662 5286 fontem,
715 5222 990 5277 omnibus
1048 5220 1134 5276 illi
1181 5221 1568 5289 credentibus,
1629 5227 1920 5293 spectator
1979 5223 2105 5294 ipse
2137 5222 2239 5278 Dei
2268 5222 2648 5278 annuntians.
2710 5219 2777 5274 Et
2824 5218 3082 5273 amicum
3112 5214 3348 5287 quidem
3407 5229 3467 5268 se
3523 5213 3674 5282 ejus,
3715 5229 3823 5284 pro

419 5310 720 5366 excellenti
766 5310 928 5367 illius
965 5311 1029 5365 in
1086 5325 1270 5381 genus
1325 5311 1655 5367 humanum
1703 5312 1983 5368 cbarilate
2034 5316 2127 5368 est
2165 5312 2461 5383 professus
2493 5327 2507 5365 :
2540 5313 2636 5366 sed
2685 5308 2765 5364 ita
2792 5313 3015 5374 tamen,
3071 5309 3137 5360 ut
3177 5302 3510 5359 ceconomie
3538 5306 3598 5358 et
3627 5302 3824 5357 admi-

415 5399 777 5456 nistrationis
804 5401 931 5471 ejus
969 5399 1262 5456 rationum
1312 5416 1385 5457 ne
1432 5401 1693 5457 infimam
1746 5402 1984 5474 quidem
2035 5406 2093 5458 et
2122 5401 2450 5468 minimam,
2484 5407 2713 5472 propter
2763 5395 3088 5455 naturalem
3134 5393 3501 5462 tenuitatem,
3538 5392 3821 5463 disquisi-

414 5490 633 5547 tionem
663 5490 922 5547 invenire
951 5494 1192 5562 possest.
1226 5491 1288 5546 Id
1313 5490 1409 5547 ille
1440 5508 1538 5547 ore
1566 5492 1721 5549 claro
1749 5497 1808 5549 et
1828 5493 2042 5550 diserto
2074 5491 2349 5549 omnibus
2396 5489 2826 5563 depraedicavit,
2856 5493 2913 5544 et
2966 5483 3320 5559 persuadere
3346 5489 3438 5539 est
3467 5486 3738 5538 conatus.

482 5600 567 5674 (l)
599 5598 789 5675 Paleis
825 5601 976 5675 sunt
994 5599 1302 5675 apostasia.
1339 5599 1722 5675 Frumentum
1753 5601 1792 5656 ii
1835 5602 1934 5675 qui
1980 5602 2053 5658 ad
2235 5601 2311 5675 (2)
2342 5599 2578 5658 Peccata
2607 5615 2735 5673 quae
2774 5613 2891 5655 non
2938 5594 3162 5663 detulit,
3193 5608 3305 5651 nos
3337 5590 3622 5650 abluendo
3676 5607 3818 5649 sus-

416 5669 596 5731 Deum
633 5670 749 5725 ﬁde
765 5670 1138 5727 fructificant.
1167 5669 1368 5743 (Iren.)
1852 5669 1871 5675 “
2168 5669 2322 5730 tulit.
