4096 6284
259 402 383 464 689

898 542 1157 595 ΚΕΦΔΛ.
1200 545 1268 593 ΙΘ
1294 580 1307 594 .

1308 400 1926 465 ECCLESIASTIC/E
1966 399 2359 462 HISTORIE
2404 401 2547 462 LIB.
2593 402 2643 464 Ι.

1941 535 1999 603 Α
2629 536 2866 596 CAPUT
2894 539 3051 598 XIX.

3552 408 3672 474 690

262 649 379 707 Ὠς
414 639 897 737 εἰςέλεγχογνὸ
927 644 1248 737 Ἰδωάγνης
1286 643 1373 737 τῷ
1422 642 1883 737 ζΗρρῦδῃΗκατέ

2023 646 2371 737 ΠιηΙοατξηεξ
2425 644 2684 737 Heroden}
2720 646 2817 732 oin
2882 649 3087 733 [aciem
3134 655 3385 737 arguerit
3450 662 3669 726 propter

334 738 458 805 σξη
498 715 605 772 διὰ
782 714 1358 805 Ἥρρδιάδακλςκαῖ
1411 714 1912 805 ώςέτμηθηνέν

328 795 422 860 τῷ
448 785 960 867 συμποσίῳῌτήᾼν
992 785 1312 867 κεφαλὴν,
1341 789 1449 842 καὶ
1496 785 1639 850 τοῖς
1689 786 1751 843 ἐν
1790 785 1909 859 ᾅδη

331 859 645 935 κηρύξων
676 859 993 934 προῆλθε.

332 988 492 1045 Ἐπεὶ
554 986 602 1043 δ’
648 987 841 1062 ἐχρῆν,
875 985 1054 1061 ὥσπερ
1098 992 1216 1049 τοῖς
1256 987 1308 1041 ἐν
1357 988 1572 1058 σώματι
1631 987 1908 1055 ζῶσι,τήν

260 1076 513 1151 ἔνσωμον
576 1078 811 1153 Χριστοῦ
868 1078 1160 1151 παρουσίαν
1216 1075 1491 1152 ἐκήρυξεν,
1554 1074 1621 1128 ἵν’
1696 1073 1907 1137 ἐντελὲς

258 1165 294 1240 ᾖ
338 1168 402 1220 τὸ
466 1160 629 1240 ἔργον
690 1166 865 1237 αὐτῷ,
914 1167 1010 1220 κάν
1063 1170 1144 1237 τῷ
1200 1160 1301 1238 ᾅδῃ
1376 1164 1642 1239 γενέσθαι,
1692 1165 1907 1218 κάκεῖσε

259 1253 324 1323 δὴ
375 1254 810 1331 προαναγγεῖλαι
890 1259 1010 1315 ταῖς
1064 1254 1175 1308 ἐκεῖ
1222 1252 1643 1330 καθειργμέταις
1696 1256 1903 1330 ψυχαῖς

257 1346 355 1412 τὴν
411 1341 507 1398 διὰ
550 1343 782 1405 πίστεως
830 1344 955 1398 ὅσον
1003 1341 1111 1413 ἤδη
1158 1343 1419 1415 ἐσομένην
1480 1341 1754 1417 σωτηρίαν
1812 1343 1899 1397 καὶ

257 1432 649 1509 ἀπολύτρωσιν
687 1453 700 1465 ·
757 1430 848 1487 διά
892 1453 977 1487 τοι
1025 1436 1189 1487 τοῦτο
1238 1430 1316 1494 εἵς
1365 1429 1632 1505 ἔλλεγχον
1683 1432 1777 1502 μὲν
1824 1434 1904 1502 τῷ

257 1521 480 1599 Ἡρώδῃ
539 1521 873 1589 καθίσταται,
926 1523 985 1583 ’ὀς
1043 1528 1141 1587 τῆς
1201 1518 1340 1583 ἰδίας
1401 1517 1666 1594 ὑπεριδὼν
1714 1540 1902 1594 γυναι-

258 1612 347 1673 κὸς
408 1612 677 1685 (Θυγάτηρ
726 1608 783 1665 δὲ
826 1612 893 1679 ἧν
942 1611 1077 1680 αὕτη
1132 1615 1227 1665 τοῦ
1291 1604 1540 1682 Ἀράϐων
1608 1606 1900 1684 βασιλέως,

254 1699 498 1774 Ἆρὲτα),
532 1700 623 1753 καὶ
670 1700 732 1753 τὸ
782 1698 916 1774 πρὸς
965 1700 1132 1766 αῧτὴν
1182 1698 1446 1771 ἀτιμάσας
1494 1695 1745 1773 φῖλτρον,
1777 1696 1901 1757 τοὺς

2091 716 2497 797 Herodiadem;
2528 721 2669 797 et__ut
2688 719 2760 797 Δἱδ
2785 722 2844 772 in
2874 716 3117 797 convivio
3154 716 3330 793 capite
3358 716 3665 797 truncatus,

2087 788 2161 842 ad
2180 790 2406 857 inferos,
2430 789 2833 860 praedicaturus
2863 792 2962 859 ibi,
2982 788 3326 864 processerit.

2087 984 2571 1056 Quandoquidem
2634 1002 2769 1041 vero
2826 987 3086 1054 decebat,
3160 993 3658 1061 quemadmodum

2011 1073 2086 1127 iis
2118 1074 2213 1143 qui
2244 1075 2303 1129 in
2326 1075 2670 1143 corporibus
2698 1083 2991 1131 versantes
3047 1076 3267 1146 vivunt,
3300 1081 3659 1151 corporalem

2011 1162 2227 1219 Christi
2259 1164 2627 1234 praesentiam
2661 1163 3090 1234 praedicaverat,
3114 1182 3228 1236 quo
3246 1168 3331 1223 eis
3354 1185 3501 1240 opus
3534 1187 3658 1226 mu-

2012 1267 2242 1322 nusque
2291 1250 2401 1306 tale
2438 1251 2595 1306 omni
2638 1268 2708 1307 ex
2755 1257 2917 1323 parte
2965 1254 3287 1326 perfectum
3336 1264 3653 1327 constaret,

2009 1341 2088 1394 ud
2120 1339 2195 1395 ad
2227 1340 2445 1395 inferos
2476 1356 2706 1411 quoque
2729 1345 2964 1408 mearet,
2979 1343 3124 1398 stibi
3148 1344 3321 1399 etiam
3346 1346 3647 1403 animabus

2009 1429 2326 1496 conclusis,
2358 1432 2601 1500 jamjam
2634 1446 2734 1499 per
2764 1431 2933 1486 ﬁdem
2966 1432 3362 1489 advenientem
3395 1437 3645 1493 salutem

2009 1523 2068 1574 et
2095 1519 2497 1575 liberationem
2528 1520 2903 1575 annuntiaret
2930 1538 2944 1575 :
2977 1537 3046 1576 ea
3074 1522 3203 1593 ipsa
3230 1523 3302 1578 de
3331 1541 3504 1580 causa
3543 1533 3656 1582 tie-

2008 1610 2208 1665 rodem
2256 1610 2335 1681 (1)
2373 1610 2682 1665 manifeste
2740 1611 2797 1666 in
2850 1610 3054 1666 faciem
3107 1612 3502 1683 reprehendit,
3554 1618 3649 1687 qui

2009 1699 2241 1770 propria
2271 1699 2487 1770 rejects
2515 1699 2761 1771 conjuge
2781 1699 2926 1770 (ﬁlia
2957 1700 3079 1757 haec
3108 1705 3232 1756 erat
3259 1704 3513 1759 Arabum
3563 1722 3649 1761 re-

258 1790 392 1864 πρὸς
481 1785 801 1863 Ἡρωδιάδα
880 1786 1155 1849 διακένους
1243 1782 1448 1860 ἔρωτας
1528 1790 1624 1841 τοῦ
1708 1786 1886 1842 παντὸς

2006 1789 2097 1859 gis
2112 1790 2335 1855 Aratea),
2351 1787 2767 1859 amoribusque
2784 1790 2911 1859 ejus
2927 1789 3131 1845 nuntio
3145 1792 3417 1857 remisso,
3437 1809 3644 1848 vanam

258 1877 431 1948 ἠξίου.
483 1876 697 1947 Ταύτην
748 1878 837 1933 καὶ
880 1879 981 1951 γὰρ
1030 1882 1261 1951 γυναῖκα
1310 1875 1470 1930 οὖσαν
1516 1880 1614 1930 τοῦ
1664 1873 1886 1952 ἀδελφοῐ

2011 1884 2065 1932 et
2093 1877 2345 1932 eﬂ‘mtam
2374 1892 2511 1948 erga
2541 1876 2914 1932 Herodiadem
2936 1877 3296 1936 affectionem
3328 1881 3504 1936 rebus
3536 1899 3651 1937 om-

261 1966 546 2022 Φιλίππου
595 1967 853 2043 ἠγάγετο,
909 1967 984 2035 μὴ
1052 1970 1132 2036 τῷ
1184 1964 1341 2038 νόμῳ
1392 1963 1582 2019 δοκοῦν
1619 1984 1631 1995 ·
1685 1964 1886 2038 σπέρμα

2010 1965 2183 2021 nibus
2215 1965 2621 2037 anteponebat.
2656 1965 2816 2020 Hanc
2863 1965 2981 2033 ille,
3032 1982 3161 2022 cum
3225 1984 3461 2024 uxorem
3521 1985 3648 2026 esse

258 2058 352 2131 γὰρ
402 2058 551 2131 εἶχεν
594 2055 654 2110 ἐκ
702 2052 996 2131 τάδελφοῦ,
1044 2056 1133 2109 καὶ
1181 2060 1350 2110 ταῦτα
1387 2048 1468 2109 ἔτι
1518 2058 1597 2125 τῷ
1649 2054 1755 2128 βίῳ
1801 2074 1886 2108 πε-

2007 2057 2183 2112 sciret
2211 2056 2406 2111 fratris
2438 2055 2686 2127 Philippi
2718 2056 2814 2126 (2),
2846 2065 3046 2112 contra
3083 2056 3228 2129 legis
3277 2059 3647 2115 constitutio-

260 2147 491 2221 ριόντος,
557 2146 632 2207 ὡς
688 2146 941 2215 Ἰωσήπῳ
999 2141 1188 2199 δοκεῖ·
1250 2142 1475 2206 ἐκείνοις
1533 2144 1636 2217 γὰρ
1693 2142 1886 2219 ἐφεῖταί

2005 2162 2137 2201 nem
2171 2150 2387 2214 (semen
2417 2145 2575 2199 enim
2607 2144 2853 2199 habebat
2881 2161 2949 2200 ex
2979 2146 3173 2217 fratre)
3203 2150 3260 2202 et
3304 2148 3534 2217 quidem
3578 2166 3645 2205 eo

261 2234 441 2304 μόνοις
482 2238 646 2287 τοῦτο
705 2237 905 2301 ποιεῖν,
951 2237 1066 2293 τοῖς
1124 2229 1330 2285 παίδων
1391 2231 1510 2287 ἄνευ
1558 2230 1886 2286 ἀπολιποῦσι

2003 2236 2192 2291 adhuc
2213 2235 2549 2307 superstite,
2598 2240 2664 2289 ut
2701 2234 2950 2305 Josepbo
2979 2236 3229 2296 videtur.
3271 2238 3533 2295 duxerat.
3566 2244 3643 2295 De

256 2323 342 2375 τὸν
391 2322 508 2395 βίον
545 2343 557 2354 ·
619 2323 756 2375 κατὰ
803 2321 1060 2385 πρόνοιαν
1120 2322 1361 2389 πάντως,
1420 2318 1550 2374 ὥστ’
1597 2320 1894 2388 ἀναστῆσαι

259 2411 470 2484 σπέρμα
499 2416 615 2473 τοῖς
647 2408 931 2487 ἀδελφοῖς.
962 2411 1223 2479 Ἰωάννης
1255 2408 1302 2464 δ’
1345 2408 1586 2484 ἐλέγχων
1625 2411 1687 2463 τὸ
1715 2410 1890 2481 παρά-

258 2521 421 2572 νομον
481 2501 581 2556 οὐκ
636 2499 793 2556 ἀνίει.
852 2501 909 2554 Ὀ
967 2497 1042 2567 δὲ,
1116 2500 1298 2554 καίτοι
1376 2499 1637 2571 πρότερον
1714 2496 1889 2567 ἡδέως

261 2590 466 2643 ἀκούων
495 2589 676 2659 αὐτοῦ,
710 2590 799 2643 κσὶ
838 2609 899 2662 γε
931 2586 1088 2650 εἰδὼς
1122 2587 1266 2643 πολὺ
1295 2590 1388 2642 τὸν
1420 2588 1587 2661 μέγαν
1634 2590 1696 2642 τὸ
1743 2584 1888 2642 αἰδέ-

269 2698 424 2747 σιμον
469 2677 682 2753 ἕχοοτα,
732 2679 888 2750 ὅμως
939 2676 1289 2755 ἴσχυρότερος
1342 2676 1370 2730 6
1408 2684 1507 2746 τῆς
1555 2674 1889 2751 Ἡρωδιάδος

270 2761 404 2838 ἔρως
444 2768 582 2837 αὖτῷ
628 2767 894 2839 ἐμπεσὼν,
928 2766 1230 2836 κατημέλει
1266 2770 1373 2819 τῶν
1420 2765 1622 2820 ἐκείνου
1680 2766 1886 2839 λόγων.

274 2853 373 2909 Καὶ
426 2856 513 2909 τὸν
564 2856 656 2929 μὲν
696 2854 879 2911 ἐδίδου
927 2860 1133 2933 φρουρᾷ
1184 2874 1198 2888 ·
1248 2853 1406 2916 εἰδὼς
1462 2853 1517 2909 δὲ
1557 2856 1585 2909 6
1626 2856 1884 2923 Ἰωάννης

274 2943 390 2997 ὅσον
421 2942 553 2999 οὕτω
591 2944 733 3000 ἔσται
762 2947 852 2999 τὸν
905 2946 1023 3020 βίον
1054 2944 1364 3010 ἀπολιπὼν,
1400 2942 1494 2998 δύο
1534 2945 1745 3018 πάμπει
1775 2944 1882 2999 τῶν

266 3034 509 3105 μαθητῶν
556 3036 760 3104 Ἰησοῦ,
789 3036 889 3103 τήν
931 3036 1052 3108 περὶ
1106 3034 1268 3089 αὐτοῦ
1313 3034 1565 3089 ὑπόνοιαν
1612 3035 1880 3108 ἀναιρῶν·

257 3122 448 3197 πολλῷ
476 3124 576 3199 γὰρ
611 3125 783 3197 μείζω
807 3125 898 3179 τὸν
951 3126 1207 3193 Ἰωάννην
1258 3123 1431 3197 ᾤοντο
1476 3128 1573 3178 τοῦ
1626 3129 1879 3198 Χριστοῦ,

254 3212 312 3269 Ὀ
341 3211 395 3267 δέ
424 3211 590 3286 μηδὲν
627 3216 763 3287 πρὸς
811 3216 911 3282 τήν
965 3213 1230 3287 ἐρώτησιν
1272 3212 1527 3281 ἐπειπὼν,
1557 3214 1623 3267 τά
1677 3220 1878 3287 σημεῖα

256 3299 428 3378 ἔλεγεν
485 3302 841 3379 ἀναγγέλλειν
900 3308 981 3375 τῷ
1030 3304 1249 3377 Ἰωαννῃ
1311 3304 1384 3356 ὧν
1442 3302 1734 3376 αὐτουργὸς
1783 3304 1873 3372 ἧν.

251 3391 331 3453 Ὦς
389 3390 433 3445 δ’
492 3392 688 3447 ἐκεῖνοι
747 3392 799 3446 ἰν
857 3396 936 3464 τῷ
997 3387 1202 3466 βεϐαίῳ
1258 3391 1411 3459 ἦσαν,
1476 3391 1812 3464 βουλόμενος
1852 3393 1880 3447 6

251 3481 470 3552 Χριστὸς
521 3482 613 3536 καὶ
661 3487 782 3541 τοῖς
834 3486 1140 3553 παρεστῶσι
1195 3481 1430 3550 τάληθὲς
1476 3479 1778 3553 ὑποδεῖξαι,
1812 3470 1890 3536 δι’

248 3567 459 3624 ἐπαίνου
504 3571 603 3625 τὸν
656 3571 909 3637 Ἰωάννην
960 3575 1217 3635 ποιεῖται,
1260 3569 1539 3647 ὑπεροχὴν
1585 3569 1731 3642 αὺτῷ
1784 3592 1882 3642 με-

247 3656 429 3732 γίστην
467 3663 905 3734 προσμαρτυρῶν
942 3678 955 3692 ⁸
998 3660 1083 3712 καὶ
1142 3658 1357 3729 μείζονα
1404 3664 1510 3712 τῶν
1578 3657 1630 3712 ἐν
1690 3680 1882 3732 γεννη-

243 3752 353 3807 τοῖς
383 3750 473 3802 καὶ
524 3748 909 3820 περισσότερον
955 3748 1242 3825 προφήτου
1287 3748 1662 3820 ἀνακηρύττει.
1696 3749 1881 3802 Ἐπει-

243 3856 305 3891 τα
343 3838 441 3906 τήν
480 3844 585 3907 τῆς
652 3835 944 3898 κολακείας
1011 3836 1265 3890 ὑπόνοιαν
1314 3837 1571 3910 ἀναιρῶν,
1626 3838 1881 3909 μικρότε-

248 3945 330 3999 ρον
368 3929 462 4000 μέν
510 3927 703 3982 ἑαυτὸν
753 3925 888 3980 κατὰ
935 3928 1037 3995 τήν
1085 3924 1304 3980 ἐκείνων
1356 3925 1511 3994 δόξαν
1541 3927 1719 3993 καλεῖ,
1757 3929 1883 3998 μεί-

246 4019 370 4083 ζονα
414 4014 470 4071 δὲ
514 4016 668 4076 αὗθις
717 4012 921 4069 ἐκείνου
963 4013 1015 4067 ἐν
1045 4011 1115 4086 τῇ
1173 4013 1420 4087 βασιλείᾳ
1466 4019 1571 4069 τῶν
1617 4014 1877 4088 οὐρανῶν.

243 4107 385 4160 Μετὰ
429 4110 593 4161 τοῦτο
642 4103 860 4159 δεῖπνον
920 4100 1172 4179 Ἡρώδης
1227 4103 1399 4158 ἐποίει
1455 4110 1573 4165 τοῖς
1621 4105 1883 4178 γενεσίοις

242 4196 426 4252 αὐτοῦ.
480 4197 579 4253 Καὶ
637 4194 836 4268 προῄει
899 4194 994 4265 μὲν
1049 4195 1077 4247 6
1134 4194 1318 4257 πότος,
1378 4194 1467 4248 καὶ
1531 4196 1881 4270 ψυχαγωγίαι

240 4286 368 4354 ἦσαν
421 4286 496 4347 ὡς
557 4282 828 4339 πλεῖσται.
888 4282 1017 4337 Ἐπὶ
1065 4279 1122 4335 δὲ
1168 4282 1384 4343 τούτοις
1432 4283 1523 4337 καὶ
1553 4287 1587 4351 ἡ
1620 4291 1719 4353 τῆς
1753 4306 1881 4355 μοι-

243 4374 468 4449 χαλίδος
518 4375 658 4449 κόρη
708 4380 979 4446 παρῆκιο,
1033 4374 1289 4445 ἀσέμνοις
1346 4372 1731 4447 περικλωμὲνη
1783 4380 1880 4431 λυ-

237 4463 456 4538 γίσμασι
489 4485 503 4499 ·
537 4465 627 4518 καὶ
660 4467 830 4519 ταῦτα
859 4464 1123 4537 παρθένος
1159 4463 1253 4534 μὶν
1285 4467 1364 4532 τῷ
1396 4462 1595 4529 δοκεῖν,
1638 4465 1728 4518 καὶ
1782 4466 1877 4539 βα-

239 4551 432 4617 σιλέως
491 4553 763 4629 θυγάτηρ,
810 4552 900 4605 καὶ
959 4551 1062 4605 ὑπὸ
1110 4551 1292 4611 τόσοις
1349 4550 1586 4627 ἀῤῥὲνων
1617 4551 1828 4625 ὄμμασι
1863 4575 1878 4589 ’

2000 2325 2118 2381 illis
2139 2326 2291 2379 enim
2329 2325 2433 2380 hoc
2464 2324 2602 2378 solis
2632 2324 2817 2379 facere
2842 2323 3218 2395 permittitur,
3250 2327 3350 2397 qui
3367 2344 3479 2383 non
3515 2346 3642 2400 pro-

2000 2416 2208 2471 creatis
2237 2414 2439 2469 liberis
2485 2429 2621 2469 exce
2663 2414 2842 2468 dunte
2870 2413 3026 2469 vita:
3060 2414 3236 2486 idque
3282 2417 3640 2485 providentia

1999 2502 2356 2574 consilioque
2396 2518 2462 2557 eo
2504 2503 2742 2569 factum,
2777 2506 2839 2555 ut
2886 2503 3158 2558 fratribus
3215 2519 3408 2561 semen
3472 2523 3633 2562 resu-

1998 2593 2326 2648 scitaretur.
2358 2592 2552 2662 Itaque
2579 2590 2834 2646 Joannes
2865 2591 3137 2646 delictum
3163 2592 3217 2646 id
3251 2609 3489 2665 arguere
3519 2612 3633 2651 non

1997 2683 2281 2739 cessabat.
2316 2682 2416 2737 Ille
2453 2698 2586 2736 vero
2619 2682 2885 2752 quamvis
2916 2687 3085 2737 antea
3115 2699 3247 2738 eum
3270 2682 3519 2741 libenter
3538 2705 3635 2742 au-

1995 2771 2258 2837 divisset,
2292 2771 2447 2843 quod
2478 2770 2862 2826 admiratione
2918 2771 3096 2826 simul
3153 2777 3211 2827 et
3264 2777 3633 2831 veneratione

1993 2862 2233 2932 dignum
2266 2861 2452 2914 virum
2513 2876 2637 2915 esse
2695 2864 3058 2931 compertum
3113 2861 3381 2918 haberet:
3433 2868 3630 2921 tamen

1991 2950 2523 3006 vehementioribus
2548 2947 2889 3004 Herodiadis
2922 2950 3242 3019 amoribus,
3266 2952 3477 3023 quibus
3505 2960 3632 3011 erat

1992 3045 2219 3112 captus,
2236 3054 2533 3096 sermones
2546 3038 3092 3110 cohortationesque
3105 3040 3232 3109 ejus
3251 3042 3628 3113 posthabens,

1994 3130 2050 3185 in
2072 3128 2394 3185 custodiam
2424 3127 2723 3183 hominem
2753 3126 3008 3184 demisit.
3045 3126 3160 3185 88
3194 3131 3248 3186 Ie
3267 3147 3460 3201 porro,
3492 3149 3627 3191 cum

1990 3233 2052 3273 se
2083 3217 2239 3272 brevi
2268 3219 2388 3272 vita
2414 3232 2783 3273 excessurum
2816 3218 3301 3285 videter,duosex
3319 3221 3627 3294 discipulis

1989 3307 2215 3365 suisad
2247 3307 2451 3362 Jesum
2483 3306 2679 3373 mittit,
2711 3306 3044 3376 opinionem
3065 3323 3267 3364 eorum
3326 3326 3504 3382 quam
3555 3314 3627 3370 de

1990 3412 2051 3450 se
2098 3394 2394 3451 habebant
2473 3393 2814 3450 aboliturus.
2880 3394 3162 3464 Majorem
3238 3397 3391 3453 enim
3448 3400 3635 3457 multo

1991 3485 2222 3541 Christo
2250 3485 2529 3539 Joannem
2554 3499 2680 3538 esse
2706 3484 3007 3554 putabant.
3051 3484 3316 3542 Christus
3363 3503 3494 3543 vero
3544 3491 3636 3544 ni-

1991 3574 2071 3630 hil
2106 3574 2176 3628 ad
2206 3574 2561 3642 interrogata
2592 3574 2972 3642 respondens,
2998 3573 3277 3629 miracula
3328 3591 3448 3637 eos,
3506 3593 3634 3649 quas

1991 3664 2201 3717 virtute
2239 3663 2362 3729 ipse
2402 3678 2509 3716 sua
2557 3662 2773 3727 ederet,
2812 3660 3021 3717 Joanni
3066 3663 3400 3719 renuntiare
3440 3666 3630 3734 jubet.

1992 3755 2057 3805 Et
2086 3766 2215 3805 cum
2245 3752 2363 3822 jam
2397 3749 2481 3804 illi
2504 3749 2565 3804 in
2605 3750 2826 3805 veriora
2871 3750 3140 3819 Opinione
3169 3752 3496 3808 conﬁrmati
3543 3770 3634 3809 es-

1992 3845 2142 3907 sent,
2182 3840 2380 3894 volens
2404 3838 2667 3893 Christus
2688 3842 2744 3891 et
2774 3838 2907 3893 aliis
2939 3840 3449 3896 circumstantibus
3479 3844 3636 3897 veri-

1989 3933 2167 3985 tatem
2198 3927 2477 3982 indicare.
2517 3927 2804 3982 Joannem
2835 3926 3109 3983 laudibus
3130 3927 3288 3984 vehit
3318 3929 3629 3987 maximam

1990 4019 2075 4074 illi
2096 4019 2361 4073 tribuens
2391 4016 2752 4087 dignitatem,
2786 4020 2843 4070 et
2872 4017 3153 4086 majorem
3204 4018 3479 4075 omnibus
3531 4022 3631 4091 qui

1991 4127 2060 4166 ex
2090 4108 2334 4165 muliere
2374 4106 2553 4177 geniti
2603 4112 2819 4172 essent,
2870 4108 3445 4181 praestantioremque
3500 4127 3635 4182 pro-

1991 4200 2164 4271 pheta
2195 4214 2322 4253 esse
2353 4196 2628 4252 declarat.
2664 4196 2879 4251 Deinde
2913 4197 3327 4254 assentationis
3350 4201 3635 4270 suspicio-

1991 4306 2124 4345 nem
2165 4288 2457 4352 auferens,
2501 4287 2787 4340 minorem
2828 4286 3065 4356 quidem
3105 4303 3189 4353 se,
3228 4289 3396 4357 juxta
3428 4305 3630 4344 eorum

1990 4378 2342 4447 opinionem,
2377 4377 2658 4443 majorem
2689 4390 2822 4429 vero
2855 4391 3061 4431 rursus
3091 4376 3190 4432 illo
3217 4377 3279 4432 in
3309 4394 3484 4444 regno
3516 4394 3633 4434 cm-

1992 4467 2178 4522 lorum
2219 4474 2401 4521 vocat.
2452 4464 2713 4519 Posthaec
2769 4465 3098 4520 convivium
3144 4464 3400 4522 Herodes
3456 4467 3631 4521 natali

1990 4572 2093 4610 suo
2119 4555 2214 4611 die
2271 4558 2451 4624 parat.
2512 4553 2576 4607 In
2635 4553 2923 4618 hoc,cum
2983 4553 3198 4624 largior
3254 4556 3625 4625 compotatio,

237 4647 458 4715 πρᾶγμα
496 4642 770 4717 σώφροσιν
817 4639 1131 4717 ἀφθαλμοῖς
1173 4640 1280 4714 οὐχ
1320 4640 1510 4703 ἁπλῶς
1543 4639 1740 4717 ἄφιλον
1774 4643 1873 4715 μό-

1999 4661 2108 4698 ιιιῑι]
2142 4643 2331 4697 omnis
2361 4641 2588 4713 generis
2619 4640 2838 4695 deliciae
2870 4643 3121 4697 aﬂuere:
3154 4643 3366 4713 quibus
3380 4648 3437 4697 et
3466 4644 3628 4698 adul-

234 4752 342 4801 vov,
374 4734 524 4788 ἀλλὰ
555 4730 645 4786 καῖ
695 4738 874 4811 φυγῆς
914 4729 1076 4803 ἄξιον·
1133 4732 1415 4805 Γνώριμον
1446 4729 1503 4785 δὲ
1546 4730 1647 4805 ἄρα
1695 4735 1781 4787 καὶ
1814 4733 1876 4788 τὸ

239 4818 449 4895 δένδρον
493 4821 557 4877 ἐκ
609 4824 707 4875 τοῦ
762 4824 993 4891 καρποῦ.
1047 4821 1214 4875 Τόσον
1275 4818 1320 4874 δ’
1369 4821 1436 4888 ἧν
1478 4826 1555 4890 τῷ
1585 4821 1877 4893 ἀκολάστῳ

236 4910 294 4964 τὸ
340 4910 586 4984 ἀρεστὸν,
642 4908 835 4981 καίπερ
895 4906 1025 4982 μηδ’
1091 4908 1295 4978 ἐκείνης
1360 4909 1747 4982 αἰτησαμένης,
1805 4908 1874 4981 (ὢ

242 4998 528 5071 βασιλικῆς
575 4996 787 5067 ἐκείνης
835 4995 1316 5071 μεγαλοδωρεᾶςῑ)
1369 4999 1442 5059 ὡς
1492 4999 1581 5053 καὶ
1630 5000 1729 5067 τὴν
1776 5002 1876 5073 βα-

237 5088 435 5144 σιλείαν
486 5087 853 5143 συνδιελέσθαι
898 5090 1066 5162 ταύτῃ
1114 5087 1361 5158 θελῆσαι,
1426 5089 1517 5143 καὶ
1584 5087 1874 5163 διερεθίσαι

240 5181 464 5247 ζητῆσαι
499 5196 513 5210 ⁸
546 5181 580 5247 ἡ
616 5176 673 5232 δὲ
695 5179 759 5233 τὸ
787 5179 1030 5253 γέννημα
1058 5184 1157 5246 τῆς
1190 5176 1412 5255 ἐχίδνης
1467 5179 1571 5233 ὑπὸ
1616 5186 1715 5248 τῆς
1766 5202 1874 5253 μη-

233 5267 358 5340 τρὸς
388 5268 636 5343 ἀχθεῖσα,
694 5266 785 5321 καὶ
832 5264 998 5337 πλλῷ
1051 5271 1234 5337 μεῖζον
1290 5266 1450 5329 αἰτεῖ,
1499 5270 1728 5343 πρᾶγμα
1779 5268 1874 5342 βα·

237 5355 451 5410 σιλειῶν
516 5358 734 5410 ἁπασῶν
793 5355 1196 5427 ὑπερκεῖμενον,
1275 5356 1375 5423 τήν
1450 5356 1651 5417 παντὸς
1724 5356 1872 5426 ἀξίαν

236 5444 483 5500 Ἰωάννου
541 5442 809 5521 κεφαλὴν.
873 5445 969 5499 Καὶ
1031 5444 1059 5497 6
1123 5443 1216 5515 μὲν
1271 5448 1377 5498 τῶν
1454 5445 1630 5499 δοκων
1717 5442 1874 5514 δῆθεν

244 5623 667 5753 “(3.1230603
699 5625 815 5694 hic,
846 5626 1094 5697 Antipas
1117 5623 1586 5697 cognominatus,
1617 5628 1877 5699 regnavit

1985 4732 2305 4789 terasillius
2352 4729 2542 4802 puella
2599 4735 2688 4785 est
2746 4731 3179 4799 superinducta,
3236 4732 3518 4787 infractos
3573 4740 3629 4788 et

1985 4822 2319 4877 indecentes
2351 4820 2607 4890 corporis
2640 4824 2832 4874 motus
2853 4824 2912 4875 et
2940 4819 3298 4886 saltationes,
3329 4836 3465 4875 cum
3497 4821 3624 4892 qui-

1986 4913 2109 4966 dem
2130 4915 2365 4981 etvirgo
2387 4925 2511 4964 esse
2555 4908 3000 4975 existimaretur,
3058 4920 3114 4962 et
3169 4907 3324 4979 regis
3372 4908 3514 4976 filia,
3565 4911 3626 4965 in

1984 5004 2073 5055 tot
2091 5000 2342 5055 virorum
2393 5002 2706 5067 conspectu
2736 4996 3052 5051 exhibens:
3090 5012 3212 5052 rem
3236 4998 3517 5053 modestis
3566 5009 3620 5053 et

1987 5088 2211 5160 pudicis
2234 5087 2416 5143 oculis
2442 5102 2555 5141 non
2589 5091 2820 5141 tantum
2869 5086 3154 5156 ingratam
3212 5101 3471 5156 prorsus,
3523 5089 3623 5143 sed

1984 5178 2195 5249 eﬁugio
2225 5178 2400 5231 etiam
2434 5176 2691 5246 dignam.
2730 5175 2841 5229 Sed
2870 5173 3043 5228 arbor
3072 5187 3143 5226 ex
3173 5173 3361 5230 fructu
3418 5191 3628 5245 cogno-

1984 5270 2182 5324 scitur.
2228 5270 2419 5322 Tantaa
2477 5276 2668 5323 autem
2723 5265 3032 5336 impudicas
3091 5263 3421 5322 saltationis
3462 5268 3620 5324 fuere

1983 5356 2288 5422 illecebrae,
2312 5360 2377 5410 ut
2408 5356 2673 5428 quamvis
2728 5353 2829 5408 illa
2876 5370 2989 5408 non
3041 5364 3321 5424 posceret,
3375 5357 3624 5412 Herodes

1984 5451 2181 5501 tamen
2216 5444 2381 5517 (proh
2415 5444 2807 5517 regiamgillam
2829 5442 3289 5499 muniﬁcentiam
3316 5444 3329 5499 i
3356 5445 3375 5516 )
3408 5460 3625 5503 cumea

2057 5627 2141 5698 (2)
2166 5648 2203 5698 rc
2228 5626 2518 5693 Defuncti,
2549 5650 2579 5678 »
2609 5626 2896 5684 Tertull.»
2913 5623 3193 5682 Habentis
3214 5623 3397 5682 ﬁliam
3422 5625 3621 5694 exilla,

1988 5697 2106 5758 non
2123 5697 2255 5757 alia.
2278 5719 2310 5751 »
2340 5698 2568 5771 (Idem.)
