  <div class='ocr_page' id='page_1' title='image "/cluster/home/n/w/nwhite01/storage/ocr_20150623/145/mdp.39015061167048/353.png"; bbox 0 0 4096 6284; ppageno 0'>
   <div class='ocr_carea' id='block_1_1' title="bbox 443 355 556 416">
    <p class='ocr_par' dir='ltr' id='par_1_1' title="bbox 443 355 556 416">
     <span class='ocr_line' id='line_1_1' title="bbox 443 355 556 416; baseline 0.018 -2"><span class='ocrx_word' id='word_1_1' title='bbox 443 355 556 416; x_wconf 79' lang='grc'><strong>691</strong></span> 
     </span>
    </p>
   </div>
   <div class='ocr_carea' id='block_1_2' title="bbox 1733 348 2552 414">
    <p class='ocr_par' dir='ltr' id='par_1_2' title="bbox 1733 348 2552 414">
     <span class='ocr_line' id='line_1_2' title="bbox 1733 348 2552 414; baseline 0.001 -4"><span class='ocrx_word' id='word_1_2' title='bbox 1733 349 2160 414; x_wconf 80' lang='lat' dir='ltr'><strong>NICEPHORI</strong></span> <span class='ocrx_word' id='word_1_3' title='bbox 2201 348 2552 412; x_wconf 81' lang='lat' dir='ltr'><strong>CALLISTI</strong></span> 
     </span>
    </p>
   </div>
   <div class='ocr_carea' id='block_1_3' title="bbox 3723 347 3850 415">
    <p class='ocr_par' dir='ltr' id='par_1_3' title="bbox 3723 347 3850 415">
     <span class='ocr_line' id='line_1_3' title="bbox 3723 347 3850 415; baseline -0.024 0"><span class='ocrx_word' id='word_1_4' title='bbox 3723 347 3850 415; x_wconf 82' lang='lat'><strong>692</strong></span> 
     </span>
    </p>
   </div>
   <div class='ocr_carea' id='block_1_4' title="bbox 445 477 2108 558">
    <p class='ocr_par' dir='ltr' id='par_1_4' title="bbox 445 482 2078 558">
     <span class='ocr_line' id='line_1_4' title="bbox 445 482 2078 558; baseline -0.002 -16"><span class='ocrx_word' id='word_1_5' title='bbox 445 499 692 558; x_wconf 82' lang='lat' dir='ltr'><strong>regnum</strong></span> <span class='ocrx_word' id='word_1_6' title='bbox 740 484 990 541; x_wconf 77' lang='lat' dir='ltr'><strong>divisum</strong></span> <span class='ocrx_word' id='word_1_7' title='bbox 1036 484 1466 541; x_wconf 75' lang='lat' dir='ltr'><strong>communicare</strong></span> <span class='ocrx_word' id='word_1_8' title='bbox 1521 483 1786 549; x_wconf 90' lang='lat' dir='ltr'><strong>voluerit,</strong></span> <span class='ocrx_word' id='word_1_9' title='bbox 1841 482 2078 539; x_wconf 85' lang='lat' dir='ltr'><strong>irritan-</strong></span> 
     </span>
    </p>
   </div>
   <div class='ocr_carea' id='block_1_5' title="bbox 2222 477 3852 558">
    <p class='ocr_par' dir='ltr' id='par_1_5' title="bbox 2223 477 3852 558">
     <span class='ocr_line' id='line_1_5' title="bbox 2223 477 3852 558; baseline 0.002 -24"><span class='ocrx_word' id='word_1_10' title='bbox 2223 481 2497 553; x_wconf 84' lang='grc' dir='ltr'>ενόμενος,</span> <span class='ocrx_word' id='word_1_11' title='bbox 2551 480 2614 536; x_wconf 85' lang='grc' dir='ltr'>τὸ</span> <span class='ocrx_word' id='word_1_12' title='bbox 2675 477 2722 535; x_wconf 86' lang='grc' dir='ltr'>δ’</span> <span class='ocrx_word' id='word_1_13' title='bbox 2769 479 2968 551; x_wconf 74' lang='grc' dir='ltr'>ἀληθὲς</span> <span class='ocrx_word' id='word_1_14' title='bbox 3017 479 3146 544; x_wconf 77' lang='grc' dir='ltr'>τοὺς</span> <span class='ocrx_word' id='word_1_15' title='bbox 3178 478 3392 558; x_wconf 82' lang='grc' dir='ltr'><strong>δριμεῖς</strong></span> <span class='ocrx_word' id='word_1_16' title='bbox 3434 489 3536 553; x_wconf 85' lang='grc' dir='ltr'><strong>τῆς</strong></span> <span class='ocrx_word' id='word_1_17' title='bbox 3563 482 3852 558; x_wconf 79' lang='grc' dir='ltr'>Ἡρωδιά-</span> 
     </span>
    </p>
   </div>
   <div class='ocr_carea' id='block_1_6' title="bbox 447 572 2084 646">
    <p class='ocr_par' dir='ltr' id='par_1_6' title="bbox 447 572 2084 646">
     <span class='ocr_line' id='line_1_6' title="bbox 447 572 2084 646; baseline -0.003 -14"><span class='ocrx_word' id='word_1_18' title='bbox 447 577 696 646; x_wconf 83' lang='lat' dir='ltr'><strong>demque</strong></span> <span class='ocrx_word' id='word_1_19' title='bbox 723 591 850 632; x_wconf 87' lang='lat' dir='ltr'><strong>eam</strong></span> <span class='ocrx_word' id='word_1_20' title='bbox 881 576 952 630; x_wconf 90' lang='lat' dir='ltr'><strong>ad</strong></span> <span class='ocrx_word' id='word_1_21' title='bbox 982 576 1042 631; x_wconf 91' lang='lat' dir='ltr'><strong>id</strong></span> <span class='ocrx_word' id='word_1_22' title='bbox 1083 575 1328 630; x_wconf 87' lang='lat' dir='ltr'><strong>duxerit.</strong></span> <span class='ocrx_word' id='word_1_23' title='bbox 1350 576 1421 629; x_wconf 83' lang='lat' dir='ltr'><strong>At</strong></span> <span class='ocrx_word' id='word_1_24' title='bbox 1441 573 1562 642; x_wconf 88' lang='lat' dir='ltr'><strong>illa,</strong></span> <span class='ocrx_word' id='word_1_25' title='bbox 1595 574 1802 646; x_wconf 73' lang='lat' dir='ltr'><strong>viperae</strong></span> <span class='ocrx_word' id='word_1_26' title='bbox 1833 572 2084 638; x_wconf 83' lang='lat' dir='ltr'><strong>soboles,</strong></span> 
     </span>
    </p>
   </div>
   <div class='ocr_carea' id='block_1_7' title="bbox 445 663 2091 735">
    <p class='ocr_par' dir='ltr' id='par_1_7' title="bbox 445 663 2091 735">
     <span class='ocr_line' id='line_1_7' title="bbox 445 663 2091 735; baseline -0.003 -15"><span class='ocrx_word' id='word_1_27' title='bbox 445 682 479 720; x_wconf 89' lang='lat' dir='ltr'><strong>a</strong></span> <span class='ocrx_word' id='word_1_28' title='bbox 509 673 688 720; x_wconf 89' lang='lat' dir='ltr'><strong>matre</strong></span> <span class='ocrx_word' id='word_1_29' title='bbox 715 665 938 733; x_wconf 88' lang='lat' dir='ltr'><strong>edocta,</strong></span> <span class='ocrx_word' id='word_1_30' title='bbox 973 681 1095 720; x_wconf 88' lang='lat' dir='ltr'><strong>rem</strong></span> <span class='ocrx_word' id='word_1_31' title='bbox 1127 663 1297 733; x_wconf 82' lang='lat' dir='ltr'><strong>longe</strong></span> <span class='ocrx_word' id='word_1_32' title='bbox 1321 665 1620 733; x_wconf 84' lang='lat' dir='ltr'><strong>majorem,</strong></span> <span class='ocrx_word' id='word_1_33' title='bbox 1645 663 1955 735; x_wconf 83' lang='lat' dir='ltr'><strong>regnisque</strong></span> <span class='ocrx_word' id='word_1_34' title='bbox 1975 679 2091 718; x_wconf 87' lang='lat' dir='ltr'><strong>om-</strong></span> 
     </span>
    </p>
   </div>
   <div class='ocr_carea' id='block_1_8' title="bbox 448 751 2090 824">
    <p class='ocr_par' dir='ltr' id='par_1_8' title="bbox 448 751 2090 824">
     <span class='ocr_line' id='line_1_8' title="bbox 448 751 2090 824; baseline -0.002 -15"><span class='ocrx_word' id='word_1_35' title='bbox 448 753 620 809; x_wconf 84' lang='lat' dir='ltr'><strong>nibus</strong></span> <span class='ocrx_word' id='word_1_36' title='bbox 651 753 1128 824; x_wconf 73' lang='lat' dir='ltr'><strong>prtestantiorem,</strong></span> <span class='ocrx_word' id='word_1_37' title='bbox 1159 753 1401 808; x_wconf 83' lang='lat' dir='ltr'><strong>Joannis</strong></span> <span class='ocrx_word' id='word_1_38' title='bbox 1433 756 1630 824; x_wconf 83' lang='lat' dir='ltr'><strong>caput,</strong></span> <span class='ocrx_word' id='word_1_39' title='bbox 1671 751 1924 824; x_wconf 87' lang='lat' dir='ltr'><strong>pretium</strong></span> <span class='ocrx_word' id='word_1_40' title='bbox 1965 767 2090 806; x_wconf 91' lang='lat' dir='ltr'><strong>om-</strong></span> 
     </span>
    </p>
   </div>
   <div class='ocr_carea' id='block_1_9' title="bbox 449 841 2088 914">
    <p class='ocr_par' dir='ltr' id='par_1_9' title="bbox 449 841 2088 914">
     <span class='ocr_line' id='line_1_9' title="bbox 449 841 2088 914; baseline -0.004 -14"><span class='ocrx_word' id='word_1_41' title='bbox 449 860 524 900; x_wconf 93' lang='lat' dir='ltr'><strong>ne</strong></span> <span class='ocrx_word' id='word_1_42' title='bbox 553 859 856 914; x_wconf 87' lang='lat' dir='ltr'><strong>superans,</strong></span> <span class='ocrx_word' id='word_1_43' title='bbox 891 844 1052 914; x_wconf 85' lang='lat' dir='ltr'><strong>petit.</strong></span> <span class='ocrx_word' id='word_1_44' title='bbox 1094 843 1198 898; x_wconf 92' lang='lat' dir='ltr'><strong>Ille</strong></span> <span class='ocrx_word' id='word_1_45' title='bbox 1227 846 1447 910; x_wconf 87' lang='lat' dir='ltr'><strong>autem,</strong></span> <span class='ocrx_word' id='word_1_46' title='bbox 1491 845 1658 912; x_wconf 89' lang='lat' dir='ltr'><strong>quasi</strong></span> <span class='ocrx_word' id='word_1_47' title='bbox 1698 841 2088 912; x_wconf 86' lang='lat' dir='ltr'><strong>jurisjurandi</strong></span> 
     </span>
    </p>
   </div>
   <div class='ocr_carea' id='block_1_10' title="bbox 450 929 2089 1003">
    <p class='ocr_par' dir='ltr' id='par_1_10' title="bbox 450 929 2089 1003">
     <span class='ocr_line' id='line_1_10' title="bbox 450 929 2089 1003; baseline -0.002 -15"><span class='ocrx_word' id='word_1_48' title='bbox 450 931 725 1003; x_wconf 84' lang='lat' dir='ltr'><strong>religione</strong></span> <span class='ocrx_word' id='word_1_49' title='bbox 745 932 1078 1001; x_wconf 85' lang='lat' dir='ltr'><strong>obstrictus,</strong></span> <span class='ocrx_word' id='word_1_50' title='bbox 1111 948 1172 986; x_wconf 89' lang='lat' dir='ltr'><strong>re</strong></span> <span class='ocrx_word' id='word_1_51' title='bbox 1199 935 1395 986; x_wconf 89' lang='lat' dir='ltr'><strong>autem</strong></span> <span class='ocrx_word' id='word_1_52' title='bbox 1425 931 1547 1001; x_wconf 89' lang='lat' dir='ltr'><strong>ipsa</strong></span> <span class='ocrx_word' id='word_1_53' title='bbox 1578 931 1693 986; x_wconf 91' lang='lat' dir='ltr'><strong>acri</strong></span> <span class='ocrx_word' id='word_1_54' title='bbox 1725 929 2089 1000; x_wconf 88' lang='lat' dir='ltr'><strong>Herodiadis,</strong></span> 
     </span>
    </p>
   </div>
   <div class='ocr_carea' id='block_1_11' title="bbox 451 1019 2092 1084">
    <p class='ocr_par' dir='ltr' id='par_1_11' title="bbox 451 1019 2092 1084">
     <span class='ocr_line' id='line_1_11' title="bbox 451 1019 2092 1084; baseline -0.002 -8"><span class='ocrx_word' id='word_1_55' title='bbox 451 1021 544 1076; x_wconf 91' lang='lat' dir='ltr'><strong>cui</strong></span> <span class='ocrx_word' id='word_1_56' title='bbox 567 1021 927 1076; x_wconf 81' lang='lat' dir='ltr'><strong>satisfactum</strong></span> <span class='ocrx_word' id='word_1_57' title='bbox 957 1019 1205 1084; x_wconf 88' lang='lat' dir='ltr'><strong>volebat,</strong></span> <span class='ocrx_word' id='word_1_58' title='bbox 1255 1035 1453 1075; x_wconf 90' lang='lat' dir='ltr'><strong>amore</strong></span> <span class='ocrx_word' id='word_1_59' title='bbox 1510 1019 1816 1082; x_wconf 88' lang='lat' dir='ltr'><strong>distentus,</strong></span> <span class='ocrx_word' id='word_1_60' title='bbox 1881 1020 2092 1074; x_wconf 88' lang='lat' dir='ltr'><strong>evesti-</strong></span> 
     </span>
    </p>
   </div>
   <div class='ocr_carea' id='block_1_12' title="bbox 451 1107 2094 1182">
    <p class='ocr_par' dir='ltr' id='par_1_12' title="bbox 451 1107 2094 1182">
     <span class='ocr_line' id='line_1_12' title="bbox 451 1107 2094 1182; baseline -0.002 -18"><span class='ocrx_word' id='word_1_61' title='bbox 451 1109 546 1182; x_wconf 88' lang='lat' dir='ltr'><strong>gio</strong></span> <span class='ocrx_word' id='word_1_62' title='bbox 579 1109 729 1165; x_wconf 88' lang='lat' dir='ltr'><strong>ferro</strong></span> <span class='ocrx_word' id='word_1_63' title='bbox 759 1113 937 1180; x_wconf 88' lang='lat' dir='ltr'><strong>caput</strong></span> <span class='ocrx_word' id='word_1_64' title='bbox 953 1109 1201 1164; x_wconf 81' lang='lat' dir='ltr'><strong>Joannis</strong></span> <span class='ocrx_word' id='word_1_65' title='bbox 1240 1113 1506 1179; x_wconf 81' lang='lat' dir='ltr'><strong>amputat</strong></span> <span class='ocrx_word' id='word_1_66' title='bbox 1542 1109 1621 1179; x_wconf 83' lang='lat'><strong>(1)</strong></span> <span class='ocrx_word' id='word_1_67' title='bbox 1655 1124 1670 1162; x_wconf 90' lang='lat'><strong>:</strong></span> <span class='ocrx_word' id='word_1_68' title='bbox 1701 1111 1759 1162; x_wconf 90' lang='lat' dir='ltr'><strong>et</strong></span> <span class='ocrx_word' id='word_1_69' title='bbox 1791 1107 1851 1162; x_wconf 89' lang='lat' dir='ltr'>id</span> <span class='ocrx_word' id='word_1_70' title='bbox 1890 1107 2094 1162; x_wconf 88' lang='lat' dir='ltr'><strong>etiam-</strong></span> 
     </span>
    </p>
   </div>
   <div class='ocr_carea' id='block_1_13' title="bbox 450 1196 2098 1268">
    <p class='ocr_par' dir='ltr' id='par_1_13' title="bbox 450 1196 2098 1268">
     <span class='ocr_line' id='line_1_13' title="bbox 450 1196 2098 1268; baseline -0.003 -13"><span class='ocrx_word' id='word_1_71' title='bbox 450 1215 594 1255; x_wconf 90' lang='lat' dir='ltr'><strong>num</strong></span> <span class='ocrx_word' id='word_1_72' title='bbox 635 1215 838 1254; x_wconf 89' lang='lat' dir='ltr'><strong>cruore</strong></span> <span class='ocrx_word' id='word_1_73' title='bbox 875 1199 1072 1254; x_wconf 83' lang='lat' dir='ltr'><strong>tabido</strong></span> <span class='ocrx_word' id='word_1_74' title='bbox 1111 1201 1168 1254; x_wconf 89' lang='lat' dir='ltr'><strong>et</strong></span> <span class='ocrx_word' id='word_1_75' title='bbox 1199 1197 1424 1268; x_wconf 84' lang='lat' dir='ltr'><strong>pulvere</strong></span> <span class='ocrx_word' id='word_1_76' title='bbox 1456 1212 1814 1268; x_wconf 91' lang='lat' dir='ltr'><strong>respersum,</strong></span> <span class='ocrx_word' id='word_1_77' title='bbox 1845 1205 1903 1252; x_wconf 86' lang='lat' dir='ltr'><strong>et</strong></span> <span class='ocrx_word' id='word_1_78' title='bbox 1945 1196 2098 1252; x_wconf 85' lang='lat' dir='ltr'><strong>lanci</strong></span> 
     </span>
    </p>
   </div>
   <div class='ocr_carea' id='block_1_14' title="bbox 451 1287 2098 1360">
    <p class='ocr_par' dir='ltr' id='par_1_14' title="bbox 451 1287 2098 1360">
     <span class='ocr_line' id='line_1_14' title="bbox 451 1287 2098 1360; baseline -0.001 -16"><span class='ocrx_word' id='word_1_79' title='bbox 451 1288 812 1360; x_wconf 88' lang='lat' dir='ltr'><strong>impositum,</strong></span> <span class='ocrx_word' id='word_1_80' title='bbox 855 1287 918 1343; x_wconf 91' lang='lat' dir='ltr'><strong>in</strong></span> <span class='ocrx_word' id='word_1_81' title='bbox 983 1287 1312 1343; x_wconf 83' lang='lat' dir='ltr'><strong>convivium</strong></span> <span class='ocrx_word' id='word_1_82' title='bbox 1369 1287 1530 1342; x_wconf 92' lang='lat' dir='ltr'><strong>omni</strong></span> <span class='ocrx_word' id='word_1_83' title='bbox 1597 1287 1835 1341; x_wconf 65' lang='lat' dir='ltr'><strong>luxuriae</strong></span> <span class='ocrx_word' id='word_1_84' title='bbox 1888 1301 2098 1358; x_wconf 84' lang='lat' dir='ltr'><strong>genere</strong></span> 
     </span>
    </p>
   </div>
   <div class='ocr_carea' id='block_1_15' title="bbox 454 1375 2100 1449">
    <p class='ocr_par' dir='ltr' id='par_1_15' title="bbox 454 1375 2100 1449">
     <span class='ocr_line' id='line_1_15' title="bbox 454 1375 2100 1449; baseline -0.002 -15"><span class='ocrx_word' id='word_1_85' title='bbox 454 1378 748 1446; x_wconf 80' lang='lat' dir='ltr'><strong>difﬂuens,</strong></span> <span class='ocrx_word' id='word_1_86' title='bbox 780 1377 981 1434; x_wconf 82' lang='lat' dir='ltr'><strong>inferri</strong></span> <span class='ocrx_word' id='word_1_87' title='bbox 1003 1378 1172 1448; x_wconf 79' lang='lat' dir='ltr'><strong>jubet</strong></span> <span class='ocrx_word' id='word_1_88' title='bbox 1205 1394 1220 1434; x_wconf 90' lang='lat'><strong>:</strong></span> <span class='ocrx_word' id='word_1_89' title='bbox 1252 1375 1645 1449; x_wconf 85' lang='lat' dir='ltr'><strong>spectaculum</strong></span> <span class='ocrx_word' id='word_1_90' title='bbox 1677 1377 1933 1432; x_wconf 89' lang='lat' dir='ltr'><strong>convivis</strong></span> <span class='ocrx_word' id='word_1_91' title='bbox 1965 1377 2100 1449; x_wconf 88' lang='lat' dir='ltr'><strong>qui-</strong></span> 
     </span>
    </p>
   </div>
   <div class='ocr_carea' id='block_1_16' title="bbox 453 1464 2096 1539">
    <p class='ocr_par' dir='ltr' id='par_1_16' title="bbox 453 1464 2096 1539">
     <span class='ocr_line' id='line_1_16' title="bbox 453 1464 2096 1539; baseline -0.002 -17"><span class='ocrx_word' id='word_1_92' title='bbox 453 1468 585 1523; x_wconf 89' lang='lat' dir='ltr'><strong>dem</strong></span> <span class='ocrx_word' id='word_1_93' title='bbox 615 1467 762 1539; x_wconf 88' lang='lat' dir='ltr'><strong>ipsis</strong></span> <span class='ocrx_word' id='word_1_94' title='bbox 791 1467 1154 1522; x_wconf 64' lang='lat' dir='ltr'><strong>inamoenum</strong></span> <span class='ocrx_word' id='word_1_95' title='bbox 1185 1471 1244 1523; x_wconf 91' lang='lat' dir='ltr'><strong>et</strong></span> <span class='ocrx_word' id='word_1_96' title='bbox 1273 1466 1461 1532; x_wconf 78' lang='lat' dir='ltr'><strong>triste,</strong></span> <span class='ocrx_word' id='word_1_97' title='bbox 1506 1466 1676 1521; x_wconf 85' lang='lat' dir='ltr'><strong>matri</strong></span> <span class='ocrx_word' id='word_1_98' title='bbox 1707 1481 1838 1520; x_wconf 81' lang='lat' dir='ltr'><strong>vero</strong></span> <span class='ocrx_word' id='word_1_99' title='bbox 1889 1464 2096 1536; x_wconf 71' lang='lat' dir='ltr'><strong>puella:</strong></span> 
     </span>
    </p>
   </div>
   <div class='ocr_carea' id='block_1_17' title="bbox 453 1555 2098 1630">
    <p class='ocr_par' dir='ltr' id='par_1_17' title="bbox 453 1555 2098 1630">
     <span class='ocr_line' id='line_1_17' title="bbox 453 1555 2098 1630; baseline -0.002 -18"><span class='ocrx_word' id='word_1_100' title='bbox 453 1561 690 1630; x_wconf 82' lang='lat' dir='ltr'><strong>gratum</strong></span> <span class='ocrx_word' id='word_1_101' title='bbox 719 1560 778 1612; x_wconf 90' lang='lat' dir='ltr'><strong>et</strong></span> <span class='ocrx_word' id='word_1_102' title='bbox 800 1555 1151 1628; x_wconf 90' lang='lat' dir='ltr'><strong>jucundum.</strong></span> <span class='ocrx_word' id='word_1_103' title='bbox 1211 1555 1538 1610; x_wconf 89' lang='lat' dir='ltr'><strong>Admodum</strong></span> <span class='ocrx_word' id='word_1_104' title='bbox 1595 1555 1750 1608; x_wconf 89' lang='lat' dir='ltr'><strong>enim</strong></span> <span class='ocrx_word' id='word_1_105' title='bbox 1803 1558 2098 1624; x_wconf 84' lang='lat' dir='ltr'><strong>optaverat</strong></span> 
     </span>
    </p>
   </div>
   <div class='ocr_carea' id='block_1_18' title="bbox 453 1642 2094 1718">
    <p class='ocr_par' dir='ltr' id='par_1_18' title="bbox 453 1642 2094 1718">
     <span class='ocr_line' id='line_1_18' title="bbox 453 1642 2094 1718; baseline -0.003 -16"><span class='ocrx_word' id='word_1_106' title='bbox 453 1647 910 1718; x_wconf 64' lang='lat' dir='ltr'><strong>quaesiveratque</strong></span> <span class='ocrx_word' id='word_1_107' title='bbox 939 1648 1111 1716; x_wconf 87' lang='lat' dir='ltr'><strong>caput</strong></span> <span class='ocrx_word' id='word_1_108' title='bbox 1141 1643 1389 1714; x_wconf 86' lang='lat' dir='ltr'><strong>id,quod</strong></span> <span class='ocrx_word' id='word_1_109' title='bbox 1413 1643 1646 1713; x_wconf 89' lang='lat' dir='ltr'><strong>ei,quas</strong></span> <span class='ocrx_word' id='word_1_110' title='bbox 1667 1642 2094 1713; x_wconf 89' lang='lat' dir='ltr'><strong>concupiverat,</strong></span> 
     </span>
    </p>
   </div>
   <div class='ocr_carea' id='block_1_19' title="bbox 456 1731 2097 1799">
    <p class='ocr_par' dir='ltr' id='par_1_19' title="bbox 456 1731 2097 1799">
     <span class='ocr_line' id='line_1_19' title="bbox 456 1731 2097 1799; baseline -0.004 -7"><span class='ocrx_word' id='word_1_111' title='bbox 456 1737 631 1792; x_wconf 85' lang='lat' dir='ltr'><strong>rebus</strong></span> <span class='ocrx_word' id='word_1_112' title='bbox 663 1751 731 1792; x_wconf 84' lang='lat' dir='ltr'><strong>ex</strong></span> <span class='ocrx_word' id='word_1_113' title='bbox 756 1734 1048 1790; x_wconf 77' lang='lat' dir='ltr'><strong>sententia</strong></span> <span class='ocrx_word' id='word_1_114' title='bbox 1077 1737 1133 1789; x_wconf 89' lang='lat' dir='ltr'><strong>et</strong></span> <span class='ocrx_word' id='word_1_115' title='bbox 1188 1732 1433 1788; x_wconf 88' lang='lat' dir='ltr'><strong>libidine</strong></span> <span class='ocrx_word' id='word_1_116' title='bbox 1473 1747 1577 1787; x_wconf 86' lang='lat' dir='ltr'><strong>sua</strong></span> <span class='ocrx_word' id='word_1_117' title='bbox 1642 1731 1725 1786; x_wconf 88' lang='lat' dir='ltr'><strong>uti</strong></span> <span class='ocrx_word' id='word_1_118' title='bbox 1778 1731 2097 1799; x_wconf 80' lang='lat' dir='ltr'><strong>inhibebat,</strong></span> 
     </span>
    </p>
   </div>
   <div class='ocr_carea' id='block_1_20' title="bbox 2197 565 3852 648">
    <p class='ocr_par' dir='ltr' id='par_1_20' title="bbox 2197 565 3852 648">
     <span class='ocr_line' id='line_1_20' title="bbox 2197 565 3852 648; baseline 0.002 -26"><span class='ocrx_word' id='word_1_119' title='bbox 2197 565 2290 630; x_wconf 88' lang='grc' dir='ltr'><strong>δος</strong></span> <span class='ocrx_word' id='word_1_120' title='bbox 2338 565 2543 642; x_wconf 73' lang='grc' dir='ltr'>ἔρωτας</span> <span class='ocrx_word' id='word_1_121' title='bbox 2602 569 2910 644; x_wconf 72' lang='grc' dir='ltr'><strong>θεραπεύειν</strong></span> <span class='ocrx_word' id='word_1_122' title='bbox 2966 567 3192 638; x_wconf 78' lang='grc' dir='ltr'>ἒθέλων,</span> <span class='ocrx_word' id='word_1_123' title='bbox 3254 570 3479 641; x_wconf 81' lang='grc' dir='ltr'><strong>ἐξαυτῆς</strong></span> <span class='ocrx_word' id='word_1_124' title='bbox 3533 571 3672 648; x_wconf 77' lang='grc' dir='ltr'>ξίφει</span> <span class='ocrx_word' id='word_1_125' title='bbox 3741 573 3852 639; x_wconf 79' lang='grc' dir='ltr'><strong>τήν</strong></span> 
     </span>
    </p>
   </div>
   <div class='ocr_carea' id='block_1_21' title="bbox 2196 654 3849 734">
    <p class='ocr_par' dir='ltr' id='par_1_21' title="bbox 2196 654 3849 734">
     <span class='ocr_line' id='line_1_21' title="bbox 2196 654 3849 734; baseline 0.002 -22"><span class='ocrx_word' id='word_1_126' title='bbox 2196 656 2438 733; x_wconf 76' lang='grc' dir='ltr'>κεφαλὴν</span> <span class='ocrx_word' id='word_1_127' title='bbox 2487 657 2697 733; x_wconf 85' lang='grc' dir='ltr'>ἀναιρεῖ</span> <span class='ocrx_word' id='word_1_128' title='bbox 2728 677 2742 690; x_wconf 83' lang='grc'>⁶</span> <span class='ocrx_word' id='word_1_129' title='bbox 2799 657 2890 712; x_wconf 88' lang='grc' dir='ltr'><strong>καὶ</strong></span> <span class='ocrx_word' id='word_1_130' title='bbox 2938 654 3017 714; x_wconf 77' lang='grc' dir='ltr'>ἔτι</span> <span class='ocrx_word' id='word_1_131' title='bbox 3063 662 3144 730; x_wconf 78' lang='grc' dir='ltr'>τῷ</span> <span class='ocrx_word' id='word_1_132' title='bbox 3181 657 3369 734; x_wconf 83' lang='grc' dir='ltr'>λύθρῳ</span> <span class='ocrx_word' id='word_1_133' title='bbox 3408 657 3849 734; x_wconf 67' lang='grc' dir='ltr'>περιρραινόμε-</span> 
     </span>
    </p>
   </div>
   <div class='ocr_carea' id='block_1_22' title="bbox 2195 745 3856 823">
    <p class='ocr_par' dir='ltr' id='par_1_22' title="bbox 2195 745 3856 823">
     <span class='ocr_line' id='line_1_22' title="bbox 2195 745 3856 823; baseline 0.002 -23"><span class='ocrx_word' id='word_1_134' title='bbox 2195 768 2312 816; x_wconf 81' lang='grc' dir='ltr'>νην,</span> <span class='ocrx_word' id='word_1_135' title='bbox 2346 745 2435 802; x_wconf 81' lang='grc' dir='ltr'>ἐπὶ</span> <span class='ocrx_word' id='word_1_136' title='bbox 2483 747 2707 810; x_wconf 80' lang='grc' dir='ltr'>πίνακος</span> <span class='ocrx_word' id='word_1_137' title='bbox 2769 747 2952 822; x_wconf 77' lang='grc' dir='ltr'><strong>εἰσῆγε</strong></span> <span class='ocrx_word' id='word_1_138' title='bbox 3004 751 3073 822; x_wconf 80' lang='grc' dir='ltr'><strong>τῇ</strong></span> <span class='ocrx_word' id='word_1_139' title='bbox 3117 747 3404 821; x_wconf 70' lang='grc' dir='ltr'><strong>πανδαισίᾳ</strong></span> <span class='ocrx_word' id='word_1_140' title='bbox 3435 770 3449 782; x_wconf 73' lang='grc' dir='ltr'><strong><em>ο</em></strong></span> <span class='ocrx_word' id='word_1_141' title='bbox 3505 749 3680 823; x_wconf 80' lang='grc' dir='ltr'>θέαμα</span> <span class='ocrx_word' id='word_1_142' title='bbox 3724 771 3856 804; x_wconf 86' lang='grc' dir='ltr'>σκυ-</span> 
     </span>
    </p>
   </div>
   <div class='ocr_carea' id='block_1_23' title="bbox 2199 833 3850 912">
    <p class='ocr_par' dir='ltr' id='par_1_23' title="bbox 2199 833 3850 912">
     <span class='ocr_line' id='line_1_23' title="bbox 2199 833 3850 912; baseline 0.003 -25"><span class='ocrx_word' id='word_1_143' title='bbox 2199 835 2413 908; x_wconf 77' lang='grc' dir='ltr'>θρωπὸν</span> <span class='ocrx_word' id='word_1_144' title='bbox 2452 835 2547 908; x_wconf 73' lang='grc' dir='ltr'>μὲν</span> <span class='ocrx_word' id='word_1_145' title='bbox 2579 840 2694 898; x_wconf 87' lang='grc' dir='ltr'>τοῖς</span> <span class='ocrx_word' id='word_1_146' title='bbox 2734 833 3042 908; x_wconf 87' lang='grc' dir='ltr'>δαιτυμόσι,</span> <span class='ocrx_word' id='word_1_147' title='bbox 3063 841 3135 910; x_wconf 81' lang='grc' dir='ltr'><strong>τῇ</strong></span> <span class='ocrx_word' id='word_1_148' title='bbox 3185 837 3352 909; x_wconf 80' lang='grc' dir='ltr'>μητρὶ</span> <span class='ocrx_word' id='word_1_149' title='bbox 3414 834 3472 892; x_wconf 80' lang='grc' dir='ltr'>δὲ</span> <span class='ocrx_word' id='word_1_150' title='bbox 3518 845 3620 907; x_wconf 82' lang='grc' dir='ltr'>τῆς</span> <span class='ocrx_word' id='word_1_151' title='bbox 3669 839 3850 912; x_wconf 84' lang='grc' dir='ltr'>κόρης</span> 
     </span>
    </p>
   </div>
   <div class='ocr_carea' id='block_1_24' title="bbox 2199 921 3855 1001">
    <p class='ocr_par' dir='ltr' id='par_1_24' title="bbox 2199 921 3855 1001">
     <span class='ocr_line' id='line_1_24' title="bbox 2199 921 3855 1001; baseline 0.002 -24"><span class='ocrx_word' id='word_1_152' title='bbox 2199 921 2402 993; x_wconf 76' lang='grc' dir='ltr'>ἡδονῆς</span> <span class='ocrx_word' id='word_1_153' title='bbox 2431 922 2596 994; x_wconf 82' lang='grc' dir='ltr'>ἄξιον.</span> <span class='ocrx_word' id='word_1_154' title='bbox 2631 925 2730 980; x_wconf 81' lang='grc' dir='ltr'>Καὶ</span> <span class='ocrx_word' id='word_1_155' title='bbox 2761 925 2866 1000; x_wconf 79' lang='grc' dir='ltr'>γὰρ</span> <span class='ocrx_word' id='word_1_156' title='bbox 2892 924 3000 1000; x_wconf 86' lang='grc' dir='ltr'>οὐχ</span> <span class='ocrx_word' id='word_1_157' title='bbox 3045 927 3208 994; x_wconf 74' lang='grc' dir='ltr'>ἦττον</span> <span class='ocrx_word' id='word_1_158' title='bbox 3256 925 3441 996; x_wconf 62' lang='grc' dir='ltr'>ἐζήτει</span> <span class='ocrx_word' id='word_1_159' title='bbox 3491 927 3696 998; x_wconf 82' lang='grc' dir='ltr'>ταύτην</span> <span class='ocrx_word' id='word_1_160' title='bbox 3739 926 3855 1001; x_wconf 79' lang='grc' dir='ltr'>ε’ἷρ-</span> 
     </span>
    </p>
   </div>
   <div class='ocr_carea' id='block_1_25' title="bbox 2199 1013 3854 1091">
    <p class='ocr_par' dir='ltr' id='par_1_25' title="bbox 2199 1013 3854 1091">
     <span class='ocr_line' id='line_1_25' title="bbox 2199 1013 3854 1091; baseline 0.002 -25"><span class='ocrx_word' id='word_1_161' title='bbox 2199 1033 2400 1089; x_wconf 85' lang='grc' dir='ltr'>γουσαν</span> <span class='ocrx_word' id='word_1_162' title='bbox 2446 1019 2564 1074; x_wconf 85' lang='grc' dir='ltr'>τοῖς</span> <span class='ocrx_word' id='word_1_163' title='bbox 2611 1015 2747 1068; x_wconf 81' lang='grc' dir='ltr'>κατὰ</span> <span class='ocrx_word' id='word_1_164' title='bbox 2792 1013 3018 1088; x_wconf 87' lang='grc' dir='ltr'>γνώμην</span> <span class='ocrx_word' id='word_1_165' title='bbox 3051 1016 3314 1090; x_wconf 84' lang='grc' dir='ltr'>χρῆσθαι,</span> <span class='ocrx_word' id='word_1_166' title='bbox 3347 1015 3520 1077; x_wconf 74' lang='grc' dir='ltr'>οὕτως</span> <span class='ocrx_word' id='word_1_167' title='bbox 3570 1019 3727 1091; x_wconf 78' lang='grc' dir='ltr'>ὁρᾷν,</span> <span class='ocrx_word' id='word_1_168' title='bbox 3755 1018 3854 1072; x_wconf 80' lang='grc' dir='ltr'>καὶ</span> 
     </span>
    </p>
   </div>
   <div class='ocr_carea' id='block_1_26' title="bbox 2199 1100 3860 1180">
    <p class='ocr_par' dir='ltr' id='par_1_26' title="bbox 2199 1100 3860 1180">
     <span class='ocr_line' id='line_1_26' title="bbox 2199 1100 3860 1180; baseline 0.004 -24"><span class='ocrx_word' id='word_1_169' title='bbox 2199 1100 2450 1176; x_wconf 80' lang='grc' dir='ltr'>γλῶτταν</span> <span class='ocrx_word' id='word_1_170' title='bbox 2503 1102 2660 1176; x_wconf 80' lang='grc' dir='ltr'>ζήλῳ</span> <span class='ocrx_word' id='word_1_171' title='bbox 2723 1102 3080 1178; x_wconf 75' lang='grc' dir='ltr'>τεθηγμένην,</span> <span class='ocrx_word' id='word_1_172' title='bbox 3132 1103 3377 1178; x_wconf 76' lang='grc' dir='ltr'>ἐσχάτως</span> <span class='ocrx_word' id='word_1_173' title='bbox 3445 1104 3662 1180; x_wconf 76' lang='grc' dir='ltr'>ἄφωνον</span> <span class='ocrx_word' id='word_1_174' title='bbox 3703 1127 3860 1162; x_wconf 80' lang='grc' dir='ltr'>κατι-</span> 
     </span>
    </p>
   </div>
   <div class='ocr_carea' id='block_1_27' title="bbox 2200 1188 3856 1270">
    <p class='ocr_par' dir='ltr' id='par_1_27' title="bbox 2200 1188 3856 1270">
     <span class='ocr_line' id='line_1_27' title="bbox 2200 1188 3856 1270; baseline 0.004 -26"><span class='ocrx_word' id='word_1_175' title='bbox 2200 1188 2328 1248; x_wconf 88' lang='grc' dir='ltr'>δεῖν.</span> <span class='ocrx_word' id='word_1_176' title='bbox 2363 1191 2512 1246; x_wconf 83' lang='grc' dir='ltr'>Ἐπεὶ</span> <span class='ocrx_word' id='word_1_177' title='bbox 2545 1189 2602 1246; x_wconf 76' lang='grc' dir='ltr'>δὲ</span> <span class='ocrx_word' id='word_1_178' title='bbox 2631 1191 2816 1266; x_wconf 68' lang='grc' dir='ltr'><strong>⁶οὕτως</strong></span> <span class='ocrx_word' id='word_1_179' title='bbox 2862 1191 3133 1266; x_wconf 76' lang='grc' dir='ltr'>ἂνῄρητο,</span> <span class='ocrx_word' id='word_1_180' title='bbox 3183 1192 3272 1248; x_wconf 81' lang='grc' dir='ltr'><strong>καὶ</strong></span> <span class='ocrx_word' id='word_1_181' title='bbox 3332 1191 3500 1248; x_wconf 78' lang='grc' dir='ltr'>ἆθλον</span> <span class='ocrx_word' id='word_1_182' title='bbox 3557 1194 3856 1270; x_wconf 75' lang='grc' dir='ltr'>ὀρχήσεως</span> 
     </span>
    </p>
   </div>
   <div class='ocr_carea' id='block_1_28' title="bbox 2199 1279 3851 1362">
    <p class='ocr_par' dir='ltr' id='par_1_28' title="bbox 2199 1279 3851 1362">
     <span class='ocr_line' id='line_1_28' title="bbox 2199 1279 3851 1362; baseline 0.004 -27"><span class='ocrx_word' id='word_1_183' title='bbox 2199 1283 2234 1350; x_wconf 83' lang='grc' dir='ltr'>ἡ</span> <span class='ocrx_word' id='word_1_184' title='bbox 2283 1281 2672 1356; x_wconf 84' lang='grc' dir='ltr'>περιμάχητος</span> <span class='ocrx_word' id='word_1_185' title='bbox 2725 1286 2794 1356; x_wconf 83' lang='grc' dir='ltr'><strong>τῇ</strong></span> <span class='ocrx_word' id='word_1_186' title='bbox 2856 1279 3076 1354; x_wconf 86' lang='grc' dir='ltr'>μαινάδι</span> <span class='ocrx_word' id='word_1_187' title='bbox 3137 1281 3544 1360; x_wconf 71' lang='grc' dir='ltr'>πεφιλοτίμητο</span> <span class='ocrx_word' id='word_1_188' title='bbox 3605 1284 3851 1362; x_wconf 68' lang='grc' dir='ltr'>κεφαλὴ,</span> 
     </span>
    </p>
   </div>
   <div class='ocr_carea' id='block_1_29' title="bbox 2198 1368 3853 1449">
    <p class='ocr_par' dir='ltr' id='par_1_29' title="bbox 2198 1368 3853 1449">
     <span class='ocr_line' id='line_1_29' title="bbox 2198 1368 3853 1449; baseline 0.005 -25"><span class='ocrx_word' id='word_1_189' title='bbox 2198 1368 2379 1441; x_wconf 81' lang='grc' dir='ltr'>ἐκείνη</span> <span class='ocrx_word' id='word_1_190' title='bbox 2419 1369 2546 1433; x_wconf 76' lang='grc' dir='ltr'>τοὺς</span> <span class='ocrx_word' id='word_1_191' title='bbox 2594 1370 2860 1449; x_wconf 73' lang='grc' dir='ltr'>ἐλέγχους</span> <span class='ocrx_word' id='word_1_192' title='bbox 2909 1372 3100 1426; x_wconf 80' lang='grc' dir='ltr'>ὡσανεὶ</span> <span class='ocrx_word' id='word_1_193' title='bbox 3145 1373 3234 1427; x_wconf 76' lang='grc' dir='ltr'><strong>καὶ</strong></span> <span class='ocrx_word' id='word_1_194' title='bbox 3279 1373 3414 1446; x_wconf 81' lang='grc' dir='ltr'>μετὰ</span> <span class='ocrx_word' id='word_1_195' title='bbox 3459 1374 3558 1443; x_wconf 82' lang='grc' dir='ltr'><strong>τήν</strong></span> <span class='ocrx_word' id='word_1_196' title='bbox 3606 1373 3853 1447; x_wconf 79' lang='grc' dir='ltr'><strong>ἐκτομὴν</strong></span> 
     </span>
    </p>
   </div>
   <div class='ocr_carea' id='block_1_30' title="bbox 2203 1457 3854 1534">
    <p class='ocr_par' dir='ltr' id='par_1_30' title="bbox 2203 1457 3854 1534">
     <span class='ocr_line' id='line_1_30' title="bbox 2203 1457 3854 1534; baseline 0.003 -20"><span class='ocrx_word' id='word_1_197' title='bbox 2203 1457 2502 1532; x_wconf 79' lang='grc' dir='ltr'>ὑπιδομένη</span> <span class='ocrx_word' id='word_1_198' title='bbox 2555 1463 2652 1514; x_wconf 87' lang='grc' dir='ltr'><strong>τοῦ</strong></span> <span class='ocrx_word' id='word_1_199' title='bbox 2693 1459 2968 1529; x_wconf 76' lang='grc' dir='ltr'>Ἰωάννου,</span> <span class='ocrx_word' id='word_1_200' title='bbox 3017 1461 3300 1517; x_wconf 77' lang='grc' dir='ltr'>συνάπτειν</span> <span class='ocrx_word' id='word_1_201' title='bbox 3351 1463 3446 1534; x_wconf 76' lang='grc' dir='ltr'>μὲν</span> <span class='ocrx_word' id='word_1_202' title='bbox 3496 1463 3700 1534; x_wconf 87' lang='grc' dir='ltr'>ταύτην</span> <span class='ocrx_word' id='word_1_203' title='bbox 3759 1466 3854 1519; x_wconf 74' lang='grc' dir='ltr'>καί</span> 
     </span>
    </p>
   </div>
   <div class='ocr_carea' id='block_1_31' title="bbox 2205 1548 3851 1626">
    <p class='ocr_par' dir='ltr' id='par_1_31' title="bbox 2205 1548 3851 1626">
     <span class='ocr_line' id='line_1_31' title="bbox 2205 1548 3851 1626; baseline 0.004 -24"><span class='ocrx_word' id='word_1_204' title='bbox 2205 1548 2358 1610; x_wconf 78' lang='grc' dir='ltr'>αὖθις</span> <span class='ocrx_word' id='word_1_205' title='bbox 2386 1553 2466 1620; x_wconf 81' lang='grc' dir='ltr'>τῷ</span> <span class='ocrx_word' id='word_1_206' title='bbox 2514 1548 2694 1622; x_wconf 78' lang='grc' dir='ltr'>λοιπῷ</span> <span class='ocrx_word' id='word_1_207' title='bbox 2740 1550 2954 1622; x_wconf 85' lang='grc' dir='ltr'>σώματι</span> <span class='ocrx_word' id='word_1_208' title='bbox 3007 1548 3194 1605; x_wconf 78' lang='grc' dir='ltr'>ἐδεδίει</span> <span class='ocrx_word' id='word_1_209' title='bbox 3229 1568 3243 1582; x_wconf 90' lang='grc'><strong>·</strong></span> <span class='ocrx_word' id='word_1_210' title='bbox 3283 1555 3412 1626; x_wconf 84' lang='grc' dir='ltr'>παρ’</span> <span class='ocrx_word' id='word_1_211' title='bbox 3441 1552 3605 1626; x_wconf 69' lang='grc' dir='ltr'>ἑαυτῇ</span> <span class='ocrx_word' id='word_1_212' title='bbox 3639 1550 3700 1608; x_wconf 71' lang='grc' dir='ltr'>δὲ</span> <span class='ocrx_word' id='word_1_213' title='bbox 3731 1575 3851 1609; x_wconf 84' lang='grc' dir='ltr'>κατ·</span> 
     </span>
    </p>
   </div>
   <div class='ocr_carea' id='block_1_32' title="bbox 2207 1634 3847 1717">
    <p class='ocr_par' dir='ltr' id='par_1_32' title="bbox 2207 1634 3847 1717">
     <span class='ocr_line' id='line_1_32' title="bbox 2207 1634 3847 1717; baseline 0.003 -25"><span class='ocrx_word' id='word_1_214' title='bbox 2207 1639 2447 1712; x_wconf 83' lang='grc' dir='ltr'>ορύττειν</span> <span class='ocrx_word' id='word_1_215' title='bbox 2499 1637 2719 1700; x_wconf 83' lang='grc' dir='ltr'>ἀσύλως</span> <span class='ocrx_word' id='word_1_216' title='bbox 2767 1634 2818 1692; x_wconf 79' lang='grc' dir='ltr'>ἔν</span> <span class='ocrx_word' id='word_1_217' title='bbox 2858 1659 2963 1692; x_wconf 89' lang='grc' dir='ltr'>τινι</span> <span class='ocrx_word' id='word_1_218' title='bbox 3014 1634 3344 1714; x_wconf 75' lang='grc' dir='ltr'>παραϐύστῳ</span> <span class='ocrx_word' id='word_1_219' title='bbox 3385 1641 3542 1714; x_wconf 75' lang='grc' dir='ltr'>τύπῳ</span> <span class='ocrx_word' id='word_1_220' title='bbox 3587 1645 3699 1696; x_wconf 80' lang='grc' dir='ltr'><strong>τῶν</strong></span> <span class='ocrx_word' id='word_1_221' title='bbox 3757 1643 3847 1717; x_wconf 81' lang='grc' dir='ltr'><strong>βα-</strong></span> 
     </span>
    </p>
   </div>
   <div class='ocr_carea' id='block_1_33' title="bbox 2208 1725 3853 1805">
    <p class='ocr_par' dir='ltr' id='par_1_33' title="bbox 2208 1725 3853 1805">
     <span class='ocr_line' id='line_1_33' title="bbox 2208 1725 3853 1805; baseline 0.002 -23"><span class='ocrx_word' id='word_1_222' title='bbox 2208 1728 2427 1784; x_wconf 81' lang='grc' dir='ltr'>σιλείων</span> <span class='ocrx_word' id='word_1_223' title='bbox 2485 1726 2661 1803; x_wconf 77' lang='grc' dir='ltr'>ἔκρινε</span> <span class='ocrx_word' id='word_1_224' title='bbox 2717 1725 2826 1784; x_wconf 82' lang='grc' dir='ltr'>δεῖν</span> <span class='ocrx_word' id='word_1_225' title='bbox 2862 1749 2876 1762; x_wconf 87' lang='grc'><strong>·</strong></span> <span class='ocrx_word' id='word_1_226' title='bbox 2935 1730 2996 1784; x_wconf 85' lang='grc' dir='ltr'>τὸ</span> <span class='ocrx_word' id='word_1_227' title='bbox 3042 1727 3098 1784; x_wconf 78' lang='grc' dir='ltr'>δὲ</span> <span class='ocrx_word' id='word_1_228' title='bbox 3147 1729 3342 1786; x_wconf 88' lang='grc' dir='ltr'>λοιπὸν</span> <span class='ocrx_word' id='word_1_229' title='bbox 3394 1735 3555 1805; x_wconf 83' lang='grc' dir='ltr'>σῶμα</span> <span class='ocrx_word' id='word_1_230' title='bbox 3601 1726 3707 1805; x_wconf 78' lang='grc' dir='ltr'><strong>ἔξω</strong></span> <span class='ocrx_word' id='word_1_231' title='bbox 3748 1754 3853 1788; x_wconf 86' lang='grc' dir='ltr'><strong>που</strong></span> 
     </span>
    </p>
   </div>
   <div class='ocr_carea' id='block_1_34' title="bbox 454 1815 2108 1895">
    <p class='ocr_par' dir='ltr' id='par_1_34' title="bbox 454 1819 2100 1895">
     <span class='ocr_line' id='line_1_34' title="bbox 454 1819 2100 1895; baseline -0.004 -13"><span class='ocrx_word' id='word_1_232' title='bbox 454 1827 537 1882; x_wconf 90' lang='lat' dir='ltr'><strong>ita</strong></span> <span class='ocrx_word' id='word_1_233' title='bbox 567 1827 853 1881; x_wconf 87' lang='lat' dir='ltr'><strong>resectum</strong></span> <span class='ocrx_word' id='word_1_234' title='bbox 880 1826 1162 1895; x_wconf 88' lang='lat' dir='ltr'><strong>spectare,</strong></span> <span class='ocrx_word' id='word_1_235' title='bbox 1195 1827 1252 1878; x_wconf 91' lang='lat' dir='ltr'><strong>et</strong></span> <span class='ocrx_word' id='word_1_236' title='bbox 1283 1821 1544 1892; x_wconf 84' lang='lat' dir='ltr'><strong>linguam</strong></span> <span class='ocrx_word' id='word_1_237' title='bbox 1591 1819 1710 1876; x_wconf 91' lang='lat' dir='ltr'><strong>zelo</strong></span> <span class='ocrx_word' id='word_1_238' title='bbox 1751 1826 1810 1876; x_wconf 87' lang='lat' dir='ltr'><strong>et</strong></span> <span class='ocrx_word' id='word_1_239' title='bbox 1863 1820 2100 1876; x_wconf 82' lang='lat' dir='ltr'><strong>aemula-</strong></span> 
     </span>
    </p>
   </div>
   <div class='ocr_carea' id='block_1_35' title="bbox 2222 1815 3856 1895">
    <p class='ocr_par' dir='ltr' id='par_1_35' title="bbox 2222 1815 3856 1895">
     <span class='ocr_line' id='line_1_35' title="bbox 2222 1815 3856 1895; baseline 0.002 -23"><span class='ocrx_word' id='word_1_240' title='bbox 2222 1819 2418 1874; x_wconf 71' lang='grc' dir='ltr'>Ξίπτειν</span> <span class='ocrx_word' id='word_1_241' title='bbox 2453 1816 2807 1874; x_wconf 76' lang='grc' dir='ltr'>διεκελεύετο.</span> <span class='ocrx_word' id='word_1_242' title='bbox 2839 1820 2904 1875; x_wconf 88' lang='grc' dir='ltr'><strong>Ὅ</strong></span> <span class='ocrx_word' id='word_1_243' title='bbox 2944 1815 3084 1887; x_wconf 81' lang='grc' dir='ltr'>δῆτα</span> <span class='ocrx_word' id='word_1_244' title='bbox 3113 1819 3164 1874; x_wconf 81' lang='grc' dir='ltr'>οἱ</span> <span class='ocrx_word' id='word_1_245' title='bbox 3211 1818 3448 1893; x_wconf 78' lang='grc' dir='ltr'>μαθηταί</span> <span class='ocrx_word' id='word_1_246' title='bbox 3485 1821 3674 1895; x_wconf 87' lang='grc' dir='ltr'>μόνον,</span> <span class='ocrx_word' id='word_1_247' title='bbox 3726 1820 3856 1877; x_wconf 86' lang='grc' dir='ltr'>κλο-</span> 
     </span>
    </p>
   </div>
   <div class='ocr_carea' id='block_1_36' title="bbox 458 1909 2100 1983">
    <p class='ocr_par' dir='ltr' id='par_1_36' title="bbox 458 1909 2100 1983">
     <span class='ocr_line' id='line_1_36' title="bbox 458 1909 2100 1983; baseline -0.004 -11"><span class='ocrx_word' id='word_1_248' title='bbox 458 1917 617 1972; x_wconf 87' lang='lat' dir='ltr'><strong>tione</strong></span> <span class='ocrx_word' id='word_1_249' title='bbox 649 1916 852 1970; x_wconf 89' lang='lat' dir='ltr'><strong>sancta</strong></span> <span class='ocrx_word' id='word_1_250' title='bbox 880 1912 1056 1967; x_wconf 83' lang='lat' dir='ltr'><strong>veluti</strong></span> <span class='ocrx_word' id='word_1_251' title='bbox 1089 1915 1212 1967; x_wconf 91' lang='lat' dir='ltr'><strong>cote</strong></span> <span class='ocrx_word' id='word_1_252' title='bbox 1256 1909 1587 1966; x_wconf 85' lang='lat' dir='ltr'><strong>acutionem</strong></span> <span class='ocrx_word' id='word_1_253' title='bbox 1642 1909 1952 1977; x_wconf 77' lang='lat' dir='ltr'><strong>redditam,</strong></span> <span class='ocrx_word' id='word_1_254' title='bbox 2003 1927 2100 1983; x_wconf 92' lang='lat' dir='ltr'><strong>po-</strong></span> 
     </span>
    </p>
   </div>
   <div class='ocr_carea' id='block_1_37' title="bbox 459 1999 2098 2072">
    <p class='ocr_par' dir='ltr' id='par_1_37' title="bbox 459 1999 2098 2072">
     <span class='ocr_line' id='line_1_37' title="bbox 459 1999 2098 2072; baseline -0.003 -11"><span class='ocrx_word' id='word_1_255' title='bbox 459 2011 674 2062; x_wconf 87' lang='lat' dir='ltr'><strong>stremo</strong></span> <span class='ocrx_word' id='word_1_256' title='bbox 715 2007 939 2058; x_wconf 80' lang='lat' dir='ltr'><strong>mutam</strong></span> <span class='ocrx_word' id='word_1_257' title='bbox 969 2000 1284 2072; x_wconf 86' lang='lat' dir='ltr'><strong>despicere.</strong></span> <span class='ocrx_word' id='word_1_258' title='bbox 1343 2002 1533 2071; x_wconf 86' lang='lat' dir='ltr'><strong>Atque</strong></span> <span class='ocrx_word' id='word_1_259' title='bbox 1563 1999 1646 2056; x_wconf 92' lang='lat' dir='ltr'><strong>sic</strong></span> <span class='ocrx_word' id='word_1_260' title='bbox 1698 1999 1798 2056; x_wconf 92' lang='lat' dir='ltr'><strong>ille</strong></span> <span class='ocrx_word' id='word_1_261' title='bbox 1857 2001 2098 2072; x_wconf 88' lang='lat' dir='ltr'><strong>quidem</strong></span> 
     </span>
    </p>
   </div>
   <div class='ocr_carea' id='block_1_38' title="bbox 457 2087 2099 2161">
    <p class='ocr_par' dir='ltr' id='par_1_38' title="bbox 457 2087 2099 2161">
     <span class='ocr_line' id='line_1_38' title="bbox 457 2087 2099 2161; baseline -0.005 -10"><span class='ocrx_word' id='word_1_262' title='bbox 457 2098 547 2151; x_wconf 89' lang='lat' dir='ltr'><strong>est</strong></span> <span class='ocrx_word' id='word_1_263' title='bbox 576 2092 831 2148; x_wconf 90' lang='lat' dir='ltr'><strong>occisus:</strong></span> <span class='ocrx_word' id='word_1_264' title='bbox 865 2094 1148 2161; x_wconf 79' lang='lat' dir='ltr'><strong>caputque</strong></span> <span class='ocrx_word' id='word_1_265' title='bbox 1177 2089 1306 2159; x_wconf 85' lang='lat' dir='ltr'><strong>ejus</strong></span> <span class='ocrx_word' id='word_1_266' title='bbox 1337 2087 1508 2161; x_wconf 84' lang='lat' dir='ltr'><strong>longe</strong></span> <span class='ocrx_word' id='word_1_267' title='bbox 1529 2089 2099 2160; x_wconf 75' lang='lat' dir='ltr'><strong>praestantissimum,</strong></span> 
     </span>
    </p>
   </div>
   <div class='ocr_carea' id='block_1_39' title="bbox 457 2177 2098 2252">
    <p class='ocr_par' dir='ltr' id='par_1_39' title="bbox 457 2177 2098 2252">
     <span class='ocr_line' id='line_1_39' title="bbox 457 2177 2098 2252; baseline -0.004 -13"><span class='ocrx_word' id='word_1_268' title='bbox 457 2181 741 2240; x_wconf 88' lang='lat' dir='ltr'><strong>mollioris</strong></span> <span class='ocrx_word' id='word_1_269' title='bbox 761 2181 1085 2238; x_wconf 81' lang='lat' dir='ltr'><strong>saltationis</strong></span> <span class='ocrx_word' id='word_1_270' title='bbox 1113 2181 1439 2252; x_wconf 65' lang='lat' dir='ltr'><strong>premium,</strong></span> <span class='ocrx_word' id='word_1_271' title='bbox 1468 2179 1716 2234; x_wconf 68' lang='lat' dir='ltr'><strong>maenadi</strong></span> <span class='ocrx_word' id='word_1_272' title='bbox 1747 2177 1832 2233; x_wconf 81' lang='lat' dir='ltr'><strong>illi</strong></span> <span class='ocrx_word' id='word_1_273' title='bbox 1863 2185 1918 2234; x_wconf 91' lang='lat' dir='ltr'><strong>et</strong></span> <span class='ocrx_word' id='word_1_274' title='bbox 1957 2178 2098 2233; x_wconf 85' lang='lat' dir='ltr'><strong>t‘uri-</strong></span> 
     </span>
    </p>
   </div>
   <div class='ocr_carea' id='block_1_40' title="bbox 455 2267 2100 2343">
    <p class='ocr_par' dir='ltr' id='par_1_40' title="bbox 455 2267 2100 2343">
     <span class='ocr_line' id='line_1_40' title="bbox 455 2267 2100 2343; baseline -0.004 -14"><span class='ocrx_word' id='word_1_275' title='bbox 455 2273 689 2340; x_wconf 77' lang='lat' dir='ltr'><strong>buudts,</strong></span> <span class='ocrx_word' id='word_1_276' title='bbox 708 2276 990 2343; x_wconf 88' lang='lat' dir='ltr'><strong>tanquam</strong></span> <span class='ocrx_word' id='word_1_277' title='bbox 1013 2285 1230 2326; x_wconf 86' lang='lat' dir='ltr'><strong>munus</strong></span> <span class='ocrx_word' id='word_1_278' title='bbox 1251 2267 1730 2325; x_wconf 87' lang='lat' dir='ltr'><strong>honoriﬁcentius</strong></span> <span class='ocrx_word' id='word_1_279' title='bbox 1753 2267 1976 2324; x_wconf 88' lang='lat' dir='ltr'><strong>datum.</strong></span> <span class='ocrx_word' id='word_1_280' title='bbox 2001 2267 2100 2324; x_wconf 74' lang='lat'><strong>89</strong></span> 
     </span>
    </p>
   </div>
   <div class='ocr_carea' id='block_1_41' title="bbox 455 2357 2102 2434">
    <p class='ocr_par' dir='ltr' id='par_1_41' title="bbox 455 2357 2102 2434">
     <span class='ocr_line' id='line_1_41' title="bbox 455 2357 2102 2434; baseline -0.005 -14"><span class='ocrx_word' id='word_1_281' title='bbox 455 2365 526 2420; x_wconf 87' lang='lat' dir='ltr'><strong>At</strong></span> <span class='ocrx_word' id='word_1_282' title='bbox 583 2363 714 2434; x_wconf 88' lang='lat' dir='ltr'><strong>ipsa</strong></span> <span class='ocrx_word' id='word_1_283' title='bbox 766 2359 1010 2416; x_wconf 87' lang='lat' dir='ltr'><strong>Joannis</strong></span> <span class='ocrx_word' id='word_1_284' title='bbox 1095 2358 1607 2431; x_wconf 82' lang='lat' dir='ltr'><strong>reprehensionem</strong></span> <span class='ocrx_word' id='word_1_285' title='bbox 1673 2357 2102 2428; x_wconf 90' lang='lat' dir='ltr'><strong>quodammodo</strong></span> 
     </span>
    </p>
   </div>
   <div class='ocr_carea' id='block_1_42' title="bbox 454 2448 2104 2522">
    <p class='ocr_par' dir='ltr' id='par_1_42' title="bbox 454 2448 2104 2522">
     <span class='ocr_line' id='line_1_42' title="bbox 454 2448 2104 2522; baseline -0.004 -13"><span class='ocrx_word' id='word_1_286' title='bbox 454 2453 632 2509; x_wconf 88' lang='lat' dir='ltr'><strong>etiam</strong></span> <span class='ocrx_word' id='word_1_287' title='bbox 671 2455 804 2522; x_wconf 88' lang='lat' dir='ltr'><strong>post</strong></span> <span class='ocrx_word' id='word_1_288' title='bbox 856 2449 1063 2520; x_wconf 89' lang='lat' dir='ltr'><strong>capitis</strong></span> <span class='ocrx_word' id='word_1_289' title='bbox 1111 2449 1489 2505; x_wconf 88' lang='lat' dir='ltr'><strong>resectionem</strong></span> <span class='ocrx_word' id='word_1_290' title='bbox 1530 2448 1734 2504; x_wconf 85' lang='lat' dir='ltr'><strong>verita.</strong></span> <span class='ocrx_word' id='word_1_291' title='bbox 1781 2448 2104 2518; x_wconf 86' lang='lat' dir='ltr'><strong>conjunge-</strong></span> 
     </span>
    </p>
   </div>
   <div class='ocr_carea' id='block_1_43' title="bbox 459 2537 2104 2615">
    <p class='ocr_par' dir='ltr' id='par_1_43' title="bbox 459 2537 2104 2615">
     <span class='ocr_line' id='line_1_43' title="bbox 459 2537 2104 2615; baseline -0.005 -17"><span class='ocrx_word' id='word_1_292' title='bbox 459 2557 639 2615; x_wconf 90' lang='lat' dir='ltr'><strong>reque</strong></span> <span class='ocrx_word' id='word_1_293' title='bbox 659 2541 718 2596; x_wconf 88' lang='lat' dir='ltr'><strong>id</strong></span> <span class='ocrx_word' id='word_1_294' title='bbox 749 2557 957 2596; x_wconf 87' lang='lat' dir='ltr'><strong>rursus</strong></span> <span class='ocrx_word' id='word_1_295' title='bbox 988 2537 1208 2609; x_wconf 87' lang='lat' dir='ltr'><strong>reliquo</strong></span> <span class='ocrx_word' id='word_1_296' title='bbox 1238 2539 1460 2609; x_wconf 85' lang='lat' dir='ltr'><strong>corpori</strong></span> <span class='ocrx_word' id='word_1_297' title='bbox 1503 2537 1734 2606; x_wconf 86' lang='lat' dir='ltr'><strong>timens,</strong></span> <span class='ocrx_word' id='word_1_298' title='bbox 1803 2537 1958 2608; x_wconf 87' lang='lat' dir='ltr'><strong>apud</strong></span> <span class='ocrx_word' id='word_1_299' title='bbox 2019 2553 2104 2603; x_wconf 87' lang='lat' dir='ltr'><strong>se,</strong></span> 
     </span>
    </p>
   </div>
   <div class='ocr_carea' id='block_1_44' title="bbox 460 2625 2104 2697">
    <p class='ocr_par' dir='ltr' id='par_1_44' title="bbox 460 2625 2104 2697">
     <span class='ocr_line' id='line_1_44' title="bbox 460 2625 2104 2697; baseline -0.003 -11"><span class='ocrx_word' id='word_1_300' title='bbox 460 2629 694 2686; x_wconf 87' lang='lat' dir='ltr'><strong>remotis</strong></span> <span class='ocrx_word' id='word_1_301' title='bbox 723 2629 980 2695; x_wconf 86' lang='lat' dir='ltr'><strong>arbitris,</strong></span> <span class='ocrx_word' id='word_1_302' title='bbox 1037 2627 1098 2683; x_wconf 92' lang='lat' dir='ltr'><strong>in</strong></span> <span class='ocrx_word' id='word_1_303' title='bbox 1139 2627 1496 2684; x_wconf 87' lang='lat' dir='ltr'><strong>abstrusiore</strong></span> <span class='ocrx_word' id='word_1_304' title='bbox 1553 2627 1720 2697; x_wconf 68' lang='lat' dir='ltr'><strong>regiae</strong></span> <span class='ocrx_word' id='word_1_305' title='bbox 1767 2625 1894 2682; x_wconf 91' lang='lat' dir='ltr'><strong>loco</strong></span> <span class='ocrx_word' id='word_1_306' title='bbox 1940 2641 2104 2696; x_wconf 87' lang='lat' dir='ltr'><strong>sepe-</strong></span> 
     </span>
    </p>
   </div>
   <div class='ocr_carea' id='block_1_45' title="bbox 459 2715 2109 2788">
    <p class='ocr_par' dir='ltr' id='par_1_45' title="bbox 459 2715 2109 2788">
     <span class='ocr_line' id='line_1_45' title="bbox 459 2715 2109 2788; baseline -0.005 -10"><span class='ocrx_word' id='word_1_307' title='bbox 459 2721 724 2777; x_wconf 90' lang='lat' dir='ltr'><strong>liendum</strong></span> <span class='ocrx_word' id='word_1_308' title='bbox 755 2717 915 2774; x_wconf 82' lang='lat' dir='ltr'><strong>duxit</strong></span> <span class='ocrx_word' id='word_1_309' title='bbox 943 2735 956 2772; x_wconf 94' lang='lat'>:</span> <span class='ocrx_word' id='word_1_310' title='bbox 982 2721 1254 2774; x_wconf 88' lang='lat' dir='ltr'><strong>truncum</strong></span> <span class='ocrx_word' id='word_1_311' title='bbox 1279 2719 1472 2772; x_wconf 83' lang='lat' dir='ltr'><strong>autem</strong></span> <span class='ocrx_word' id='word_1_312' title='bbox 1493 2717 1685 2788; x_wconf 91' lang='lat' dir='ltr'><strong>ipsum</strong></span> <span class='ocrx_word' id='word_1_313' title='bbox 1703 2715 1951 2787; x_wconf 91' lang='lat' dir='ltr'><strong>abjicere</strong></span> <span class='ocrx_word' id='word_1_314' title='bbox 1967 2730 2109 2785; x_wconf 86' lang='lat' dir='ltr'><strong>quo-</strong></span> 
     </span>
    </p>
   </div>
   <div class='ocr_carea' id='block_1_46' title="bbox 2208 1906 3856 1984">
    <p class='ocr_par' dir='ltr' id='par_1_46' title="bbox 2208 1906 3856 1984">
     <span class='ocr_line' id='line_1_46' title="bbox 2208 1906 3856 1984; baseline 0.001 -20"><span class='ocrx_word' id='word_1_315' title='bbox 2208 1912 2286 1982; x_wconf 84' lang='grc' dir='ltr'><strong>πῇ</strong></span> <span class='ocrx_word' id='word_1_316' title='bbox 2335 1906 2792 1982; x_wconf 86' lang='grc' dir='ltr'>περιστείλαντες,</span> <span class='ocrx_word' id='word_1_317' title='bbox 2844 1911 3053 1980; x_wconf 80' lang='grc' dir='ltr'>σεμνῶς</span> <span class='ocrx_word' id='word_1_318' title='bbox 3115 1907 3218 1964; x_wconf 81' lang='grc' dir='ltr'><strong>ὑπό</strong></span> <span class='ocrx_word' id='word_1_319' title='bbox 3248 1929 3354 1964; x_wconf 89' lang='grc' dir='ltr'>τινι</span> <span class='ocrx_word' id='word_1_320' title='bbox 3400 1909 3663 1984; x_wconf 77' lang='grc' dir='ltr'>ἐπισήμῳ</span> <span class='ocrx_word' id='word_1_321' title='bbox 3698 1911 3856 1984; x_wconf 83' lang='grc' dir='ltr'>τόπῳ</span> 
     </span>
    </p>
   </div>
   <div class='ocr_carea' id='block_1_47' title="bbox 2205 1994 3856 2074">
    <p class='ocr_par' dir='ltr' id='par_1_47' title="bbox 2205 1994 3856 2074">
     <span class='ocr_line' id='line_1_47' title="bbox 2205 1994 3856 2074; baseline 0.001 -21"><span class='ocrx_word' id='word_1_322' title='bbox 2205 1995 2513 2053; x_wconf 75' lang='grc' dir='ltr'><strong>κατέθεντο.</strong></span> <span class='ocrx_word' id='word_1_323' title='bbox 2556 1997 2768 2066; x_wconf 87' lang='grc' dir='ltr'>Ἰησοῦς</span> <span class='ocrx_word' id='word_1_324' title='bbox 2838 1997 3019 2068; x_wconf 78' lang='grc' dir='ltr'>μέντοι</span> <span class='ocrx_word' id='word_1_325' title='bbox 3081 1997 3146 2052; x_wconf 84' lang='grc' dir='ltr'><strong>τὰ</strong></span> <span class='ocrx_word' id='word_1_326' title='bbox 3193 2001 3272 2069; x_wconf 84' lang='grc' dir='ltr'><strong>τῷ</strong></span> <span class='ocrx_word' id='word_1_327' title='bbox 3320 1999 3547 2074; x_wconf 73' lang='grc' dir='ltr'>Ἰωάννῃ</span> <span class='ocrx_word' id='word_1_328' title='bbox 3607 1994 3856 2072; x_wconf 79' lang='grc' dir='ltr'>συμϐάν-</span> 
     </span>
    </p>
   </div>
   <div class='ocr_carea' id='block_1_48' title="bbox 2205 2085 3855 2164">
    <p class='ocr_par' dir='ltr' id='par_1_48' title="bbox 2205 2085 3855 2164">
     <span class='ocr_line' id='line_1_48' title="bbox 2205 2085 3855 2164; baseline 0.001 -22"><span class='ocrx_word' id='word_1_329' title='bbox 2205 2107 2273 2142; x_wconf 84' lang='grc' dir='ltr'><strong>τα</strong></span> <span class='ocrx_word' id='word_1_330' title='bbox 2320 2085 2712 2158; x_wconf 81' lang='grc' dir='ltr'>ήνωτισμὲνος,</span> <span class='ocrx_word' id='word_1_331' title='bbox 2743 2085 2834 2140; x_wconf 83' lang='grc' dir='ltr'><strong>καὶ</strong></span> <span class='ocrx_word' id='word_1_332' title='bbox 2883 2090 2954 2160; x_wconf 78' lang='grc' dir='ltr'>τῇ</span> <span class='ocrx_word' id='word_1_333' title='bbox 2983 2086 3108 2160; x_wconf 78' lang='grc' dir='ltr'>περὶ</span> <span class='ocrx_word' id='word_1_334' title='bbox 3141 2085 3299 2142; x_wconf 85' lang='grc' dir='ltr'>αύτὸν</span> <span class='ocrx_word' id='word_1_335' title='bbox 3333 2085 3481 2164; x_wconf 80' lang='grc' dir='ltr'>λύπῃ</span> <span class='ocrx_word' id='word_1_336' title='bbox 3515 2089 3855 2164; x_wconf 81' lang='grc' dir='ltr'>κατάσχετος</span> 
     </span>
    </p>
   </div>
   <div class='ocr_carea' id='block_1_49' title="bbox 2209 2171 3853 2253">
    <p class='ocr_par' dir='ltr' id='par_1_49' title="bbox 2209 2171 3853 2253">
     <span class='ocr_line' id='line_1_49' title="bbox 2209 2171 3853 2253; baseline 0.002 -22"><span class='ocrx_word' id='word_1_337' title='bbox 2209 2175 2474 2251; x_wconf 83' lang='grc' dir='ltr'>γεγονὼς,</span> <span class='ocrx_word' id='word_1_338' title='bbox 2507 2171 2697 2237; x_wconf 77' lang='grc' dir='ltr'>ἐπιϐάς</span> <span class='ocrx_word' id='word_1_339' title='bbox 2737 2173 2922 2247; x_wconf 80' lang='grc' dir='ltr'>πλοίῳ</span> <span class='ocrx_word' id='word_1_340' title='bbox 2953 2175 3078 2250; x_wconf 84' lang='grc' dir='ltr'>περὶ</span> <span class='ocrx_word' id='word_1_341' title='bbox 3107 2177 3204 2245; x_wconf 78' lang='grc' dir='ltr'><strong>τήν</strong></span> <span class='ocrx_word' id='word_1_342' title='bbox 3261 2172 3509 2248; x_wconf 73' lang='grc' dir='ltr'>Θηϐαΐδα</span> <span class='ocrx_word' id='word_1_343' title='bbox 3561 2174 3853 2253; x_wconf 75' lang='grc' dir='ltr'>διέτριϐεν,</span> 
     </span>
    </p>
   </div>
   <div class='ocr_carea' id='block_1_50' title="bbox 2211 2264 3854 2342">
    <p class='ocr_par' dir='ltr' id='par_1_50' title="bbox 2211 2264 3854 2342">
     <span class='ocr_line' id='line_1_50' title="bbox 2211 2264 3854 2342; baseline 0.001 -22"><span class='ocrx_word' id='word_1_344' title='bbox 2211 2264 2262 2320; x_wconf 84' lang='grc' dir='ltr'>ἐν</span> <span class='ocrx_word' id='word_1_345' title='bbox 2294 2265 2492 2340; x_wconf 80' lang='grc' dir='ltr'>ἡσύχῳ</span> <span class='ocrx_word' id='word_1_346' title='bbox 2519 2269 2588 2340; x_wconf 77' lang='grc' dir='ltr'><strong>τῇ</strong></span> <span class='ocrx_word' id='word_1_347' title='bbox 2625 2265 2786 2339; x_wconf 81' lang='grc' dir='ltr'>βιοτῇ</span> <span class='ocrx_word' id='word_1_348' title='bbox 2813 2265 2876 2320; x_wconf 89' lang='grc' dir='ltr'>τὸ</span> <span class='ocrx_word' id='word_1_349' title='bbox 2924 2265 3067 2320; x_wconf 80' lang='grc' dir='ltr'>πολὺ</span> <span class='ocrx_word' id='word_1_350' title='bbox 3113 2273 3212 2336; x_wconf 79' lang='grc' dir='ltr'><strong>τῆς</strong></span> <span class='ocrx_word' id='word_1_351' title='bbox 3260 2264 3441 2337; x_wconf 88' lang='grc' dir='ltr'>λύπης</span> <span class='ocrx_word' id='word_1_352' title='bbox 3483 2267 3854 2342; x_wconf 83' lang='grc' dir='ltr'>παραμυθού-</span> 
     </span>
    </p>
   </div>
   <div class='ocr_carea' id='block_1_51' title="bbox 2216 2351 3862 2430">
    <p class='ocr_par' dir='ltr' id='par_1_51' title="bbox 2216 2351 3862 2430">
     <span class='ocr_line' id='line_1_51' title="bbox 2216 2351 3862 2430; baseline 0.002 -21"><span class='ocrx_word' id='word_1_353' title='bbox 2216 2375 2400 2428; x_wconf 85' lang='grc' dir='ltr'>μενος,</span> <span class='ocrx_word' id='word_1_354' title='bbox 2455 2358 2510 2408; x_wconf 74' lang='lat'><strong>‘0</strong></span> <span class='ocrx_word' id='word_1_355' title='bbox 2573 2355 2667 2425; x_wconf 74' lang='grc' dir='ltr'>μὲν</span> <span class='ocrx_word' id='word_1_356' title='bbox 2705 2351 2796 2408; x_wconf 83' lang='grc' dir='ltr'><strong>οῦν</strong></span> <span class='ocrx_word' id='word_1_357' title='bbox 2859 2352 3116 2425; x_wconf 79' lang='grc' dir='ltr'>Ἰωάννης</span> <span class='ocrx_word' id='word_1_358' title='bbox 3173 2355 3310 2430; x_wconf 79' lang='grc' dir='ltr'>πρὸς</span> <span class='ocrx_word' id='word_1_359' title='bbox 3366 2361 3482 2418; x_wconf 88' lang='grc' dir='ltr'>τοῖς</span> <span class='ocrx_word' id='word_1_360' title='bbox 3531 2355 3735 2420; x_wconf 74' lang='grc' dir='ltr'>ἄλλοις</span> <span class='ocrx_word' id='word_1_361' title='bbox 3777 2364 3862 2421; x_wconf 87' lang='grc' dir='ltr'><strong>οἱς</strong></span> 
     </span>
    </p>
   </div>
   <div class='ocr_carea' id='block_1_52' title="bbox 2213 2439 3864 2520">
    <p class='ocr_par' dir='ltr' id='par_1_52' title="bbox 2213 2439 3864 2520">
     <span class='ocr_line' id='line_1_52' title="bbox 2213 2439 3864 2520; baseline 0.002 -24"><span class='ocrx_word' id='word_1_362' title='bbox 2213 2439 2380 2516; x_wconf 66' lang='grc' dir='ltr'>ηὔχει</span> <span class='ocrx_word' id='word_1_363' title='bbox 2409 2441 2602 2503; x_wconf 85' lang='grc' dir='ltr'>καλοῖς</span> <span class='ocrx_word' id='word_1_364' title='bbox 2651 2441 2739 2496; x_wconf 87' lang='grc' dir='ltr'><strong>καὶ</strong></span> <span class='ocrx_word' id='word_1_365' title='bbox 2787 2445 2866 2512; x_wconf 84' lang='grc' dir='ltr'>τῷ</span> <span class='ocrx_word' id='word_1_366' title='bbox 2915 2443 3047 2517; x_wconf 81' lang='grc' dir='ltr'>ὑπὲρ</span> <span class='ocrx_word' id='word_1_367' title='bbox 3103 2447 3338 2518; x_wconf 79' lang='grc' dir='ltr'>Χριστοῦ</span> <span class='ocrx_word' id='word_1_368' title='bbox 3371 2446 3660 2520; x_wconf 79' lang='grc' dir='ltr'>μαρτυρίῳ</span> <span class='ocrx_word' id='word_1_369' title='bbox 3688 2466 3864 2518; x_wconf 82' lang='grc' dir='ltr'>τιμη-</span> 
     </span>
    </p>
   </div>
   <div class='ocr_carea' id='block_1_53' title="bbox 2216 2529 3863 2608">
    <p class='ocr_par' dir='ltr' id='par_1_53' title="bbox 2216 2529 3863 2608">
     <span class='ocr_line' id='line_1_53' title="bbox 2216 2529 3863 2608; baseline 0.002 -23"><span class='ocrx_word' id='word_1_370' title='bbox 2216 2531 2344 2598; x_wconf 78' lang='grc' dir='ltr'>θεὶς,</span> <span class='ocrx_word' id='word_1_371' title='bbox 2376 2529 2502 2592; x_wconf 79' lang='grc' dir='ltr'>τοὺς</span> <span class='ocrx_word' id='word_1_372' title='bbox 2548 2529 2808 2602; x_wconf 78' lang='grc' dir='ltr'>οὐρανοὺς</span> <span class='ocrx_word' id='word_1_373' title='bbox 2855 2531 2926 2584; x_wconf 84' lang='grc' dir='ltr'>ὧν</span> <span class='ocrx_word' id='word_1_374' title='bbox 2977 2531 3048 2600; x_wconf 81' lang='grc' dir='ltr'><strong>ἧν</strong></span> <span class='ocrx_word' id='word_1_375' title='bbox 3093 2530 3238 2602; x_wconf 81' lang='grc' dir='ltr'>ἄξιος</span> <span class='ocrx_word' id='word_1_376' title='bbox 3297 2530 3500 2608; x_wconf 72' lang='grc' dir='ltr'>ε’ίληχε</span> <span class='ocrx_word' id='word_1_377' title='bbox 3552 2535 3863 2603; x_wconf 80' lang='grc' dir='ltr'>κατοικίαν,</span> 
     </span>
    </p>
   </div>
   <div class='ocr_carea' id='block_1_54' title="bbox 2219 2617 3869 2698">
    <p class='ocr_par' dir='ltr' id='par_1_54' title="bbox 2219 2617 3869 2698">
     <span class='ocr_line' id='line_1_54' title="bbox 2219 2617 3869 2698; baseline 0.004 -24"><span class='ocrx_word' id='word_1_378' title='bbox 2219 2617 2311 2674; x_wconf 86' lang='grc' dir='ltr'><strong>δύο</strong></span> <span class='ocrx_word' id='word_1_379' title='bbox 2342 2621 2432 2674; x_wconf 78' lang='grc' dir='ltr'>καὶ</span> <span class='ocrx_word' id='word_1_380' title='bbox 2482 2619 2529 2675; x_wconf 86' lang='grc' dir='ltr'>λ’</span> <span class='ocrx_word' id='word_1_381' title='bbox 2577 2619 2712 2693; x_wconf 85' lang='grc' dir='ltr'>πρὸς</span> <span class='ocrx_word' id='word_1_382' title='bbox 2763 2619 2930 2692; x_wconf 78' lang='grc' dir='ltr'>μησὶν</span> <span class='ocrx_word' id='word_1_383' title='bbox 2979 2617 3028 2694; x_wconf 78' lang='grc' dir='ltr'><strong>ἕξ</strong></span> <span class='ocrx_word' id='word_1_384' title='bbox 3072 2620 3140 2676; x_wconf 79' lang='grc' dir='ltr'><strong>τὰ</strong></span> <span class='ocrx_word' id='word_1_385' title='bbox 3183 2622 3318 2696; x_wconf 85' lang='grc' dir='ltr'>πρὸς</span> <span class='ocrx_word' id='word_1_386' title='bbox 3347 2623 3442 2692; x_wconf 79' lang='grc' dir='ltr'><strong>τήν</strong></span> <span class='ocrx_word' id='word_1_387' title='bbox 3486 2628 3594 2698; x_wconf 79' lang='grc' dir='ltr'>γῆν</span> <span class='ocrx_word' id='word_1_388' title='bbox 3654 2617 3869 2680; x_wconf 73' lang='grc' dir='ltr'>ἅπαντα</span> 
     </span>
    </p>
   </div>
   <div class='ocr_carea' id='block_1_55' title="bbox 2219 2705 2612 2780">
    <p class='ocr_par' dir='ltr' id='par_1_55' title="bbox 2219 2705 2612 2780">
     <span class='ocr_line' id='line_1_55' title="bbox 2219 2705 2612 2780; baseline 0 -14"><span class='ocrx_word' id='word_1_389' title='bbox 2219 2709 2468 2774; x_wconf 82' lang='grc' dir='ltr'>διανύσας</span> <span class='ocrx_word' id='word_1_390' title='bbox 2495 2705 2612 2780; x_wconf 82' lang='grc' dir='ltr'>ἔτη.</span> 
     </span>
    </p>
   </div>
   <div class='ocr_carea' id='block_1_56' title="bbox 457 2800 3870 2882">
    <p class='ocr_par' dir='ltr' id='par_1_56' title="bbox 457 2800 3870 2882">
     <span class='ocr_line' id='line_1_56' title="bbox 457 2800 3870 2882; baseline -0 -15"><span class='ocrx_word' id='word_1_391' title='bbox 457 2811 611 2882; x_wconf 84' lang='lat' dir='ltr'><strong>piam</strong></span> <span class='ocrx_word' id='word_1_392' title='bbox 637 2809 837 2880; x_wconf 84' lang='lat' dir='ltr'><strong>jussit.</strong></span> <span class='ocrx_word' id='word_1_393' title='bbox 870 2808 1016 2863; x_wconf 90' lang='lat' dir='ltr'><strong>Eum</strong></span> <span class='ocrx_word' id='word_1_394' title='bbox 1050 2824 1219 2880; x_wconf 87' lang='lat' dir='ltr'><strong>porro</strong></span> <span class='ocrx_word' id='word_1_395' title='bbox 1252 2807 1440 2863; x_wconf 90' lang='lat' dir='ltr'><strong>solum</strong></span> <span class='ocrx_word' id='word_1_396' title='bbox 1472 2804 1743 2877; x_wconf 88' lang='lat' dir='ltr'><strong>discipuli</strong></span> <span class='ocrx_word' id='word_1_397' title='bbox 1772 2806 1899 2876; x_wconf 90' lang='lat' dir='ltr'><strong>ejus</strong></span> <span class='ocrx_word' id='word_1_398' title='bbox 1933 2804 2131 2860; x_wconf 84' lang='lat' dir='ltr'><strong>furtim</strong></span> <span class='ocrx_word' id='word_1_399' title='bbox 2183 2802 2506 2871; x_wconf 87' lang='lat' dir='ltr'><strong>sublatum,</strong></span> <span class='ocrx_word' id='word_1_400' title='bbox 2538 2817 2670 2859; x_wconf 89' lang='lat' dir='ltr'><strong>cum</strong></span> <span class='ocrx_word' id='word_1_401' title='bbox 2703 2800 2951 2858; x_wconf 89' lang='lat' dir='ltr'><strong>solemni</strong></span> <span class='ocrx_word' id='word_1_402' title='bbox 2972 2804 3343 2863; x_wconf 87' lang='lat' dir='ltr'><strong>veneratione</strong></span> <span class='ocrx_word' id='word_1_403' title='bbox 3380 2804 3442 2863; x_wconf 89' lang='lat' dir='ltr'><strong>in</strong></span> <span class='ocrx_word' id='word_1_404' title='bbox 3473 2806 3690 2864; x_wconf 88' lang='lat' dir='ltr'><strong>celebri</strong></span> <span class='ocrx_word' id='word_1_405' title='bbox 3721 2825 3870 2882; x_wconf 88' lang='lat' dir='ltr'><strong>quo-</strong></span> 
     </span>
    </p>
   </div>
   <div class='ocr_carea' id='block_1_57' title="bbox 457 2891 3870 2969">
    <p class='ocr_par' dir='ltr' id='par_1_57' title="bbox 457 2891 3870 2969">
     <span class='ocr_line' id='line_1_57' title="bbox 457 2891 3870 2969; baseline -0 -15"><span class='ocrx_word' id='word_1_406' title='bbox 457 2899 592 2955; x_wconf 77' lang='lat' dir='ltr'><strong>dam</strong></span> <span class='ocrx_word' id='word_1_407' title='bbox 623 2897 898 2969; x_wconf 87' lang='lat' dir='ltr'><strong>sepeliere</strong></span> <span class='ocrx_word' id='word_1_408' title='bbox 937 2897 1083 2953; x_wconf 88' lang='lat' dir='ltr'><strong>loco.</strong></span> <span class='ocrx_word' id='word_1_409' title='bbox 1119 2895 1424 2953; x_wconf 86' lang='lat' dir='ltr'><strong>Enimvero</strong></span> <span class='ocrx_word' id='word_1_410' title='bbox 1454 2895 1629 2951; x_wconf 86' lang='lat' dir='ltr'><strong>Jesus</strong></span> <span class='ocrx_word' id='word_1_411' title='bbox 1657 2909 1790 2950; x_wconf 87' lang='lat' dir='ltr'><strong>cum</strong></span> <span class='ocrx_word' id='word_1_412' title='bbox 1821 2908 1891 2950; x_wconf 87' lang='lat' dir='ltr'><strong>ea</strong></span> <span class='ocrx_word' id='word_1_413' title='bbox 1921 2909 2048 2964; x_wconf 65' lang='lat' dir='ltr'><strong>quae</strong></span> <span class='ocrx_word' id='word_1_414' title='bbox 2089 2891 2304 2947; x_wconf 88' lang='lat' dir='ltr'><strong>Joanni</strong></span> <span class='ocrx_word' id='word_1_415' title='bbox 2332 2891 2703 2961; x_wconf 88' lang='lat' dir='ltr'><strong>accidissent,</strong></span> <span class='ocrx_word' id='word_1_416' title='bbox 2752 2891 3088 2961; x_wconf 85' lang='lat' dir='ltr'><strong>audivisset,</strong></span> <span class='ocrx_word' id='word_1_417' title='bbox 3141 2909 3416 2966; x_wconf 88' lang='lat' dir='ltr'><strong>magnum</strong></span> <span class='ocrx_word' id='word_1_418' title='bbox 3477 2895 3549 2952; x_wconf 90' lang='lat' dir='ltr'><strong>de</strong></span> <span class='ocrx_word' id='word_1_419' title='bbox 3595 2913 3662 2952; x_wconf 91' lang='lat' dir='ltr'><strong>eo</strong></span> <span class='ocrx_word' id='word_1_420' title='bbox 3722 2914 3870 2955; x_wconf 87' lang='lat' dir='ltr'><strong>eon-</strong></span> 
     </span>
    </p>
   </div>
   <div class='ocr_carea' id='block_1_58' title="bbox 458 2981 3848 3061">
    <p class='ocr_par' dir='ltr' id='par_1_58' title="bbox 458 2981 3848 3061">
     <span class='ocr_line' id='line_1_58' title="bbox 458 2981 3848 3061; baseline -0.001 -15"><span class='ocrx_word' id='word_1_421' title='bbox 458 2989 612 3061; x_wconf 85' lang='lat' dir='ltr'><strong>cepit</strong></span> <span class='ocrx_word' id='word_1_422' title='bbox 642 3003 946 3044; x_wconf 78' lang='lat' dir='ltr'><strong>maerorem</strong></span> <span class='ocrx_word' id='word_1_423' title='bbox 980 3001 994 3041; x_wconf 88' lang='lat'><strong>:</strong></span> <span class='ocrx_word' id='word_1_424' title='bbox 1027 2991 1085 3042; x_wconf 92' lang='lat' dir='ltr'><strong>et</strong></span> <span class='ocrx_word' id='word_1_425' title='bbox 1137 2985 1365 3057; x_wconf 86' lang='lat' dir='ltr'><strong>navigio</strong></span> <span class='ocrx_word' id='word_1_426' title='bbox 1414 2999 1756 3051; x_wconf 89' lang='lat' dir='ltr'><strong>conscenso,</strong></span> <span class='ocrx_word' id='word_1_427' title='bbox 1786 2983 1847 3038; x_wconf 88' lang='lat' dir='ltr'><strong>in</strong></span> <span class='ocrx_word' id='word_1_428' title='bbox 1894 2981 2039 3038; x_wconf 89' lang='lat' dir='ltr'><strong>locis</strong></span> <span class='ocrx_word' id='word_1_429' title='bbox 2079 2982 2324 3038; x_wconf 88' lang='lat' dir='ltr'><strong>desertis</strong></span> <span class='ocrx_word' id='word_1_430' title='bbox 2354 2987 2616 3040; x_wconf 88' lang='lat' dir='ltr'><strong>versatus</strong></span> <span class='ocrx_word' id='word_1_431' title='bbox 2646 2989 2756 3056; x_wconf 89' lang='lat' dir='ltr'><strong>est,</strong></span> <span class='ocrx_word' id='word_1_432' title='bbox 2792 2984 3060 3041; x_wconf 60' lang='lat' dir='ltr'><strong>solitariae</strong></span> <span class='ocrx_word' id='word_1_433' title='bbox 3089 2984 3219 3040; x_wconf 67' lang='lat' dir='ltr'><strong>vitae</strong></span> <span class='ocrx_word' id='word_1_434' title='bbox 3251 2983 3662 3058; x_wconf 82' lang='lat' dir='ltr'><strong>tranquillitate</strong></span> <span class='ocrx_word' id='word_1_435' title='bbox 3708 3000 3848 3041; x_wconf 89' lang='lat' dir='ltr'><strong>eum</strong></span> 
     </span>
    </p>
   </div>
   <div class='ocr_carea' id='block_1_59' title="bbox 459 3071 3846 3146">
    <p class='ocr_par' dir='ltr' id='par_1_59' title="bbox 459 3071 3846 3146">
     <span class='ocr_line' id='line_1_59' title="bbox 459 3071 3846 3146; baseline -0.001 -13"><span class='ocrx_word' id='word_1_436' title='bbox 459 3077 718 3135; x_wconf 90' lang='lat' dir='ltr'><strong>dolorem</strong></span> <span class='ocrx_word' id='word_1_437' title='bbox 752 3076 968 3132; x_wconf 87' lang='lat' dir='ltr'><strong>solans.</strong></span> <span class='ocrx_word' id='word_1_438' title='bbox 991 3075 1249 3131; x_wconf 85' lang='lat' dir='ltr'><strong>Joannes</strong></span> <span class='ocrx_word' id='word_1_439' title='bbox 1279 3075 1461 3146; x_wconf 86' lang='lat' dir='ltr'><strong>igitur</strong></span> <span class='ocrx_word' id='word_1_440' title='bbox 1480 3082 1683 3145; x_wconf 64' lang='lat' dir='ltr'><strong>praeter</strong></span> <span class='ocrx_word' id='word_1_441' title='bbox 1713 3089 1804 3128; x_wconf 89' lang='lat' dir='ltr'><strong>res</strong></span> <span class='ocrx_word' id='word_1_442' title='bbox 1853 3071 2022 3138; x_wconf 87' lang='lat' dir='ltr'><strong>alias,</strong></span> <span class='ocrx_word' id='word_1_443' title='bbox 2055 3071 2267 3142; x_wconf 87' lang='lat' dir='ltr'><strong>quibus</strong></span> <span class='ocrx_word' id='word_1_444' title='bbox 2315 3071 2724 3143; x_wconf 90' lang='lat' dir='ltr'><strong>pulcherrimis</strong></span> <span class='ocrx_word' id='word_1_445' title='bbox 2779 3073 3052 3146; x_wconf 86' lang='lat' dir='ltr'><strong>pollebat,</strong></span> <span class='ocrx_word' id='word_1_446' title='bbox 3126 3073 3403 3146; x_wconf 83' lang='lat' dir='ltr'><strong>martyrio</strong></span> <span class='ocrx_word' id='word_1_447' title='bbox 3467 3089 3684 3146; x_wconf 88' lang='lat' dir='ltr'><strong>quoque</strong></span> <span class='ocrx_word' id='word_1_448' title='bbox 3738 3089 3846 3146; x_wconf 92' lang='lat' dir='ltr'><strong>pro</strong></span> 
     </span>
    </p>
   </div>
   <div class='ocr_carea' id='block_1_60' title="bbox 459 3161 3854 3237">
    <p class='ocr_par' dir='ltr' id='par_1_60' title="bbox 459 3161 3854 3237">
     <span class='ocr_line' id='line_1_60' title="bbox 459 3161 3854 3237; baseline -0.001 -14"><span class='ocrx_word' id='word_1_449' title='bbox 459 3165 674 3224; x_wconf 87' lang='lat' dir='ltr'><strong>Christi</strong></span> <span class='ocrx_word' id='word_1_450' title='bbox 721 3165 957 3222; x_wconf 82' lang='lat' dir='ltr'><strong>nomine</strong></span> <span class='ocrx_word' id='word_1_451' title='bbox 1005 3165 1438 3232; x_wconf 88' lang='lat' dir='ltr'><strong>cobonestatus,</strong></span> <span class='ocrx_word' id='word_1_452' title='bbox 1496 3161 1795 3228; x_wconf 84' lang='lat' dir='ltr'><strong>caelorum,</strong></span> <span class='ocrx_word' id='word_1_453' title='bbox 1855 3162 2064 3232; x_wconf 87' lang='lat' dir='ltr'><strong>quibus</strong></span> <span class='ocrx_word' id='word_1_454' title='bbox 2119 3161 2331 3230; x_wconf 85' lang='lat' dir='ltr'><strong>dignus</strong></span> <span class='ocrx_word' id='word_1_455' title='bbox 2385 3167 2530 3231; x_wconf 87' lang='lat' dir='ltr'><strong>erat,</strong></span> <span class='ocrx_word' id='word_1_456' title='bbox 2583 3167 2925 3220; x_wconf 84' lang='lat' dir='ltr'><strong>consecutus</strong></span> <span class='ocrx_word' id='word_1_457' title='bbox 2982 3167 3074 3220; x_wconf 88' lang='lat' dir='ltr'><strong>est</strong></span> <span class='ocrx_word' id='word_1_458' title='bbox 3109 3163 3518 3220; x_wconf 87' lang='lat' dir='ltr'><strong>domicilium:</strong></span> <span class='ocrx_word' id='word_1_459' title='bbox 3569 3162 3854 3237; x_wconf 79' lang='lat' dir='ltr'><strong>tringinta</strong></span> 
     </span>
    </p>
   </div>
   <div class='ocr_carea' id='block_1_61' title="bbox 461 3248 3119 3324">
    <p class='ocr_par' dir='ltr' id='par_1_61' title="bbox 461 3248 3119 3324">
     <span class='ocr_line' id='line_1_61' title="bbox 461 3248 3119 3324; baseline -0.001 -11"><span class='ocrx_word' id='word_1_460' title='bbox 461 3259 520 3313; x_wconf 88' lang='lat' dir='ltr'><strong>et</strong></span> <span class='ocrx_word' id='word_1_461' title='bbox 545 3255 774 3311; x_wconf 91' lang='lat' dir='ltr'><strong>duobus</strong></span> <span class='ocrx_word' id='word_1_462' title='bbox 804 3254 998 3324; x_wconf 82' lang='lat' dir='ltr'><strong>annis,</strong></span> <span class='ocrx_word' id='word_1_463' title='bbox 1027 3262 1084 3310; x_wconf 91' lang='lat' dir='ltr'><strong>et</strong></span> <span class='ocrx_word' id='word_1_464' title='bbox 1113 3253 1413 3309; x_wconf 84' lang='lat' dir='ltr'><strong>mensibus</strong></span> <span class='ocrx_word' id='word_1_465' title='bbox 1435 3251 1676 3322; x_wconf 90' lang='lat' dir='ltr'><strong>insuper</strong></span> <span class='ocrx_word' id='word_1_466' title='bbox 1704 3267 1822 3321; x_wconf 79' lang='lat' dir='ltr'><strong>sex,</strong></span> <span class='ocrx_word' id='word_1_467' title='bbox 1847 3265 2090 3306; x_wconf 90' lang='lat' dir='ltr'><strong>munere</strong></span> <span class='ocrx_word' id='word_1_468' title='bbox 2109 3248 2170 3304; x_wconf 88' lang='lat' dir='ltr'><strong>in</strong></span> <span class='ocrx_word' id='word_1_469' title='bbox 2203 3250 2372 3306; x_wconf 87' lang='lat' dir='ltr'><strong>terris</strong></span> <span class='ocrx_word' id='word_1_470' title='bbox 2401 3267 2508 3308; x_wconf 91' lang='lat' dir='ltr'><strong>suo</strong></span> <span class='ocrx_word' id='word_1_471' title='bbox 2537 3251 2818 3324; x_wconf 86' lang='lat' dir='ltr'><strong>explendo</strong></span> <span class='ocrx_word' id='word_1_472' title='bbox 2847 3251 3119 3324; x_wconf 89' lang='lat' dir='ltr'><strong>peractis.</strong></span> 
     </span>
    </p>
   </div>
   <div class='ocr_carea' id='block_1_62' title="bbox 1091 3360 1489 3418">
    <p class='ocr_par' dir='ltr' id='par_1_62' title="bbox 1091 3360 1489 3418">
     <span class='ocr_line' id='line_1_62' title="bbox 1091 3360 1489 3418; baseline -0.01 0"><span class='ocrx_word' id='word_1_473' title='bbox 1091 3360 1321 3418; x_wconf 85' lang='lat' dir='ltr'><strong>CAPUT</strong></span> <span class='ocrx_word' id='word_1_474' title='bbox 1357 3361 1489 3416; x_wconf 81' lang='lat' dir='ltr'><strong>XX.</strong></span> 
     </span>
    </p>
   </div>
   <div class='ocr_carea' id='block_1_63' title="bbox 473 3466 2116 3542">
    <p class='ocr_par' dir='ltr' id='par_1_63' title="bbox 473 3466 2116 3542">
     <span class='ocr_line' id='line_1_63' title="bbox 473 3466 2116 3542; baseline -0.006 -14"><span class='ocrx_word' id='word_1_475' title='bbox 473 3471 548 3528; x_wconf 82' lang='lat' dir='ltr'><strong>De</strong></span> <span class='ocrx_word' id='word_1_476' title='bbox 587 3469 912 3542; x_wconf 81' lang='lat' dir='ltr'><strong>turpissima</strong></span> <span class='ocrx_word' id='word_1_477' title='bbox 964 3469 1102 3542; x_wconf 64' lang='lat' dir='ltr'><strong>ﬁlia?</strong></span> <span class='ocrx_word' id='word_1_478' title='bbox 1157 3466 1491 3542; x_wconf 65' lang='lat' dir='ltr'><strong>Herodiadis</strong></span> <span class='ocrx_word' id='word_1_479' title='bbox 1540 3471 1738 3535; x_wconf 81' lang='lat' dir='ltr'><strong>morte,</strong></span> <span class='ocrx_word' id='word_1_480' title='bbox 1777 3476 1830 3524; x_wconf 79' lang='lat' dir='ltr'><strong>et</strong></span> <span class='ocrx_word' id='word_1_481' title='bbox 1885 3467 2116 3524; x_wconf 65' lang='lat' dir='ltr'><strong>Herodi:</strong></span> 
     </span>
    </p>
   </div>
   <div class='ocr_carea' id='block_1_64' title="bbox 541 3539 2117 3614">
    <p class='ocr_par' dir='ltr' id='par_1_64' title="bbox 541 3539 2117 3614">
     <span class='ocr_line' id='line_1_64' title="bbox 541 3539 2117 3614; baseline -0.003 -16"><span class='ocrx_word' id='word_1_482' title='bbox 541 3539 720 3610; x_wconf 65' lang='lat' dir='ltr'><strong>obitu,</strong></span> <span class='ocrx_word' id='word_1_483' title='bbox 750 3551 800 3598; x_wconf 83' lang='lat' dir='ltr'><strong>et</strong></span> <span class='ocrx_word' id='word_1_484' title='bbox 835 3539 1048 3614; x_wconf 42' lang='lat' dir='ltr'><strong>quw&#39;de</strong></span> <span class='ocrx_word' id='word_1_485' title='bbox 1075 3557 1136 3597; x_wconf 80' lang='lat' dir='ltr'><strong>eo</strong></span> <span class='ocrx_word' id='word_1_486' title='bbox 1178 3539 1448 3614; x_wconf 61' lang='lat' dir='ltr'><strong>Iosephus</strong></span> <span class='ocrx_word' id='word_1_487' title='bbox 1494 3548 1901 3614; x_wconf 72' lang='lat' dir='ltr'><strong>commemoret,</strong></span> <span class='ocrx_word' id='word_1_488' title='bbox 1947 3543 1999 3594; x_wconf 83' lang='lat' dir='ltr'><strong>et</strong></span> <span class='ocrx_word' id='word_1_489' title='bbox 2053 3543 2117 3594; x_wconf 81' lang='lat' dir='ltr'><strong>ut</strong></span> 
     </span>
    </p>
   </div>
   <div class='ocr_carea' id='block_1_65' title="bbox 541 3612 1711 3686">
    <p class='ocr_par' dir='ltr' id='par_1_65' title="bbox 541 3612 1711 3686">
     <span class='ocr_line' id='line_1_65' title="bbox 541 3612 1711 3686; baseline -0.003 -16"><span class='ocrx_word' id='word_1_490' title='bbox 541 3615 684 3672; x_wconf 76' lang='lat' dir='ltr'><strong>idem</strong></span> <span class='ocrx_word' id='word_1_491' title='bbox 715 3612 1018 3686; x_wconf 75' lang='lat' dir='ltr'><strong>Bapiz’stam</strong></span> <span class='ocrx_word' id='word_1_492' title='bbox 1039 3615 1214 3684; x_wconf 74' lang='lat' dir='ltr'><strong>magis</strong></span> <span class='ocrx_word' id='word_1_493' title='bbox 1252 3616 1408 3668; x_wconf 81' lang='lat' dir='ltr'><strong>ornet</strong></span> <span class='ocrx_word' id='word_1_494' title='bbox 1431 3612 1711 3668; x_wconf 74' lang='lat' dir='ltr'><strong>laudibus.</strong></span> 
     </span>
    </p>
   </div>
   <div class='ocr_carea' id='block_1_66' title="bbox 539 3779 2117 3851">
    <p class='ocr_par' dir='ltr' id='par_1_66' title="bbox 539 3779 2117 3851">
     <span class='ocr_line' id='line_1_66' title="bbox 539 3779 2117 3851; baseline -0.003 -13"><span class='ocrx_word' id='word_1_495' title='bbox 539 3781 878 3840; x_wconf 83' lang='lat' dir='ltr'><strong>Furibunda</strong></span> <span class='ocrx_word' id='word_1_496' title='bbox 943 3781 1232 3851; x_wconf 89' lang='lat' dir='ltr'><strong>sedenim,</strong></span> <span class='ocrx_word' id='word_1_497' title='bbox 1311 3784 1369 3836; x_wconf 90' lang='lat' dir='ltr'><strong>et</strong></span> <span class='ocrx_word' id='word_1_498' title='bbox 1423 3779 1708 3847; x_wconf 88' lang='lat' dir='ltr'><strong>adultera,</strong></span> <span class='ocrx_word' id='word_1_499' title='bbox 1779 3779 2117 3851; x_wconf 78' lang='lat' dir='ltr'><strong>incestaque</strong></span> 
     </span>
    </p>
   </div>
   <div class='ocr_carea' id='block_1_67' title="bbox 483 3868 2119 3941">
    <p class='ocr_par' dir='ltr' id='par_1_67' title="bbox 483 3868 2119 3941">
     <span class='ocr_line' id='line_1_67' title="bbox 483 3868 2119 3941; baseline -0.002 -15"><span class='ocrx_word' id='word_1_500' title='bbox 483 3871 625 3926; x_wconf 88' lang='lat' dir='ltr'><strong>adeo</strong></span> <span class='ocrx_word' id='word_1_501' title='bbox 655 3871 776 3939; x_wconf 89' lang='lat' dir='ltr'><strong>illa,</strong></span> <span class='ocrx_word' id='word_1_502' title='bbox 809 3887 934 3941; x_wconf 68' lang='lat' dir='ltr'><strong>qum</strong></span> <span class='ocrx_word' id='word_1_503' title='bbox 967 3871 1207 3941; x_wconf 78' lang='lat' dir='ltr'><strong>quidem</strong></span> <span class='ocrx_word' id='word_1_504' title='bbox 1241 3868 1485 3924; x_wconf 87' lang='lat' dir='ltr'><strong>Herodis</strong></span> <span class='ocrx_word' id='word_1_505' title='bbox 1532 3868 1872 3936; x_wconf 89' lang='lat' dir='ltr'><strong>habebatur,</strong></span> <span class='ocrx_word' id='word_1_506' title='bbox 1923 3885 2119 3925; x_wconf 87' lang='lat' dir='ltr'><strong>revera</strong></span> 
     </span>
    </p>
   </div>
   <div class='ocr_carea' id='block_1_68' title="bbox 471 3959 2116 4033">
    <p class='ocr_par' dir='ltr' id='par_1_68' title="bbox 471 3959 2116 4033">
     <span class='ocr_line' id='line_1_68' title="bbox 471 3959 2116 4033; baseline -0.001 -17"><span class='ocrx_word' id='word_1_507' title='bbox 471 3967 664 4017; x_wconf 88' lang='lat' dir='ltr'><strong>autem</strong></span> <span class='ocrx_word' id='word_1_508' title='bbox 697 3961 956 4033; x_wconf 91' lang='lat' dir='ltr'><strong>Philippi</strong></span> <span class='ocrx_word' id='word_1_509' title='bbox 986 3964 1110 4016; x_wconf 88' lang='lat' dir='ltr'><strong>erat</strong></span> <span class='ocrx_word' id='word_1_510' title='bbox 1138 3961 1370 4030; x_wconf 85' lang='lat' dir='ltr'><strong>conjux,</strong></span> <span class='ocrx_word' id='word_1_511' title='bbox 1402 3959 1521 4015; x_wconf 88' lang='lat' dir='ltr'><strong>vita</strong></span> <span class='ocrx_word' id='word_1_512' title='bbox 1549 3959 1782 4032; x_wconf 87' lang='lat' dir='ltr'><strong>longius</strong></span> <span class='ocrx_word' id='word_1_513' title='bbox 1811 3964 1958 4030; x_wconf 86' lang='lat' dir='ltr'><strong>acta,</strong></span> <span class='ocrx_word' id='word_1_514' title='bbox 1981 3974 2116 4015; x_wconf 89' lang='lat' dir='ltr'><strong>cum</strong></span> 
     </span>
    </p>
   </div>
   <div class='ocr_carea' id='block_1_69' title="bbox 473 4048 2115 4119">
    <p class='ocr_par' dir='ltr' id='par_1_69' title="bbox 473 4048 2115 4119">
     <span class='ocr_line' id='line_1_69' title="bbox 473 4048 2115 4119; baseline 0 -15"><span class='ocrx_word' id='word_1_515' title='bbox 473 4050 634 4119; x_wconf 91' lang='lat' dir='ltr'><strong>prius</strong></span> <span class='ocrx_word' id='word_1_516' title='bbox 664 4049 840 4104; x_wconf 82' lang='lat' dir='ltr'><strong>filiam</strong></span> <span class='ocrx_word' id='word_1_517' title='bbox 875 4055 933 4104; x_wconf 89' lang='lat' dir='ltr'><strong>et</strong></span> <span class='ocrx_word' id='word_1_518' title='bbox 988 4049 1341 4104; x_wconf 86' lang='lat' dir='ltr'><strong>saltatricem</strong></span> <span class='ocrx_word' id='word_1_519' title='bbox 1389 4048 1593 4104; x_wconf 90' lang='lat' dir='ltr'><strong>acerbo</strong></span> <span class='ocrx_word' id='word_1_520' title='bbox 1647 4049 1766 4104; x_wconf 81' lang='lat' dir='ltr'><strong>fato</strong></span> <span class='ocrx_word' id='word_1_521' title='bbox 1819 4050 2115 4105; x_wconf 89' lang='lat' dir='ltr'><strong>sublatam</strong></span> 
     </span>
    </p>
   </div>
   <div class='ocr_carea' id='block_1_70' title="bbox 473 4137 2119 4209">
    <p class='ocr_par' dir='ltr' id='par_1_70' title="bbox 473 4137 2119 4209">
     <span class='ocr_line' id='line_1_70' title="bbox 473 4137 2119 4209; baseline -0.001 -15"><span class='ocrx_word' id='word_1_522' title='bbox 473 4139 732 4204; x_wconf 85' lang='lat' dir='ltr'><strong>vidisset,</strong></span> <span class='ocrx_word' id='word_1_523' title='bbox 764 4139 972 4194; x_wconf 89' lang='lat' dir='ltr'><strong>deinde</strong></span> <span class='ocrx_word' id='word_1_524' title='bbox 1001 4137 1128 4209; x_wconf 82' lang='lat' dir='ltr'><strong>ipsa</strong></span> <span class='ocrx_word' id='word_1_525' title='bbox 1165 4153 1398 4209; x_wconf 87' lang='lat' dir='ltr'><strong>quoque</strong></span> <span class='ocrx_word' id='word_1_526' title='bbox 1445 4138 1691 4193; x_wconf 86' lang='lat' dir='ltr'><strong>decessit</strong></span> <span class='ocrx_word' id='word_1_527' title='bbox 1731 4153 1744 4191; x_wconf 95' lang='lat'><strong>:</strong></span> <span class='ocrx_word' id='word_1_528' title='bbox 1794 4138 1972 4194; x_wconf 89' lang='lat' dir='ltr'><strong>futuri</strong></span> <span class='ocrx_word' id='word_1_529' title='bbox 2016 4156 2119 4194; x_wconf 63' lang='lat' dir='ltr'><strong>sae-</strong></span> 
     </span>
    </p>
   </div>
   <div class='ocr_carea' id='block_1_71' title="bbox 472 4227 2113 4300">
    <p class='ocr_par' dir='ltr' id='par_1_71' title="bbox 472 4227 2113 4300">
     <span class='ocr_line' id='line_1_71' title="bbox 472 4227 2113 4300; baseline -0.002 -14"><span class='ocrx_word' id='word_1_530' title='bbox 472 4228 590 4286; x_wconf 88' lang='lat' dir='ltr'><strong>ouli</strong></span> <span class='ocrx_word' id='word_1_531' title='bbox 621 4227 845 4298; x_wconf 87' lang='lat' dir='ltr'><strong>judicio</strong></span> <span class='ocrx_word' id='word_1_532' title='bbox 875 4233 934 4282; x_wconf 89' lang='lat' dir='ltr'><strong>et</strong></span> <span class='ocrx_word' id='word_1_533' title='bbox 961 4227 1246 4299; x_wconf 87' lang='lat' dir='ltr'><strong>supplicio</strong></span> <span class='ocrx_word' id='word_1_534' title='bbox 1276 4231 1583 4294; x_wconf 82' lang='lat' dir='ltr'><strong>reservata,</strong></span> <span class='ocrx_word' id='word_1_535' title='bbox 1615 4243 1802 4282; x_wconf 89' lang='lat' dir='ltr'><strong>meras</strong></span> <span class='ocrx_word' id='word_1_536' title='bbox 1830 4227 1909 4282; x_wconf 92' lang='lat' dir='ltr'><strong>ibi</strong></span> <span class='ocrx_word' id='word_1_537' title='bbox 1941 4245 2113 4300; x_wconf 87' lang='lat' dir='ltr'><strong>quam</strong></span> 
     </span>
    </p>
   </div>
   <div class='ocr_carea' id='block_1_72' title="bbox 474 4313 2117 4386">
    <p class='ocr_par' dir='ltr' id='par_1_72' title="bbox 474 4313 2117 4386">
     <span class='ocr_line' id='line_1_72' title="bbox 474 4313 2117 4386; baseline -0.001 -14"><span class='ocrx_word' id='word_1_538' title='bbox 474 4317 754 4372; x_wconf 88' lang='lat' dir='ltr'><strong>citissime</strong></span> <span class='ocrx_word' id='word_1_539' title='bbox 795 4315 1000 4370; x_wconf 66' lang='lat' dir='ltr'><strong>divina:</strong></span> <span class='ocrx_word' id='word_1_540' title='bbox 1047 4314 1144 4370; x_wconf 68' lang='lat' dir='ltr'><strong>ira:</strong></span> <span class='ocrx_word' id='word_1_541' title='bbox 1198 4314 1384 4383; x_wconf 59' lang='lat' dir='ltr'><strong>fasces,</strong></span> <span class='ocrx_word' id='word_1_542' title='bbox 1417 4313 1933 4386; x_wconf 56' lang='lat' dir='ltr'><strong>intolerabilisque</strong></span> <span class='ocrx_word' id='word_1_543' title='bbox 1970 4317 2117 4372; x_wconf 86' lang='lat' dir='ltr'><strong>indi-</strong></span> 
     </span>
    </p>
   </div>
   <div class='ocr_carea' id='block_1_73' title="bbox 473 4402 2116 4478">
    <p class='ocr_par' dir='ltr' id='par_1_73' title="bbox 473 4402 2116 4478">
     <span class='ocr_line' id='line_1_73' title="bbox 473 4402 2116 4478; baseline 0.001 -18"><span class='ocrx_word' id='word_1_544' title='bbox 473 4403 1039 4478; x_wconf 66' lang='lat' dir='ltr'><strong>gnationisﬁDomini</strong></span> <span class='ocrx_word' id='word_1_545' title='bbox 1083 4402 1319 4459; x_wconf 90' lang='lat' dir='ltr'><strong>calicem</strong></span> <span class='ocrx_word' id='word_1_546' title='bbox 1359 4403 1660 4459; x_wconf 89' lang='lat' dir='ltr'><strong>haustura.</strong></span> <span class='ocrx_word' id='word_1_547' title='bbox 1721 4405 1873 4460; x_wconf 75' lang='lat' dir='ltr'><strong>Filia:</strong></span> <span class='ocrx_word' id='word_1_548' title='bbox 1923 4412 2116 4462; x_wconf 82' lang='lat' dir='ltr'><strong>autem</strong></span> 
     </span>
    </p>
   </div>
   <div class='ocr_carea' id='block_1_74' title="bbox 473 4493 2120 4569">
    <p class='ocr_par' dir='ltr' id='par_1_74' title="bbox 473 4493 2120 4569">
     <span class='ocr_line' id='line_1_74' title="bbox 473 4493 2120 4569; baseline -0.001 -17"><span class='ocrx_word' id='word_1_549' title='bbox 473 4498 600 4566; x_wconf 87' lang='lat' dir='ltr'><strong>ejus</strong></span> <span class='ocrx_word' id='word_1_550' title='bbox 625 4494 866 4567; x_wconf 87' lang='lat' dir='ltr'><strong>(dignus</strong></span> <span class='ocrx_word' id='word_1_551' title='bbox 902 4493 1057 4550; x_wconf 87' lang='lat' dir='ltr'><strong>enim</strong></span> <span class='ocrx_word' id='word_1_552' title='bbox 1089 4495 1188 4558; x_wconf 74' lang='lat' dir='ltr'><strong>est}</strong></span> <span class='ocrx_word' id='word_1_553' title='bbox 1218 4493 1317 4564; x_wconf 90' lang='lat' dir='ltr'><strong>qui</strong></span> <span class='ocrx_word' id='word_1_554' title='bbox 1374 4493 1666 4549; x_wconf 64' lang='lat' dir='ltr'><strong>memoria</strong></span> <span class='ocrx_word' id='word_1_555' title='bbox 1699 4496 2120 4569; x_wconf 89' lang='lat' dir='ltr'><strong>commedetur)</strong></span> 
     </span>
    </p>
   </div>
   <div class='ocr_carea' id='block_1_75' title="bbox 476 4582 2114 4654">
    <p class='ocr_par' dir='ltr' id='par_1_75' title="bbox 476 4582 2114 4654">
     <span class='ocr_line' id='line_1_75' title="bbox 476 4582 2114 4654; baseline 0.001 -14"><span class='ocrx_word' id='word_1_556' title='bbox 476 4586 606 4642; x_wconf 90' lang='lat' dir='ltr'><strong>talis</strong></span> <span class='ocrx_word' id='word_1_557' title='bbox 628 4585 738 4640; x_wconf 83' lang='lat' dir='ltr'><strong>fuit</strong></span> <span class='ocrx_word' id='word_1_558' title='bbox 761 4583 976 4640; x_wconf 85' lang='lat' dir='ltr'><strong>obitus.</strong></span> <span class='ocrx_word' id='word_1_559' title='bbox 1009 4582 1280 4638; x_wconf 88' lang='lat' dir='ltr'><strong>Eundum</strong></span> <span class='ocrx_word' id='word_1_560' title='bbox 1309 4583 1361 4638; x_wconf 91' lang='lat' dir='ltr'><strong>ei</strong></span> <span class='ocrx_word' id='word_1_561' title='bbox 1393 4583 1670 4654; x_wconf 88' lang='lat' dir='ltr'><strong>quopiam</strong></span> <span class='ocrx_word' id='word_1_562' title='bbox 1700 4584 1954 4641; x_wconf 86' lang='lat' dir='ltr'><strong>brumali</strong></span> <span class='ocrx_word' id='word_1_563' title='bbox 1981 4591 2114 4642; x_wconf 89' lang='lat' dir='ltr'><strong>tem-</strong></span> 
     </span>
    </p>
   </div>
   <div class='ocr_carea' id='block_1_76' title="bbox 477 4672 2118 4748">
    <p class='ocr_par' dir='ltr' id='par_1_76' title="bbox 477 4672 2118 4748">
     <span class='ocr_line' id='line_1_76' title="bbox 477 4672 2118 4748; baseline 0 -18"><span class='ocrx_word' id='word_1_564' title='bbox 477 4691 618 4748; x_wconf 91' lang='lat' dir='ltr'><strong>pore</strong></span> <span class='ocrx_word' id='word_1_565' title='bbox 649 4678 794 4740; x_wconf 91' lang='lat' dir='ltr'><strong>erat,</strong></span> <span class='ocrx_word' id='word_1_566' title='bbox 825 4678 882 4728; x_wconf 90' lang='lat' dir='ltr'><strong>et</strong></span> <span class='ocrx_word' id='word_1_567' title='bbox 919 4672 1132 4728; x_wconf 91' lang='lat' dir='ltr'><strong>ﬂuvius</strong></span> <span class='ocrx_word' id='word_1_568' title='bbox 1163 4672 1544 4743; x_wconf 87' lang='lat' dir='ltr'><strong>trajiciendus</strong></span> <span class='ocrx_word' id='word_1_569' title='bbox 1577 4689 1592 4727; x_wconf 87' lang='lat'><strong>:</strong></span> <span class='ocrx_word' id='word_1_570' title='bbox 1620 4673 1720 4744; x_wconf 90' lang='lat' dir='ltr'><strong>qui</strong></span> <span class='ocrx_word' id='word_1_571' title='bbox 1752 4690 1886 4729; x_wconf 89' lang='lat' dir='ltr'><strong>cum</strong></span> <span class='ocrx_word' id='word_1_572' title='bbox 1934 4674 2118 4746; x_wconf 88' lang='lat' dir='ltr'><strong>glacie</strong></span> 
     </span>
    </p>
   </div>
   <div class='ocr_carea' id='block_1_77' title="bbox 479 4763 2119 4834">
    <p class='ocr_par' dir='ltr' id='par_1_77' title="bbox 479 4763 2119 4834">
     <span class='ocr_line' id='line_1_77' title="bbox 479 4763 2119 4834; baseline -0.001 -14"><span class='ocrx_word' id='word_1_573' title='bbox 479 4763 828 4820; x_wconf 88' lang='lat' dir='ltr'><strong>constrictus</strong></span> <span class='ocrx_word' id='word_1_574' title='bbox 841 4766 1398 4834; x_wconf 84' lang='lat' dir='ltr'><strong>coagmentatusque</strong></span> <span class='ocrx_word' id='word_1_575' title='bbox 1410 4766 1586 4829; x_wconf 85' lang='lat' dir='ltr'><strong>esset,</strong></span> <span class='ocrx_word' id='word_1_576' title='bbox 1601 4763 1775 4834; x_wconf 89' lang='lat' dir='ltr'><strong>pedes</strong></span> <span class='ocrx_word' id='word_1_577' title='bbox 1791 4779 1924 4820; x_wconf 87' lang='lat' dir='ltr'><strong>eum</strong></span> <span class='ocrx_word' id='word_1_578' title='bbox 1945 4772 2119 4820; x_wconf 84' lang='lat' dir='ltr'><strong>trans-</strong></span> 
     </span>
    </p>
   </div>
   <div class='ocr_carea' id='block_1_78' title="bbox 477 4850 2124 4924">
    <p class='ocr_par' dir='ltr' id='par_1_78' title="bbox 477 4850 2124 4924">
     <span class='ocr_line' id='line_1_78' title="bbox 477 4850 2124 4924; baseline 0.001 -15"><span class='ocrx_word' id='word_1_579' title='bbox 477 4853 620 4911; x_wconf 88' lang='lat' dir='ltr'><strong>ibat.</strong></span> <span class='ocrx_word' id='word_1_580' title='bbox 651 4852 845 4912; x_wconf 88' lang='lat' dir='ltr'><strong>Glacie</strong></span> <span class='ocrx_word' id='word_1_581' title='bbox 871 4855 1069 4908; x_wconf 89' lang='lat' dir='ltr'><strong>autem</strong></span> <span class='ocrx_word' id='word_1_582' title='bbox 1101 4855 1271 4924; x_wconf 86' lang='lat' dir='ltr'><strong>rupta</strong></span> <span class='ocrx_word' id='word_1_583' title='bbox 1297 4850 1514 4923; x_wconf 66' lang='lat' dir='ltr'><strong>j(idque</strong></span> <span class='ocrx_word' id='word_1_584' title='bbox 1543 4867 1660 4908; x_wconf 90' lang='lat' dir='ltr'><strong>non</strong></span> <span class='ocrx_word' id='word_1_585' title='bbox 1705 4852 1834 4908; x_wconf 89' lang='lat' dir='ltr'><strong>sine</strong></span> <span class='ocrx_word' id='word_1_586' title='bbox 1859 4853 1960 4908; x_wconf 92' lang='lat' dir='ltr'><strong>Dei</strong></span> <span class='ocrx_word' id='word_1_587' title='bbox 2017 4872 2124 4910; x_wconf 87' lang='lat' dir='ltr'><strong>nu-</strong></span> 
     </span>
    </p>
   </div>
   <div class='ocr_carea' id='block_1_79' title="bbox 482 4941 2127 5015">
    <p class='ocr_par' dir='ltr' id='par_1_79' title="bbox 482 4941 2127 5015">
     <span class='ocr_line' id='line_1_79' title="bbox 482 4941 2127 5015; baseline 0.001 -17"><span class='ocrx_word' id='word_1_588' title='bbox 482 4943 662 5013; x_wconf 91' lang='lat' dir='ltr'><strong>mine)</strong></span> <span class='ocrx_word' id='word_1_589' title='bbox 693 4941 1052 5013; x_wconf 88' lang='lat' dir='ltr'><strong>demergitur</strong></span> <span class='ocrx_word' id='word_1_590' title='bbox 1079 4941 1177 4996; x_wconf 90' lang='lat' dir='ltr'><strong>illa</strong></span> <span class='ocrx_word' id='word_1_591' title='bbox 1207 4941 1406 4996; x_wconf 79' lang='lat' dir='ltr'><strong>statim</strong></span> <span class='ocrx_word' id='word_1_592' title='bbox 1439 4941 1624 5013; x_wconf 82' lang='lat' dir='ltr'><strong>capite</strong></span> <span class='ocrx_word' id='word_1_593' title='bbox 1672 4945 1844 4998; x_wconf 87' lang='lat' dir='ltr'><strong>tenus</strong></span> <span class='ocrx_word' id='word_1_594' title='bbox 1892 4944 1972 5015; x_wconf 87' lang='lat'><strong>(2)</strong></span> <span class='ocrx_word' id='word_1_595' title='bbox 2001 4962 2014 5002; x_wconf 93' lang='lat'><strong>:</strong></span> <span class='ocrx_word' id='word_1_596' title='bbox 2074 4953 2127 5000; x_wconf 92' lang='lat' dir='ltr'><strong>et</strong></span> 
     </span>
    </p>
   </div>
   <div class='ocr_carea' id='block_1_80' title="bbox 482 5027 2124 5100">
    <p class='ocr_par' dir='ltr' id='par_1_80' title="bbox 482 5027 2124 5100">
     <span class='ocr_line' id='line_1_80' title="bbox 482 5027 2124 5100; baseline 0.002 -16"><span class='ocrx_word' id='word_1_597' title='bbox 482 5029 855 5085; x_wconf 77' lang='lat' dir='ltr'><strong>inferioribus</strong></span> <span class='ocrx_word' id='word_1_598' title='bbox 886 5027 1145 5100; x_wconf 89' lang='lat' dir='ltr'><strong>corporis</strong></span> <span class='ocrx_word' id='word_1_599' title='bbox 1185 5027 1451 5100; x_wconf 88' lang='lat' dir='ltr'><strong>partibus</strong></span> <span class='ocrx_word' id='word_1_600' title='bbox 1509 5027 1816 5085; x_wconf 88' lang='lat' dir='ltr'><strong>lasciviens</strong></span> <span class='ocrx_word' id='word_1_601' title='bbox 1865 5031 2124 5087; x_wconf 83' lang='lat' dir='ltr'><strong>mollius-</strong></span> 
     </span>
    </p>
   </div>
   <div class='ocr_carea' id='block_1_81' title="bbox 483 5115 2121 5190">
    <p class='ocr_par' dir='ltr' id='par_1_81' title="bbox 483 5115 2121 5190">
     <span class='ocr_line' id='line_1_81' title="bbox 483 5115 2121 5190; baseline 0.001 -18"><span class='ocrx_word' id='word_1_602' title='bbox 483 5133 597 5190; x_wconf 88' lang='lat' dir='ltr'><strong>que</strong></span> <span class='ocrx_word' id='word_1_603' title='bbox 625 5133 686 5174; x_wconf 88' lang='lat' dir='ltr'><strong>se</strong></span> <span class='ocrx_word' id='word_1_604' title='bbox 712 5133 944 5174; x_wconf 89' lang='lat' dir='ltr'><strong>movens</strong></span> <span class='ocrx_word' id='word_1_605' title='bbox 973 5115 1166 5187; x_wconf 83' lang='lat' dir='ltr'><strong>saltat,</strong></span> <span class='ocrx_word' id='word_1_606' title='bbox 1207 5133 1322 5172; x_wconf 92' lang='lat' dir='ltr'><strong>non</strong></span> <span class='ocrx_word' id='word_1_607' title='bbox 1355 5117 1414 5172; x_wconf 92' lang='lat' dir='ltr'><strong>in</strong></span> <span class='ocrx_word' id='word_1_608' title='bbox 1449 5121 1604 5173; x_wconf 88' lang='lat' dir='ltr'><strong>terra</strong></span> <span class='ocrx_word' id='word_1_609' title='bbox 1635 5117 1741 5174; x_wconf 89' lang='lat' dir='ltr'><strong>sed</strong></span> <span class='ocrx_word' id='word_1_610' title='bbox 1783 5119 1842 5173; x_wconf 90' lang='lat' dir='ltr'><strong>in</strong></span> <span class='ocrx_word' id='word_1_611' title='bbox 1903 5120 2075 5174; x_wconf 88' lang='lat' dir='ltr'><strong>undis</strong></span> <span class='ocrx_word' id='word_1_612' title='bbox 2109 5137 2121 5174; x_wconf 90' lang='lat'><strong>:</strong></span> 
     </span>
    </p>
   </div>
   <div class='ocr_carea' id='block_1_82' title="bbox 483 5203 2125 5278">
    <p class='ocr_par' dir='ltr' id='par_1_82' title="bbox 483 5203 2125 5278">
     <span class='ocr_line' id='line_1_82' title="bbox 483 5203 2125 5278; baseline 0.001 -16"><span class='ocrx_word' id='word_1_613' title='bbox 483 5211 659 5278; x_wconf 86' lang='lat' dir='ltr'><strong>caput</strong></span> <span class='ocrx_word' id='word_1_614' title='bbox 694 5221 830 5261; x_wconf 83' lang='lat' dir='ltr'><strong>vero</strong></span> <span class='ocrx_word' id='word_1_615' title='bbox 851 5203 1164 5260; x_wconf 84' lang='lat' dir='ltr'><strong>scelestum</strong></span> <span class='ocrx_word' id='word_1_616' title='bbox 1197 5204 1409 5276; x_wconf 85' lang='lat' dir='ltr'><strong>frigore</strong></span> <span class='ocrx_word' id='word_1_617' title='bbox 1437 5207 1494 5260; x_wconf 93' lang='lat' dir='ltr'><strong>et</strong></span> <span class='ocrx_word' id='word_1_618' title='bbox 1530 5204 1716 5277; x_wconf 86' lang='lat' dir='ltr'><strong>glacie</strong></span> <span class='ocrx_word' id='word_1_619' title='bbox 1768 5212 2125 5278; x_wconf 88' lang='lat' dir='ltr'><strong>concretum,</strong></span> 
     </span>
    </p>
   </div>
   <div class='ocr_carea' id='block_1_83' title="bbox 485 5293 2124 5368">
    <p class='ocr_par' dir='ltr' id='par_1_83' title="bbox 485 5293 2124 5368">
     <span class='ocr_line' id='line_1_83' title="bbox 485 5293 2124 5368; baseline 0.001 -18"><span class='ocrx_word' id='word_1_620' title='bbox 485 5295 690 5350; x_wconf 82' lang='lat' dir='ltr'><strong>deinde</strong></span> <span class='ocrx_word' id='word_1_621' title='bbox 721 5294 898 5350; x_wconf 86' lang='lat' dir='ltr'><strong>etiam</strong></span> <span class='ocrx_word' id='word_1_622' title='bbox 930 5293 1431 5362; x_wconf 87' lang='lat' dir='ltr'><strong>convulneratum,</strong></span> <span class='ocrx_word' id='word_1_623' title='bbox 1463 5297 1520 5349; x_wconf 92' lang='lat' dir='ltr'><strong>et</strong></span> <span class='ocrx_word' id='word_1_624' title='bbox 1546 5311 1579 5350; x_wconf 89' lang='lat' dir='ltr'><strong>a</strong></span> <span class='ocrx_word' id='word_1_625' title='bbox 1615 5294 1836 5367; x_wconf 89' lang='lat' dir='ltr'><strong>reliquo</strong></span> <span class='ocrx_word' id='word_1_626' title='bbox 1867 5312 2124 5368; x_wconf 88' lang='lat' dir='ltr'><strong>corpore,</strong></span> 
     </span>
    </p>
   </div>
   <div class='ocr_carea' id='block_1_84' title="bbox 487 5381 2129 5457">
    <p class='ocr_par' dir='ltr' id='par_1_84' title="bbox 487 5381 2129 5457">
     <span class='ocr_line' id='line_1_84' title="bbox 487 5381 2129 5457; baseline 0.002 -19"><span class='ocrx_word' id='word_1_627' title='bbox 487 5399 602 5439; x_wconf 88' lang='lat' dir='ltr'><strong>non</strong></span> <span class='ocrx_word' id='word_1_628' title='bbox 635 5384 806 5445; x_wconf 83' lang='lat' dir='ltr'><strong>ferro,</strong></span> <span class='ocrx_word' id='word_1_629' title='bbox 841 5383 941 5438; x_wconf 89' lang='lat' dir='ltr'><strong>sed</strong></span> <span class='ocrx_word' id='word_1_630' title='bbox 973 5381 1182 5454; x_wconf 86' lang='lat' dir='ltr'><strong>glaciei</strong></span> <span class='ocrx_word' id='word_1_631' title='bbox 1215 5383 1430 5439; x_wconf 87' lang='lat' dir='ltr'><strong>crustis</strong></span> <span class='ocrx_word' id='word_1_632' title='bbox 1462 5387 1771 5452; x_wconf 89' lang='lat' dir='ltr'><strong>resectum,</strong></span> <span class='ocrx_word' id='word_1_633' title='bbox 1831 5383 1889 5440; x_wconf 89' lang='lat' dir='ltr'><strong>in</strong></span> <span class='ocrx_word' id='word_1_634' title='bbox 1942 5385 2129 5457; x_wconf 80' lang='lat' dir='ltr'><strong>glacie</strong></span> 
     </span>
    </p>
   </div>
   <div class='ocr_carea' id='block_1_85' title="bbox 560 5587 2131 5660">
    <p class='ocr_par' dir='ltr' id='par_1_85' title="bbox 560 5587 2131 5660">
     <span class='ocr_line' id='line_1_85' title="bbox 560 5587 2131 5660; baseline 0.002 -17"><span class='ocrx_word' id='word_1_635' title='bbox 560 5588 640 5660; x_wconf 93' lang='grc'><strong>(1)</strong></span> <span class='ocrx_word' id='word_1_636' title='bbox 675 5588 754 5660; x_wconf 82' lang='lat' dir='ltr'><strong>En</strong></span> <span class='ocrx_word' id='word_1_637' title='bbox 794 5588 1082 5659; x_wconf 91' lang='lat' dir='ltr'><strong>quomodo</strong></span> <span class='ocrx_word' id='word_1_638' title='bbox 1122 5587 1296 5660; x_wconf 90' lang='lat' dir='ltr'><strong>periit</strong></span> <span class='ocrx_word' id='word_1_639' title='bbox 1324 5587 1542 5660; x_wconf 78' lang='lat' dir='ltr'><strong>iustus,</strong></span> <span class='ocrx_word' id='word_1_640' title='bbox 1591 5589 1760 5659; x_wconf 88' lang='lat' dir='ltr'><strong>quasi</strong></span> <span class='ocrx_word' id='word_1_641' title='bbox 1813 5604 1931 5646; x_wconf 91' lang='lat' dir='ltr'><strong>non</strong></span> <span class='ocrx_word' id='word_1_642' title='bbox 1981 5593 2131 5646; x_wconf 87' lang='lat' dir='ltr'><strong>esset</strong></span> 
     </span>
    </p>
   </div>
   <div class='ocr_carea' id='block_1_86' title="bbox 492 5659 921 5720">
    <p class='ocr_par' dir='ltr' id='par_1_86' title="bbox 492 5659 921 5720">
     <span class='ocr_line' id='line_1_86' title="bbox 492 5659 921 5720; baseline -0.007 -2"><span class='ocrx_word' id='word_1_643' title='bbox 492 5659 610 5720; x_wconf 86' lang='lat' dir='ltr'><strong>Deo</strong></span> <span class='ocrx_word' id='word_1_644' title='bbox 651 5659 921 5716; x_wconf 87' lang='lat' dir='ltr'><strong>dilectus.</strong></span> 
     </span>
    </p>
   </div>
   <div class='ocr_carea' id='block_1_87' title="bbox 2852 3361 3226 3416">
    <p class='ocr_par' dir='ltr' id='par_1_87' title="bbox 2852 3361 3226 3416">
     <span class='ocr_line' id='line_1_87' title="bbox 2852 3361 3226 3416; baseline 0 -2"><span class='ocrx_word' id='word_1_645' title='bbox 2852 3361 3110 3416; x_wconf 82' lang='grc' dir='ltr'><strong>ΚΕΦΑΛ.</strong></span> <span class='ocrx_word' id='word_1_646' title='bbox 3153 3365 3226 3415; x_wconf 83' lang='grc' dir='ltr'><strong>Κ’.</strong></span> 
     </span>
    </p>
   </div>
   <div class='ocr_carea' id='block_1_88' title="bbox 2210 3463 3864 3543">
    <p class='ocr_par' dir='ltr' id='par_1_88' title="bbox 2210 3463 3864 3543">
     <span class='ocr_line' id='line_1_88' title="bbox 2210 3463 3864 3543; baseline 0.003 -23"><span class='ocrx_word' id='word_1_647' title='bbox 2210 3463 2548 3543; x_wconf 59' lang='grc' dir='ltr'>’Περῖτοῦ</span> <span class='ocrx_word' id='word_1_648' title='bbox 2579 3465 2938 3543; x_wconf 39' lang='grc' dir='ltr'>αξσχί-στου</span> <span class='ocrx_word' id='word_1_649' title='bbox 2991 3467 3198 3543; x_wconf 74' lang='grc' dir='ltr'>μόρου</span> <span class='ocrx_word' id='word_1_650' title='bbox 3245 3470 3370 3532; x_wconf 79' lang='grc' dir='ltr'><strong>τῆς</strong></span> <span class='ocrx_word' id='word_1_651' title='bbox 3414 3467 3864 3543; x_wconf 63' lang='grc' dir='ltr'>⁸ῌρωδιάδος,</span> 
     </span>
    </p>
   </div>
   <div class='ocr_carea' id='block_1_89' title="bbox 2294 3537 3870 3613">
    <p class='ocr_par' dir='ltr' id='par_1_89' title="bbox 2294 3537 3870 3613">
     <span class='ocr_line' id='line_1_89' title="bbox 2294 3537 3870 3613; baseline 0.004 -23"><span class='ocrx_word' id='word_1_652' title='bbox 2294 3537 2410 3613; x_wconf 38' lang='grc' dir='ltr'>καὶ-</span> <span class='ocrx_word' id='word_1_653' title='bbox 2450 3537 2904 3613; x_wconf 46' lang='grc' dir='ltr'>τοῦ-θανάτου</span> <span class='ocrx_word' id='word_1_654' title='bbox 2961 3537 3311 3613; x_wconf 72' lang='grc' dir='ltr'><strong>’ῌρῶὺουο</strong></span> <span class='ocrx_word' id='word_1_655' title='bbox 3377 3537 3657 3613; x_wconf 76' lang='grc' dir='ltr'>καὶόἷα</span> <span class='ocrx_word' id='word_1_656' title='bbox 3715 3537 3870 3613; x_wconf 70' lang='grc' dir='ltr'>περὶ</span> 
     </span>
    </p>
   </div>
   <div class='ocr_carea' id='block_1_90' title="bbox 2296 3609 3872 3686">
    <p class='ocr_par' dir='ltr' id='par_1_90' title="bbox 2296 3609 3872 3686">
     <span class='ocr_line' id='line_1_90' title="bbox 2296 3609 3872 3686; baseline 0.004 -24"><span class='ocrx_word' id='word_1_657' title='bbox 2296 3609 2544 3686; x_wconf 77' lang='grc' dir='ltr'>τούτου</span> <span class='ocrx_word' id='word_1_658' title='bbox 2595 3609 2951 3686; x_wconf 74' lang='grc' dir='ltr'>ἱστόρησεν</span> <span class='ocrx_word' id='word_1_659' title='bbox 2984 3611 3012 3664; x_wconf 85' lang='grc' dir='ltr'><strong>ὁ</strong></span> <span class='ocrx_word' id='word_1_660' title='bbox 3052 3609 3412 3686; x_wconf 23' lang='grc' dir='ltr'>δίῴῌσηπος</span> <span class='ocrx_word' id='word_1_661' title='bbox 3442 3630 3456 3644; x_wconf 89' lang='grc'><strong>·</strong></span> <span class='ocrx_word' id='word_1_662' title='bbox 3502 3612 3617 3668; x_wconf 79' lang='grc' dir='ltr'><strong>καὶ</strong></span> <span class='ocrx_word' id='word_1_663' title='bbox 3665 3613 3750 3676; x_wconf 88' lang='grc' dir='ltr'><strong>ὡς</strong></span> <span class='ocrx_word' id='word_1_664' title='bbox 3781 3609 3872 3668; x_wconf 79' lang='grc' dir='ltr'><strong>δῖ’</strong></span> 
     </span>
    </p>
   </div>
   <div class='ocr_carea' id='block_1_91' title="bbox 2297 3680 3328 3757">
    <p class='ocr_par' dir='ltr' id='par_1_91' title="bbox 2297 3680 3328 3757">
     <span class='ocr_line' id='line_1_91' title="bbox 2297 3680 3328 3757; baseline 0.006 -23"><span class='ocrx_word' id='word_1_665' title='bbox 2297 3680 2580 3735; x_wconf 79' lang='grc' dir='ltr'>ἐπαίνου</span> <span class='ocrx_word' id='word_1_666' title='bbox 2610 3682 2718 3736; x_wconf 86' lang='grc' dir='ltr'>τὸν</span> <span class='ocrx_word' id='word_1_667' title='bbox 2750 3680 3132 3752; x_wconf 83' lang='grc' dir='ltr'>Βαπτιστήν</span> <span class='ocrx_word' id='word_1_668' title='bbox 3162 3680 3328 3757; x_wconf 76' lang='grc' dir='ltr'>ἄγει.</span> 
     </span>
    </p>
   </div>
   <div class='ocr_carea' id='block_1_92' title="bbox 2297 3786 3864 3864">
    <p class='ocr_par' dir='ltr' id='par_1_92' title="bbox 2297 3786 3864 3864">
     <span class='ocr_line' id='line_1_92' title="bbox 2297 3786 3864 3864; baseline 0.003 -21"><span class='ocrx_word' id='word_1_669' title='bbox 2297 3791 2360 3843; x_wconf 86' lang='grc' dir='ltr'>Ἡ</span> <span class='ocrx_word' id='word_1_670' title='bbox 2421 3787 2614 3861; x_wconf 77' lang='grc' dir='ltr'>μαινὰς</span> <span class='ocrx_word' id='word_1_671' title='bbox 2677 3786 2860 3861; x_wconf 74' lang='grc' dir='ltr'>μέντοι</span> <span class='ocrx_word' id='word_1_672' title='bbox 2910 3787 3000 3844; x_wconf 82' lang='grc' dir='ltr'><strong>καὶ</strong></span> <span class='ocrx_word' id='word_1_673' title='bbox 3061 3787 3326 3864; x_wconf 79' lang='grc' dir='ltr'>μοιχαλὶς</span> <span class='ocrx_word' id='word_1_674' title='bbox 3395 3789 3597 3862; x_wconf 82' lang='grc' dir='ltr'>ἐκείνη,</span> <span class='ocrx_word' id='word_1_675' title='bbox 3653 3791 3746 3848; x_wconf 78' lang='grc' dir='ltr'><strong>καὶ</strong></span> <span class='ocrx_word' id='word_1_676' title='bbox 3799 3793 3864 3848; x_wconf 83' lang='grc' dir='ltr'>τὸ</span> 
     </span>
    </p>
   </div>
   <div class='ocr_carea' id='block_1_93' title="bbox 2226 3873 3865 3952">
    <p class='ocr_par' dir='ltr' id='par_1_93' title="bbox 2226 3873 3865 3952">
     <span class='ocr_line' id='line_1_93' title="bbox 2226 3873 3865 3952; baseline 0.002 -20"><span class='ocrx_word' id='word_1_677' title='bbox 2226 3873 2417 3932; x_wconf 84' lang='grc' dir='ltr'>δοκοῦν</span> <span class='ocrx_word' id='word_1_678' title='bbox 2469 3878 2563 3950; x_wconf 74' lang='grc' dir='ltr'>μὲν</span> <span class='ocrx_word' id='word_1_679' title='bbox 2614 3875 2884 3952; x_wconf 83' lang='grc' dir='ltr'>Ἡρώδου,</span> <span class='ocrx_word' id='word_1_680' title='bbox 2945 3877 3230 3934; x_wconf 83' lang='grc' dir='ltr'>Φιλίππου</span> <span class='ocrx_word' id='word_1_681' title='bbox 3291 3876 3349 3934; x_wconf 76' lang='grc' dir='ltr'>δὲ</span> <span class='ocrx_word' id='word_1_682' title='bbox 3402 3885 3519 3941; x_wconf 83' lang='grc' dir='ltr'>ταῖς</span> <span class='ocrx_word' id='word_1_683' title='bbox 3579 3879 3865 3952; x_wconf 77' lang='grc' dir='ltr'>ἀληθείαις</span> 
     </span>
    </p>
   </div>
   <div class='ocr_carea' id='block_1_94' title="bbox 2224 3965 3868 4045">
    <p class='ocr_par' dir='ltr' id='par_1_94' title="bbox 2224 3965 3868 4045">
     <span class='ocr_line' id='line_1_94' title="bbox 2224 3965 3868 4045; baseline 0.003 -25"><span class='ocrx_word' id='word_1_684' title='bbox 2224 3967 2381 4040; x_wconf 83' lang='grc' dir='ltr'>γυνὴ,</span> <span class='ocrx_word' id='word_1_685' title='bbox 2419 3968 2681 4038; x_wconf 70' lang='grc' dir='ltr'>μήκιστον</span> <span class='ocrx_word' id='word_1_686' title='bbox 2714 3967 2808 4040; x_wconf 73' lang='grc' dir='ltr'>μὲν</span> <span class='ocrx_word' id='word_1_687' title='bbox 2849 3967 2971 4041; x_wconf 83' lang='grc' dir='ltr'>βίου</span> <span class='ocrx_word' id='word_1_688' title='bbox 3024 3965 3336 4039; x_wconf 85' lang='grc' dir='ltr'>διηνηκυῖα,</span> <span class='ocrx_word' id='word_1_689' title='bbox 3370 3973 3550 4045; x_wconf 82' lang='grc' dir='ltr'>πικρῷ</span> <span class='ocrx_word' id='word_1_690' title='bbox 3597 3966 3656 4024; x_wconf 87' lang='grc' dir='ltr'><strong>δε</strong></span> <span class='ocrx_word' id='word_1_691' title='bbox 3707 3972 3868 4045; x_wconf 85' lang='grc' dir='ltr'>μόρῳ</span> 
     </span>
    </p>
   </div>
   <div class='ocr_carea' id='block_1_95' title="bbox 2225 4051 3866 4132">
    <p class='ocr_par' dir='ltr' id='par_1_95' title="bbox 2225 4051 3866 4132">
     <span class='ocr_line' id='line_1_95' title="bbox 2225 4051 3866 4132; baseline 0.004 -23"><span class='ocrx_word' id='word_1_692' title='bbox 2225 4057 2324 4125; x_wconf 79' lang='grc' dir='ltr'>τὴν</span> <span class='ocrx_word' id='word_1_693' title='bbox 2357 4051 2623 4130; x_wconf 81' lang='grc' dir='ltr'>θυγατέρα</span> <span class='ocrx_word' id='word_1_694' title='bbox 2651 4054 2742 4110; x_wconf 76' lang='grc' dir='ltr'>καί</span> <span class='ocrx_word' id='word_1_695' title='bbox 2791 4054 3128 4132; x_wconf 82' lang='grc' dir='ltr'>ὀρχηστρίδα</span> <span class='ocrx_word' id='word_1_696' title='bbox 3171 4059 3264 4113; x_wconf 86' lang='grc' dir='ltr'>τὸν</span> <span class='ocrx_word' id='word_1_697' title='bbox 3311 4054 3430 4114; x_wconf 79' lang='grc' dir='ltr'>ϐίον</span> <span class='ocrx_word' id='word_1_698' title='bbox 3483 4058 3866 4115; x_wconf 85' lang='grc' dir='ltr'>καταλύσασαν</span> 
     </span>
    </p>
   </div>
   <div class='ocr_carea' id='block_1_96' title="bbox 2226 4141 3866 4224">
    <p class='ocr_par' dir='ltr' id='par_1_96' title="bbox 2226 4141 3866 4224">
     <span class='ocr_line' id='line_1_96' title="bbox 2226 4141 3866 4224; baseline 0.002 -26"><span class='ocrx_word' id='word_1_699' title='bbox 2226 4143 2488 4218; x_wconf 77' lang='grc' dir='ltr'>πρότερον</span> <span class='ocrx_word' id='word_1_700' title='bbox 2533 4141 2848 4216; x_wconf 76' lang='grc' dir='ltr'>κατιδοῦσα,</span> <span class='ocrx_word' id='word_1_701' title='bbox 2905 4147 3022 4200; x_wconf 76' lang='grc' dir='ltr'>εἶτα</span> <span class='ocrx_word' id='word_1_702' title='bbox 3077 4145 3166 4201; x_wconf 83' lang='grc' dir='ltr'><strong>καὶ</strong></span> <span class='ocrx_word' id='word_1_703' title='bbox 3224 4147 3364 4216; x_wconf 82' lang='grc' dir='ltr'><strong>αύτή</strong></span> <span class='ocrx_word' id='word_1_704' title='bbox 3428 4144 3722 4224; x_wconf 70' lang='grc' dir='ltr'>κατέρρηξε</span> <span class='ocrx_word' id='word_1_705' title='bbox 3766 4149 3866 4216; x_wconf 80' lang='grc' dir='ltr'>τήν</span> 
     </span>
    </p>
   </div>
   <div class='ocr_carea' id='block_1_97' title="bbox 2231 4231 3866 4311">
    <p class='ocr_par' dir='ltr' id='par_1_97' title="bbox 2231 4231 3866 4311">
     <span class='ocr_line' id='line_1_97' title="bbox 2231 4231 3866 4311; baseline 0.004 -25"><span class='ocrx_word' id='word_1_706' title='bbox 2231 4234 2398 4302; x_wconf 78' lang='grc' dir='ltr'>ζωὴν,</span> <span class='ocrx_word' id='word_1_707' title='bbox 2431 4238 2546 4295; x_wconf 85' lang='grc' dir='ltr'>τοῖς</span> <span class='ocrx_word' id='word_1_708' title='bbox 2590 4233 2761 4290; x_wconf 84' lang='grc' dir='ltr'>ἐκεῖσε</span> <span class='ocrx_word' id='word_1_709' title='bbox 2807 4231 3222 4310; x_wconf 79' lang='grc' dir='ltr'>δικαιωτηρὶοις</span> <span class='ocrx_word' id='word_1_710' title='bbox 3261 4238 3662 4311; x_wconf 68' lang='grc' dir='ltr'>ταμιευομένη,</span> <span class='ocrx_word' id='word_1_711' title='bbox 3695 4236 3866 4311; x_wconf 81' lang='grc' dir='ltr'>ἄκρα-</span> 
     </span>
    </p>
   </div>
   <div class='ocr_carea' id='block_1_98' title="bbox 2226 4318 3871 4402">
    <p class='ocr_par' dir='ltr' id='par_1_98' title="bbox 2226 4318 3871 4402">
     <span class='ocr_line' id='line_1_98' title="bbox 2226 4318 3871 4402; baseline 0.002 -26"><span class='ocrx_word' id='word_1_712' title='bbox 2226 4342 2318 4376; x_wconf 90' lang='grc' dir='ltr'><strong>τον</strong></span> <span class='ocrx_word' id='word_1_713' title='bbox 2365 4323 2488 4377; x_wconf 78' lang='grc' dir='ltr'>ὅσον</span> <span class='ocrx_word' id='word_1_714' title='bbox 2549 4318 2703 4378; x_wconf 66' lang='grc' dir='ltr'>οὔπω</span> <span class='ocrx_word' id='word_1_715' title='bbox 2747 4323 2985 4396; x_wconf 83' lang='grc' dir='ltr'>πιομὲνη</span> <span class='ocrx_word' id='word_1_716' title='bbox 3016 4324 3106 4378; x_wconf 80' lang='grc' dir='ltr'><strong>τὸν</strong></span> <span class='ocrx_word' id='word_1_717' title='bbox 3152 4331 3251 4394; x_wconf 80' lang='grc' dir='ltr'><strong>τῆς</strong></span> <span class='ocrx_word' id='word_1_718' title='bbox 3298 4325 3472 4402; x_wconf 82' lang='grc' dir='ltr'>ὀργῆς</span> <span class='ocrx_word' id='word_1_719' title='bbox 3505 4325 3706 4399; x_wconf 82' lang='grc' dir='ltr'>Κυρίου</span> <span class='ocrx_word' id='word_1_720' title='bbox 3735 4347 3871 4400; x_wconf 80' lang='grc' dir='ltr'>τρυ-</span> 
     </span>
    </p>
   </div>
   <div class='ocr_carea' id='block_1_99' title="bbox 2225 4408 3867 4488">
    <p class='ocr_par' dir='ltr' id='par_1_99' title="bbox 2225 4408 3867 4488">
     <span class='ocr_line' id='line_1_99' title="bbox 2225 4408 3867 4488; baseline 0.005 -24"><span class='ocrx_word' id='word_1_721' title='bbox 2225 4409 2345 4483; x_wconf 80' lang='grc' dir='ltr'>γίαν</span> <span class='ocrx_word' id='word_1_722' title='bbox 2375 4411 2466 4466; x_wconf 86' lang='grc' dir='ltr'><strong>καὶ</strong></span> <span class='ocrx_word' id='word_1_723' title='bbox 2505 4411 2567 4466; x_wconf 86' lang='grc' dir='ltr'>τὸ</span> <span class='ocrx_word' id='word_1_724' title='bbox 2623 4408 2786 4466; x_wconf 83' lang='grc' dir='ltr'>κόνδυ</span> <span class='ocrx_word' id='word_1_725' title='bbox 2843 4416 2938 4466; x_wconf 89' lang='grc' dir='ltr'><strong>τοῦ</strong></span> <span class='ocrx_word' id='word_1_726' title='bbox 2999 4413 3255 4470; x_wconf 82' lang='grc' dir='ltr'>ἆστέκτου</span> <span class='ocrx_word' id='word_1_727' title='bbox 3307 4412 3512 4470; x_wconf 81' lang='grc' dir='ltr'>ἐκείνου</span> <span class='ocrx_word' id='word_1_728' title='bbox 3571 4416 3769 4488; x_wconf 86' lang='grc' dir='ltr'>θυμοῦ.</span> <span class='ocrx_word' id='word_1_729' title='bbox 3807 4416 3867 4472; x_wconf 90' lang='grc' dir='ltr'>Ὁ</span> 
     </span>
    </p>
   </div>
   <div class='ocr_carea' id='block_1_100' title="bbox 2229 4498 3869 4580">
    <p class='ocr_par' dir='ltr' id='par_1_100' title="bbox 2229 4498 3869 4580">
     <span class='ocr_line' id='line_1_100' title="bbox 2229 4498 3869 4580; baseline 0.003 -26"><span class='ocrx_word' id='word_1_730' title='bbox 2229 4498 2286 4554; x_wconf 80' lang='grc' dir='ltr'>δέ</span> <span class='ocrx_word' id='word_1_731' title='bbox 2313 4521 2373 4575; x_wconf 87' lang='grc' dir='ltr'>γε</span> <span class='ocrx_word' id='word_1_732' title='bbox 2422 4507 2535 4570; x_wconf 81' lang='grc' dir='ltr'><strong>τῆς</strong></span> <span class='ocrx_word' id='word_1_733' title='bbox 2583 4502 2846 4577; x_wconf 87' lang='grc' dir='ltr'>θυγατρὸς</span> <span class='ocrx_word' id='word_1_734' title='bbox 2889 4501 3056 4571; x_wconf 81' lang='grc' dir='ltr'>αὐτῆς</span> <span class='ocrx_word' id='word_1_735' title='bbox 3109 4503 3329 4566; x_wconf 85' lang='grc' dir='ltr'>θάνατος</span> <span class='ocrx_word' id='word_1_736' title='bbox 3374 4501 3540 4576; x_wconf 75' lang='grc' dir='ltr'>(ἄξιον</span> <span class='ocrx_word' id='word_1_737' title='bbox 3571 4506 3673 4580; x_wconf 73' lang='grc' dir='ltr'>γάρ</span> <span class='ocrx_word' id='word_1_738' title='bbox 3705 4503 3869 4560; x_wconf 83' lang='grc' dir='ltr'>αὐτὸν</span> 
     </span>
    </p>
   </div>
   <div class='ocr_carea' id='block_1_101' title="bbox 2228 4586 3866 4666">
    <p class='ocr_par' dir='ltr' id='par_1_101' title="bbox 2228 4586 3866 4666">
     <span class='ocr_line' id='line_1_101' title="bbox 2228 4586 3866 4666; baseline 0.004 -24"><span class='ocrx_word' id='word_1_739' title='bbox 2228 4586 2590 4664; x_wconf 74' lang='grc' dir='ltr'>διηγήσασθαι</span> <span class='ocrx_word' id='word_1_740' title='bbox 2620 4589 2854 4662; x_wconf 85' lang='grc' dir='ltr'>(τοιόσδε</span> <span class='ocrx_word' id='word_1_741' title='bbox 2879 4611 2961 4654; x_wconf 89' lang='grc' dir='ltr'><strong>τις</strong></span> <span class='ocrx_word' id='word_1_742' title='bbox 2990 4592 3056 4660; x_wconf 81' lang='grc' dir='ltr'>ἦν</span> <span class='ocrx_word' id='word_1_743' title='bbox 3092 4607 3106 4622; x_wconf 82' lang='grc'><strong><em>⁸</em></strong></span> <span class='ocrx_word' id='word_1_744' title='bbox 3157 4591 3278 4647; x_wconf 83' lang='grc' dir='ltr'>Ἐπί</span> <span class='ocrx_word' id='word_1_745' title='bbox 3305 4613 3425 4648; x_wconf 84' lang='grc' dir='ltr'>τινα</span> <span class='ocrx_word' id='word_1_746' title='bbox 3469 4592 3638 4648; x_wconf 89' lang='grc' dir='ltr'>τόπον</span> <span class='ocrx_word' id='word_1_747' title='bbox 3693 4595 3866 4666; x_wconf 85' lang='grc' dir='ltr'>ταυτῇ</span> 
     </span>
    </p>
   </div>
   <div class='ocr_carea' id='block_1_102' title="bbox 2231 4673 3870 4756">
    <p class='ocr_par' dir='ltr' id='par_1_102' title="bbox 2231 4673 3870 4756">
     <span class='ocr_line' id='line_1_102' title="bbox 2231 4673 3870 4756; baseline 0.002 -26"><span class='ocrx_word' id='word_1_748' title='bbox 2231 4673 2424 4740; x_wconf 78' lang='grc' dir='ltr'>δεῆσαν</span> <span class='ocrx_word' id='word_1_749' title='bbox 2468 4675 2583 4750; x_wconf 82' lang='grc' dir='ltr'><strong>ὥρᾳ</strong></span> <span class='ocrx_word' id='word_1_750' title='bbox 2626 4682 2900 4753; x_wconf 83' lang='grc' dir='ltr'>χειμῶνος</span> <span class='ocrx_word' id='word_1_751' title='bbox 2941 4677 3286 4756; x_wconf 86' lang='grc' dir='ltr'>πορεύεσθαι,</span> <span class='ocrx_word' id='word_1_752' title='bbox 3325 4679 3417 4734; x_wconf 83' lang='grc' dir='ltr'><strong>καὶ</strong></span> <span class='ocrx_word' id='word_1_753' title='bbox 3460 4681 3708 4752; x_wconf 81' lang='grc' dir='ltr'>ποταμὸν</span> <span class='ocrx_word' id='word_1_754' title='bbox 3741 4677 3870 4735; x_wconf 81' lang='grc' dir='ltr'>δια-</span> 
     </span>
    </p>
   </div>
   <div class='ocr_carea' id='block_1_103' title="bbox 2229 4760 3869 4842">
    <p class='ocr_par' dir='ltr' id='par_1_103' title="bbox 2229 4760 3869 4842">
     <span class='ocr_line' id='line_1_103' title="bbox 2229 4760 3869 4842; baseline 0.004 -24"><span class='ocrx_word' id='word_1_755' title='bbox 2229 4760 2454 4836; x_wconf 79' lang='grc' dir='ltr'>ϐαίνειν,</span> <span class='ocrx_word' id='word_1_756' title='bbox 2507 4765 2724 4840; x_wconf 79' lang='grc' dir='ltr'>ἐπείπερ</span> <span class='ocrx_word' id='word_1_757' title='bbox 2788 4765 2993 4832; x_wconf 84' lang='grc' dir='ltr'>ἐκεῖνος</span> <span class='ocrx_word' id='word_1_758' title='bbox 3046 4766 3502 4842; x_wconf 81' lang='grc' dir='ltr'>κεκρυστάλλωτο</span> <span class='ocrx_word' id='word_1_759' title='bbox 3548 4767 3639 4824; x_wconf 81' lang='grc' dir='ltr'><strong>καὶ</strong></span> <span class='ocrx_word' id='word_1_760' title='bbox 3686 4789 3869 4840; x_wconf 86' lang='grc' dir='ltr'>πεπη-</span> 
     </span>
    </p>
   </div>
   <div class='ocr_carea' id='block_1_104' title="bbox 2227 4853 3866 4934">
    <p class='ocr_par' dir='ltr' id='par_1_104' title="bbox 2227 4853 3866 4934">
     <span class='ocr_line' id='line_1_104' title="bbox 2227 4853 3866 4934; baseline 0.004 -28"><span class='ocrx_word' id='word_1_761' title='bbox 2227 4855 2339 4929; x_wconf 80' lang='grc' dir='ltr'><strong>γὼς</strong></span> <span class='ocrx_word' id='word_1_762' title='bbox 2365 4856 2454 4924; x_wconf 72' lang='grc' dir='ltr'><strong>ἦν,</strong></span> <span class='ocrx_word' id='word_1_763' title='bbox 2487 4855 2619 4930; x_wconf 73' lang='grc' dir='ltr'>ὑπὲρ</span> <span class='ocrx_word' id='word_1_764' title='bbox 2649 4857 2824 4910; x_wconf 75' lang='grc' dir='ltr'>νώτου</span> <span class='ocrx_word' id='word_1_765' title='bbox 2856 4853 2990 4927; x_wconf 76' lang='grc' dir='ltr'>αὕτη</span> <span class='ocrx_word' id='word_1_766' title='bbox 3043 4855 3188 4932; x_wconf 76' lang='grc' dir='ltr'>διῄει</span> <span class='ocrx_word' id='word_1_767' title='bbox 3235 4855 3548 4928; x_wconf 84' lang='grc' dir='ltr'>πεζεύουσα.</span> <span class='ocrx_word' id='word_1_768' title='bbox 3603 4857 3866 4934; x_wconf 75' lang='grc' dir='ltr'>Περιρῥα-</span> 
     </span>
    </p>
   </div>
   <div class='ocr_carea' id='block_1_105' title="bbox 2230 4940 3866 5018">
    <p class='ocr_par' dir='ltr' id='par_1_105' title="bbox 2230 4940 3866 5018">
     <span class='ocr_line' id='line_1_105' title="bbox 2230 4940 3866 5018; baseline 0.003 -22"><span class='ocrx_word' id='word_1_769' title='bbox 2230 4941 2416 5016; x_wconf 81' lang='grc' dir='ltr'>γέντος</span> <span class='ocrx_word' id='word_1_770' title='bbox 2475 4940 2532 4997; x_wconf 74' lang='grc' dir='ltr'>δὲ</span> <span class='ocrx_word' id='word_1_771' title='bbox 2583 4947 2679 4997; x_wconf 86' lang='grc' dir='ltr'><strong>τοῦ</strong></span> <span class='ocrx_word' id='word_1_772' title='bbox 2730 4943 3098 5018; x_wconf 82' lang='grc' dir='ltr'>κρυστάλλου,</span> <span class='ocrx_word' id='word_1_773' title='bbox 3139 4944 3238 4999; x_wconf 81' lang='grc' dir='ltr'>οὐκ</span> <span class='ocrx_word' id='word_1_774' title='bbox 3280 4947 3416 5000; x_wconf 82' lang='grc' dir='ltr'>ἀθεεὶ</span> <span class='ocrx_word' id='word_1_775' title='bbox 3461 4943 3519 5000; x_wconf 79' lang='grc' dir='ltr'>δὲ</span> <span class='ocrx_word' id='word_1_776' title='bbox 3556 4947 3777 5008; x_wconf 81' lang='grc' dir='ltr'>πάντως</span> <span class='ocrx_word' id='word_1_777' title='bbox 3806 4946 3866 5001; x_wconf 85' lang='grc' dir='ltr'>τὸ</span> 
     </span>
    </p>
   </div>
   <div class='ocr_carea' id='block_1_106' title="bbox 2231 5027 3869 5110">
    <p class='ocr_par' dir='ltr' id='par_1_106' title="bbox 2231 5027 3869 5110">
     <span class='ocr_line' id='line_1_106' title="bbox 2390 5031 3802 5054; baseline 0.004 -7"><span class='ocrx_word' id='word_1_778' title='bbox 2390 5031 2402 5047; x_wconf 60' lang='grc' dir='ltr'><strong>ε</strong></span> <span class='ocrx_word' id='word_1_779' title='bbox 2476 5032 2505 5050; x_wconf 71' lang='lat'><strong>1&#39;</strong></span> <span class='ocrx_word' id='word_1_780' title='bbox 2766 5031 2779 5049; x_wconf 70' lang='lat'><strong>9</strong></span> <span class='ocrx_word' id='word_1_781' title='bbox 2799 5032 2810 5049; x_wconf 62' lang='grc' dir='ltr'><em>ρ</em></span> <span class='ocrx_word' id='word_1_782' title='bbox 2832 5034 2844 5050; x_wconf 77' lang='lat' dir='ltr'><strong><em>I</em></strong></span> <span class='ocrx_word' id='word_1_783' title='bbox 2991 5033 3007 5050; x_wconf 59' lang='grc' dir='ltr'>κ</span> <span class='ocrx_word' id='word_1_784' title='bbox 3148 5035 3160 5054; x_wconf 68' lang='lat'><strong><em>7</em></strong></span> <span class='ocrx_word' id='word_1_785' title='bbox 3215 5033 3226 5049; x_wconf 58' lang='grc' dir='ltr'><strong>η</strong></span> <span class='ocrx_word' id='word_1_786' title='bbox 3369 5033 3384 5051; x_wconf 63' lang='grc' dir='ltr'><strong>ς</strong></span> <span class='ocrx_word' id='word_1_787' title='bbox 3460 5033 3474 5052; x_wconf 71' lang='grc' dir='ltr'><strong>ν</strong></span> <span class='ocrx_word' id='word_1_788' title='bbox 3530 5035 3544 5053; x_wconf 79' lang='lat'><strong><em>\</em></strong></span> <span class='ocrx_word' id='word_1_789' title='bbox 3595 5031 3621 5050; x_wconf 71' lang='grc' dir='ltr'><strong><em>ν</em></strong></span> <span class='ocrx_word' id='word_1_790' title='bbox 3776 5032 3802 5052; x_wconf 56' lang='grc' dir='ltr'>ἢ</span> 
     </span>
     <span class='ocr_line' id='line_1_107' title="bbox 2231 5027 3869 5110; baseline 0.004 -26"><span class='ocrx_word' id='word_1_791' title='bbox 2231 5027 2439 5102; x_wconf 76' lang='grc' dir='ltr'>συμϐαν</span> <span class='ocrx_word' id='word_1_792' title='bbox 2471 5053 2562 5102; x_wconf 85' lang='grc' dir='ltr'><strong>ην,</strong></span> <span class='ocrx_word' id='word_1_793' title='bbox 2619 5053 2887 5108; x_wconf 80' lang='grc' dir='ltr'>κατερρυη</span> <span class='ocrx_word' id='word_1_794' title='bbox 2951 5053 3049 5107; x_wconf 81' lang='grc' dir='ltr'><strong>μετ</strong></span> <span class='ocrx_word' id='word_1_795' title='bbox 3109 5035 3266 5094; x_wconf 88' lang='grc' dir='ltr'>ευθος</span> <span class='ocrx_word' id='word_1_796' title='bbox 3295 5055 3386 5088; x_wconf 87' lang='grc' dir='ltr'><strong>και</strong></span> <span class='ocrx_word' id='word_1_797' title='bbox 3416 5056 3552 5104; x_wconf 87' lang='grc' dir='ltr'>αυτη</span> <span class='ocrx_word' id='word_1_798' title='bbox 3585 5055 3718 5110; x_wconf 86' lang='grc' dir='ltr'>αχρι</span> <span class='ocrx_word' id='word_1_799' title='bbox 3774 5037 3869 5106; x_wconf 64' lang='lat'><strong>0&#39;6-</strong></span> 
     </span>
    </p>
   </div>
   <div class='ocr_carea' id='block_1_107' title="bbox 2231 5121 3864 5199">
    <p class='ocr_par' dir='ltr' id='par_1_107' title="bbox 2231 5121 3864 5199">
     <span class='ocr_line' id='line_1_108' title="bbox 2231 5121 3864 5199; baseline 0.004 -25"><span class='ocrx_word' id='word_1_800' title='bbox 2231 5141 2334 5174; x_wconf 86' lang='grc' dir='ltr'><strong>που</strong></span> <span class='ocrx_word' id='word_1_801' title='bbox 2392 5121 2482 5175; x_wconf 79' lang='grc' dir='ltr'>καὶ</span> <span class='ocrx_word' id='word_1_802' title='bbox 2541 5121 2785 5198; x_wconf 74' lang='grc' dir='ltr'>κεφαλῆς</span> <span class='ocrx_word' id='word_1_803' title='bbox 2827 5141 2842 5154; x_wconf 70' lang='grc' dir='ltr'><strong>ο</strong></span> <span class='ocrx_word' id='word_1_804' title='bbox 2900 5123 2990 5176; x_wconf 80' lang='grc' dir='ltr'><strong>καὶ</strong></span> <span class='ocrx_word' id='word_1_805' title='bbox 3049 5122 3361 5199; x_wconf 83' lang='grc' dir='ltr'>ὑπωρχεῖτο</span> <span class='ocrx_word' id='word_1_806' title='bbox 3421 5128 3720 5199; x_wconf 81' lang='grc' dir='ltr'>σπαργῶσα</span> <span class='ocrx_word' id='word_1_807' title='bbox 3776 5127 3864 5181; x_wconf 81' lang='grc' dir='ltr'><strong>καὶ</strong></span> 
     </span>
    </p>
   </div>
   <div class='ocr_carea' id='block_1_108' title="bbox 2229 5208 3870 5287">
    <p class='ocr_par' dir='ltr' id='par_1_108' title="bbox 2229 5208 3870 5287">
     <span class='ocr_line' id='line_1_109' title="bbox 2229 5208 3870 5287; baseline 0.003 -24"><span class='ocrx_word' id='word_1_808' title='bbox 2229 5208 2411 5284; x_wconf 75' lang='grc' dir='ltr'><strong>ὖγρῶς</strong></span> <span class='ocrx_word' id='word_1_809' title='bbox 2461 5209 2816 5285; x_wconf 74' lang='grc' dir='ltr'>λιγυζομὲνη,</span> <span class='ocrx_word' id='word_1_810' title='bbox 2842 5212 2941 5267; x_wconf 87' lang='grc' dir='ltr'>οὐκ</span> <span class='ocrx_word' id='word_1_811' title='bbox 2987 5210 3039 5266; x_wconf 80' lang='grc' dir='ltr'>ἐν</span> <span class='ocrx_word' id='word_1_812' title='bbox 3087 5216 3182 5287; x_wconf 78' lang='grc' dir='ltr'>γῇ,</span> <span class='ocrx_word' id='word_1_813' title='bbox 3230 5211 3358 5268; x_wconf 84' lang='grc' dir='ltr'>ἀλλ’</span> <span class='ocrx_word' id='word_1_814' title='bbox 3387 5212 3438 5268; x_wconf 80' lang='grc' dir='ltr'>ἐν</span> <span class='ocrx_word' id='word_1_815' title='bbox 3472 5209 3625 5268; x_wconf 79' lang='grc' dir='ltr'>ὕδατι</span> <span class='ocrx_word' id='word_1_816' title='bbox 3661 5233 3676 5246; x_wconf 67' lang='grc' dir='ltr'><strong>θ</strong></span> <span class='ocrx_word' id='word_1_817' title='bbox 3707 5215 3776 5270; x_wconf 73' lang='grc' dir='ltr'><strong>’Π</strong></span> <span class='ocrx_word' id='word_1_818' title='bbox 3815 5211 3870 5268; x_wconf 73' lang='grc' dir='ltr'>δὲ</span> 
     </span>
    </p>
   </div>
   <div class='ocr_carea' id='block_1_109' title="bbox 2230 5297 3867 5378">
    <p class='ocr_par' dir='ltr' id='par_1_109' title="bbox 2230 5297 3867 5378">
     <span class='ocr_line' id='line_1_110' title="bbox 2230 5297 3867 5378; baseline 0.004 -26"><span class='ocrx_word' id='word_1_819' title='bbox 2230 5297 2438 5374; x_wconf 67' lang='grc' dir='ltr'>κεφαλή</span> <span class='ocrx_word' id='word_1_820' title='bbox 2484 5305 2563 5372; x_wconf 81' lang='grc' dir='ltr'>τῷ</span> <span class='ocrx_word' id='word_1_821' title='bbox 2621 5301 2776 5374; x_wconf 76' lang='grc' dir='ltr'>κρύτι</span> <span class='ocrx_word' id='word_1_822' title='bbox 2818 5307 3070 5378; x_wconf 87' lang='grc' dir='ltr'>παγεῖσα,</span> <span class='ocrx_word' id='word_1_823' title='bbox 3121 5302 3236 5357; x_wconf 75' lang='grc' dir='ltr'>εἶτα</span> <span class='ocrx_word' id='word_1_824' title='bbox 3287 5302 3374 5356; x_wconf 83' lang='grc' dir='ltr'><strong>καὶ</strong></span> <span class='ocrx_word' id='word_1_825' title='bbox 3427 5299 3867 5374; x_wconf 86' lang='grc' dir='ltr'>διαθραυσθεῖσα,</span> 
     </span>
    </p>
   </div>
   <div class='ocr_carea' id='block_1_110' title="bbox 2231 5385 3871 5467">
    <p class='ocr_par' dir='ltr' id='par_1_110' title="bbox 2231 5385 3871 5467">
     <span class='ocr_line' id='line_1_111' title="bbox 2231 5385 3871 5467; baseline 0.003 -27"><span class='ocrx_word' id='word_1_826' title='bbox 2231 5387 2320 5440; x_wconf 84' lang='grc' dir='ltr'>καὶ</span> <span class='ocrx_word' id='word_1_827' title='bbox 2349 5391 2446 5440; x_wconf 87' lang='grc' dir='ltr'><strong>τοῦ</strong></span> <span class='ocrx_word' id='word_1_828' title='bbox 2494 5387 2699 5444; x_wconf 80' lang='grc' dir='ltr'>λοιποῦ</span> <span class='ocrx_word' id='word_1_829' title='bbox 2749 5385 3076 5464; x_wconf 86' lang='grc' dir='ltr'>διαιρεθεῖσα</span> <span class='ocrx_word' id='word_1_830' title='bbox 3126 5389 3399 5463; x_wconf 86' lang='grc' dir='ltr'>σώματος,</span> <span class='ocrx_word' id='word_1_831' title='bbox 3431 5389 3496 5444; x_wconf 84' lang='grc' dir='ltr'>οὐ</span> <span class='ocrx_word' id='word_1_832' title='bbox 3528 5387 3692 5467; x_wconf 68' lang='grc' dir='ltr'>ξίφει,</span> <span class='ocrx_word' id='word_1_833' title='bbox 3723 5389 3871 5446; x_wconf 82' lang='grc' dir='ltr'>ἀλλᾶ</span> 
     </span>
    </p>
   </div>
   <div class='ocr_carea' id='block_1_111' title="bbox 2304 5590 3876 5676">
    <p class='ocr_par' dir='ltr' id='par_1_111' title="bbox 2304 5590 3876 5676">
     <span class='ocr_line' id='line_1_112' title="bbox 2304 5590 3876 5676; baseline 0.008 -30"><span class='ocrx_word' id='word_1_834' title='bbox 2304 5590 2382 5661; x_wconf 82' lang='grc'><strong>(2)</strong></span> <span class='ocrx_word' id='word_1_835' title='bbox 2411 5591 2632 5676; x_wconf 71' lang='lat' dir='ltr'><strong>Quibus</strong></span> <span class='ocrx_word' id='word_1_836' title='bbox 2663 5596 2836 5653; x_wconf 84' lang='lat' dir='ltr'><strong>rebus</strong></span> <span class='ocrx_word' id='word_1_837' title='bbox 2881 5611 3207 5668; x_wconf 83' lang='lat' dir='ltr'><strong>peccamus,</strong></span> <span class='ocrx_word' id='word_1_838' title='bbox 3253 5597 3474 5656; x_wconf 88' lang='lat' dir='ltr'><strong>eisdem</strong></span> <span class='ocrx_word' id='word_1_839' title='bbox 3521 5597 3876 5676; x_wconf 79' lang='lat' dir='ltr'><strong>pluramque</strong></span> 
     </span>
    </p>
   </div>
   <div class='ocr_carea' id='block_1_112' title="bbox 2232 5665 2697 5733">
    <p class='ocr_par' dir='ltr' id='par_1_112' title="bbox 2232 5665 2697 5733">
     <span class='ocr_line' id='line_1_113' title="bbox 2232 5665 2697 5733; baseline 0.015 -16"><span class='ocrx_word' id='word_1_840' title='bbox 2232 5677 2428 5733; x_wconf 66' lang='lat' dir='ltr'><strong>pinnas</strong></span> <span class='ocrx_word' id='word_1_841' title='bbox 2471 5665 2697 5724; x_wconf 87' lang='lat' dir='ltr'><strong>damus.</strong></span> 
     </span>
    </p>
   </div>
  </div>
