4096 6284
204 360 347 424 693

1298 372 1912 439 ECCLESIASTICIE
1950 368 2346 435 HISTORL‘E
2383 369 2534 430 LIB.
2580 368 2629 428 Ι.

3569 370 3686 432 691

209 496 636 573 κρυστάλλῳ,
667 500 800 576 ὑπὶρ
839 506 947 557 τῶν
984 504 1175 582 πάγων
1223 505 1460 581 ὡργεῖτο
1507 507 1598 563 καὶ
1645 497 1779 577 αὕτη
1827 509 1927 578 τήν

2054 506 2170 578 ipsa
2219 502 2589 561 saltationem
2630 499 2903 557 letbalem
2930 499 3164 558 exhibet
3195 519 3209 557 :
3242 501 3355 560 90
3384 512 3686 577 spectaou-

212 584 629 645 ἒπιθανάτιον
688 586 960 667 ὄρχησιν·
1009 595 1101 648 καὶ
1148 595 1239 650 ὑπ’
1284 594 1410 671 ὄψιν
1464 592 1635 653 ἔκειτο
1682 603 1842 653 πᾶσιν
1887 600 1922 667 ἠ

220 676 428 750 μιαρᾶ
494 677 721 758 κεφαλὴ
770 680 846 745 εἰς
903 681 1207 756 ὑπόμνησιν
1254 685 1330 740 ὧν
1383 683 1569 761 ἔδρασε
1614 688 1739 749 τοὺς
1788 688 1928 742 θεω-

224 766 461 837 μένους
513 767 814 845 ἀνάγουσαι.
864 771 964 826 Ναὶ
1017 774 1124 845 μὴν
1178 775 1268 829 καὶ
1318 774 1568 850 Ἡρώδην
1618 778 1781 832 αὐτὸν
1831 776 1930 831 οὑκ

224 853 316 916 εἰς
395 858 638 932 μακράν
694 861 730 928 ἡ
776 861 891 915 θεία
947 858 1094 933 δίκη,
1147 864 1338 940 καίπερ
1401 863 1682 939 βραδύνειν
1742 867 1816 929 ὡς
1863 866 1931 921 τὰ

225 942 463 1000 πολλᾶ
519 946 768 1017 εἰωθυῖα,
822 947 1047 1023 μέτεισι,
1078 953 1181 1021 τὴν
1232 949 1567 1028 ὑπερϐολὴν,
1620 959 1799 1029 οἶμαι,
1830 960 1929 1009 τοῦ

233 1032 605 1106 μιάσματος
669 1034 914 1102 ἐκτόπως
985 1042 1279 1114 μισήσασα.
1347 1047 1435 1106 Ὡς
1491 1045 1593 1119 γὰρ
1662 1046 1930 1120 ἂποστόρ’

229 1144 360 1209 γως
402 1124 553 1199 εἶχε
601 1128 736 1200 πρὸς
783 1130 884 1197 τὴν
924 1136 1157 1204 γυναῖκα
1204 1132 1295 1188 διὰ
1328 1132 1455 1196 τοὺς
1504 1134 1641 1209 πρὸς
1668 1136 1768 1204 τὴν
1806 1155 1933 1206 μοι·

233 1208 497 1284 χαλίδα
541 1211 753 1288 δριμεῖς
795 1212 1023 1291 ἔρωτας,
1054 1220 1144 1275 καὶ
1185 1222 1387 1292 ταύτην
1430 1208 1555 1278 τῶν
1588 1221 1757 1278 οἷ’κων
1809 1222 1934 1295 ἐξή-

238 1298 463 1371 λασεν,
526 1301 704 1376 ἐκείνη
762 1310 864 1377 τὴν
918 1303 1072 1384 ὕϐριν
1132 1309 1232 1365 οὔκ
1297 1310 1606 1388 ἐνεγκοῦσα,
1663 1313 1743 1383 τῷ
1810 1310 1935 1386 ἰδίῳ

240 1390 439 1465 πατρὶ
512 1394 830 1469 πρόσεισιν’
890 1392 1135 1471 Ἀράϐων
1180 1396 1237 1454 δὲ
1287 1400 1512 1474 βασιλέα
1559 1402 1692 1456 εἶναι
1743 1405 1935 1457 τοῦτον

244 1478 519 1555 ’Λρὲταν
576 1483 869 1557 φθάσαντες
925 1483 1125 1542 ἄνωθεν
1173 1485 1499 1563 διελάόομεν
1528 1508 1540 1522 ⁸
1591 1491 1682 1545 καὶ
1728 1493 1828 1561 τήν
1877 1510 1936 1546 τε

246 1573 563 1643 τοσαύτην
616 1574 911 1649 ὑπεροψίαν
962 1578 1052 1632 καὶ
1101 1576 1285 1635 τᾶλλα
1330 1580 1466 1656 πρὸς
1518 1578 1714 1635 λεπτὸν
1764 1581 1934 1658 ἀναγ-

248 1661 476 1737 τὲλλει
507 1682 523 1696 ·
563 1663 653 1718 καὶ
700 1666 799 1733 τήν
844 1659 1044 1720 ἔκτισιν
1078 1663 1197 1741 ᾔτει
1247 1673 1343 1723 τοῦ
1398 1668 1676 1744 ἁφορήτου
1723 1660 1935 1746 γυναικί

253 1752 633 1826 πράγματος.
682 1756 736 1806 '0
793 1749 842 1807 δ’
900 1753 1011 1829 οὐχ
1066 1758 1228 1825 ἧττον
1286 1754 1420 1813 ἰδίαν
1453 1758 1489 1827 ἢ
1518 1765 1618 1827 τῆς
1669 1759 1937 1833 θυγατρὸς

258 1839 496 1915 ἔκρινεν
531 1841 662 1897 εἶναι
701 1844 800 1912 τὴν
850 1838 1045 1918 ὕϐριν·
1094 1846 1185 1900 καὶ
1231 1847 1327 1909 τὰς
1375 1853 1498 1922 περί
1546 1848 1705 1903 αὑτὸν
1758 1848 1939 1922 ἀθροί-
1969 1876 2016 1941 Β

263 1950 371 1993 σας
423 1928 713 2004 δυνάμεις,
765 1930 1055 1988 ἐπιτίθεται
1111 1939 1192 2007 τῷ
1251 1933 1511 2011 Ἡρώδῃ·
1557 1937 1647 1992 καὶ
1695 1938 1793 2006 τὴν
1841 1937 1936 1993 αὑ-

268 2015 378 2073 τοῦ
442 2019 701 2093 στρατιὰν
749 2018 827 2082 εἰς
872 2018 1035 2083 τέλος
1082 2019 1414 2101 διαφθείρας,
1461 2027 1547 2081 καὶ
1597 2027 1697 2094 τὴν
1748 2025 1935 2100 χώραν

274 2116 468 2166 πᾶσαν
521 2110 685 2166 αὑτοῦ
733 2113 862 2187 πυρὶ
906 2113 1181 2188 παραδούς
1227 2137 1285 2172 τε
1331 2116 1422 2172 καὶ
1471 2115 1943 2192 ἀνδραποδισάμε-

274 2221 404 2269 νος,
443 2202 663 2273 σύμπαν
701 2222 760 2257 τε
806 2204 870 2257 τὸ
917 2204 1053 2258 κατά
1096 2210 1221 2261 νοῦν
1269 2207 1418 2277 αὐτῷ
1463 2213 1733 2280 γραταιῶς
1777 2205 1945 2282 ἐργα-

283 2292 552 2361 σάμενος,
594 2287 684 2345 ἐπὶ
740 2290 807 2346 τὰ
864 2292 1037 2347 οἰκεῖα
1092 2290 1202 2365 ἤθη
1263 2294 1594 2371 ἀνέστρεφεν.
1652 2300 1826 2350 Ταῦτα
1887 2292 1944 2349 δὲ

285 2378 359 2433 οὗ
400 2379 563 2452 μόνον
594 2381 629 2448 ἡ
661 2384 771 2435 τῶν
803 2374 964 2454 ἱερῶν
1010 2383 1362 2459 Εὑαγγελίων
1415 2381 1633 2458 βίϐλος,
1678 2384 1825 2439 ἀλλὰ
1853 2383 1940 2439 καὶ

290 2467 324 2521 ὁ
359 2466 681 2543 φιλαλήθης
722 2468 992 2540 Ἰώσηπος
1034 2478 1318 2547 μαρτυρεῖ,
1354 2475 1453 2541 τῆς
1500 2494 1559 2528 τε
1606 2470 1943 2547 Ἡρωδιάδος

301 2558 531 2628 μνήμην
584 2558 956 2631 ποιούμενος·
1027 2561 1101 2623 ὡς
1160 2561 1409 2633 Ἡρώδης
1458 2566 1661 2631 ζῶντος
1713 2563 1808 2634 μὲν
1854 2564 1947 2617 τᾶ-

305 2643 516 2722 δελφοῦ
563 2643 864 2719 διαστήσειε
908 2652 1009 2720 τὴν
1056 2656 1284 2726 γυναῖκα
1330 2652 1542 2708 ἐκείνου
1588 2653 1677 2707 καὶ
1731 2653 1945 2708 οἰκειώ-

310 2756 468 2789 σαιτο
491 2754 505 2767 °
536 2736 801 2807 ἀθετήσειε
833 2736 892 2795 δὲ
933 2741 1033 2809 τήν
1080 2743 1342 2817 πρότερον
1393 2744 1453 2798 ἐκ
1490 2744 1677 2816 νόμων
1721 2764 1948 2819 γεγενη-

327 2824 490 2895 μένην
536 2826 701 2899 αὐτῷ,
747 2829 936 2903 ’Δρέτα
984 2835 1083 2885 τοῦ
1126 2832 1400 2907 Πετραίων
1453 2832 1723 2908 βασιλέως
1776 2837 1945 2907 θυγα-

322 2912 465 2986 τέρα,
515 2914 754 2986 κάκείνην
813 2921 949 2993 πρὸς
1013 2919 1190 2995 γάμον
1260 2922 1551 2998 ἀγαγέσθαι
1617 2923 1706 2977 καὶ
1774 2943 1948 2977 συνοι-

2036 594 2207 666 loque
2248 609 2315 649 eo
2363 591 2640 648 omnibus
2689 590 2952 662 praebito,
2978 589 3041 647 in
3086 593 3427 650 memoriam
3466 610 3532 650 ea
3562 610 3688 667 qua

2037 684 2270 751 fecerat,
2294 680 2694 754 spectantibus
2718 684 2962 736 revocat.
2986 681 3271 738 Herodem
3299 699 3469 755 porro
3491 685 3688 756 ipsum

2038 790 2154 830 non
2196 771 2379 829 multo
2426 774 2578 842 post,
2611 770 2867 826 vindicta
2914 769 3126 839 divina,
3159 773 3427 842 quamvis
3466 773 3690 830 tardior

2038 863 2360 932 lentiorque
2404 860 2465 915 in
2514 859 2834 932 plurimum
2865 875 2994 915 esse
3025 859 3216 929 solita,
3248 862 3449 917 itidem
3484 880 3691 933 prose-

2039 953 2262 1023 quitur,
2311 954 2431 1006 tam
2474 949 2815 1008 immanem,
2865 955 2923 1003 ut
2970 950 3242 1020 equidem
3288 960 3452 1022 puto,
3485 953 3690 1010 nefarii

2041 1038 2275 1096 sceleris
2325 1037 2725 1109 impuritatem
2772 1035 3057 1107 praecipue
3102 1053 3247 1110 (egre
3284 1040 3497 1097 ferens.
3528 1041 3692 1105 Quod

2040 1128 2198 1185 enim
2229 1128 2484 1185 Herodes
2515 1126 2704 1182 alieno
2737 1142 2998 1196 prorsus,
3024 1132 3259 1198 propter
3289 1128 3692 1187 vehementem

2041 1233 2353 1290 acremque
2381 1215 2657 1272 adulteris
2689 1230 2970 1283 amorem,
3003 1216 3076 1271 ab
3116 1233 3290 1274 uxore
3320 1224 3445 1275 erat
3474 1220 3692 1285 animo,

2043 1308 2217 1363 domo
2267 1321 2394 1362 eam
2435 1304 2644 1377 exegit.
2676 1304 2804 1359 Haec
2842 1319 2974 1359 vero
3025 1309 3249 1361 tantam
3281 1309 3693 1366 contumeliam

2043 1411 2159 1451 non
2213 1393 2427 1458 ferens,
2462 1394 2533 1449 ad
2587 1401 2808 1463 patrem
2855 1407 3031 1448 suum
3070 1407 3133 1449 se
3163 1395 3409 1451 contulit
3436 1398 3695 1466 (Aretam

2044 1490 2235 1541 autem
2284 1484 2357 1555 (1)
2404 1482 2661 1540 Arabum
2711 1498 2903 1555 regem
2953 1481 3111 1538 hunc
3141 1484 3339 1553 fuisse,
3367 1502 3545 1557 supra
3577 1503 3696 1543 me-

2046 1574 2347 1644 minimus)
2376 1577 2433 1629 et
2480 1572 2565 1629 illi
2615 1578 2736 1629 tam
2787 1577 3121 1645 protervum
3162 1576 3523 1648 despectum,
3557 1577 3698 1634 alia-

2046 1679 2161 1735 que
2208 1663 2409 1719 omnia
2454 1662 2525 1718 ad
2577 1662 2889 1718 minimum
2941 1678 3122 1735 usque
3151 1679 3476 1734 recensens,
3507 1666 3700 1723 vindi-

2046 1757 2200 1808 ctam
2229 1758 2349 1808 tam
2383 1752 2635 1820 indignos
2683 1751 3026 1824 mulierique
3057 1769 3174 1809 non
3205 1754 3450 1811 ferenda:
3480 1756 3564 1813 rei
3595 1772 3695 1828 pe-

2046 1841 2158 1898 tiit.
2182 1841 2285 1898 Ille
2308 1858 2439 1899 vero
2463 1858 2577 1898 non
2609 1842 2804 1898 minus
2835 1858 3000 1898 suam
3033 1860 3207 1913 quam
3240 1844 3369 1901 ﬁliae
3396 1853 3698 1905 contume-

2051 1930 2189 1987 liam
2221 1948 2346 1987 eam
2378 1947 2509 1987 esse
2547 1932 2847 2001 judicans,
2877 1933 3185 1988 contractis
3212 1934 3397 2006 copiis
3425 1936 3551 1991 suis
3580 1953 3700 1993 om-

2050 2020 2245 2089 nibus,
2274 2019 2492 2075 bellum
2526 2019 2734 2075 Herodi
2785 2020 2959 2076 infert
2991 2037 3005 2076 :
3038 2023 3351 2079 exercitum
3381 2025 3509 2095 ejus
3539 2041 3701 2095 pror-

2050 2124 2150 2165 sus
2199 2109 2476 2178 concidit,
2508 2109 2806 2180 regionem
2855 2125 3091 2166 omnem
3122 2111 3243 2183 igni
3273 2118 3482 2181 vastat,
3513 2114 3704 2172 homi-

2052 2214 2193 2254 num
2244 2198 2360 2253 vim
2410 2213 2679 2269 magnam
2726 2198 2882 2269 capit
2926 2205 2985 2255 et
3012 2198 3245 2256 abducit
3275 2218 3290 2256 :
3322 2203 3704 2275 omnibusque

2053 2287 2227 2344 rebus
2256 2302 2324 2342 ex
2354 2287 2638 2344 sententia
2658 2288 2960 2355 confectis,
2983 2289 3042 2343 in
3066 2304 3311 2361 regnum
3333 2307 3509 2347 suum
3534 2294 3704 2350 redit.

2052 2378 2241 2448 Atque
2290 2376 2411 2432 hac
2460 2377 2700 2447 quidem
2750 2393 2866 2432 non
2898 2377 3088 2434 solum
3120 2395 3417 2435 sacrorum
3449 2381 3708 2454 Evange-

2055 2464 2268 2521 liorum
2298 2465 2467 2532 liber,
2489 2482 2691 2522 verum
2714 2466 2886 2522 etiam
2911 2467 3167 2523 veritatis
3187 2484 3388 2525 amans
3417 2470 3708 2543 Josepbus

2055 2555 2389 2613 testimonio
2436 2572 2544 2612 suo
2593 2557 2916 2625 conﬁrmat,
2964 2556 3305 2615 Ilerodiadis
3349 2561 3704 2618 mentionem

2054 2647 2298 2703 faciens:
2321 2651 2386 2702 ut
2409 2647 2632 2702 scilicet
2652 2647 2905 2704 Herodes
2926 2649 3052 2703 vivo
3073 2649 3265 2705 adhuc
3287 2650 3480 2718 fratre,
3505 2653 3707 2722 conju-

2055 2751 2180 2807 gem
2232 2734 2413 2802 illius,
2445 2752 2622 2806 opera
2670 2751 2777 2791 sua
2804 2735 2876 2791 ab
2905 2751 2974 2791 eo
3005 2736 3419 2808 abalienatam,
3450 2740 3558 2796 sibi
3593 2740 3705 2811 ipsi

2057 2824 2443 2896 conjunxerit,
2459 2824 2521 2880 in
2536 2823 3091 2896 matrimoniumque
3111 2830 3168 2882 et
3181 2827 3422 2884 domum
3446 2829 3703 2886 duxerit:

2056 2930 2184 2970 eam
2218 2918 2413 2970 autem
2447 2930 2575 2985 quae
2612 2914 2665 2970 ei
2696 2913 2920 2985 legibus
2952 2918 3133 2985 nupta
3164 2915 3368 2984 fuerat,
3398 2918 3580 2974 Aretis
3626 2935 3712 2975 re-

320 3002 471 3058 κίαν·
503 3000 575 3058 δι’
600 3007 667 3076 ἢν
694 3006 785 3062 καί
812 3008 904 3062 τὸν
949 3009 1197 3081 Ἰωάννην
1240 3009 1467 3080 ἀνελὼν,
1516 3012 1763 3087 πόλεμον
1812 3013 1948 3089 πρὸς

2058 3003 2152 3076 gis
2179 3002 2406 3060 Arabis
2436 3005 2667 3059 Petraea
2699 3002 2878 3059 tiliam
2910 3005 3321 3076 repudiaverit.
3352 3006 3422 3062 Et
3451 3011 3514 3062 ut
3541 3024 3709 3081 prop-

316 3092 534 3168 Ἀρέταν
563 3095 758 3166 ἤρατο,
801 3098 878 3160 ὼς
909 3097 968 3153 ἂν
1019 3101 1378 3174 ἡτιμωμένης
1422 3101 1602 3174 τούτῳ
1636 3109 1737 3171 τῆς
1786 3103 1948 3178 θυγα-

2059 3098 2147 3149 ter
2194 3091 2518 3152 adulteram
2563 3092 2788 3148 Joanne
2835 3108 3009 3163 casso,
3059 3092 3276 3151 bellum
3332 3097 3537 3164 Aretis,
3585 3102 3713 3154 ta-n-

309 3183 438 3255 τρός
459 3203 473 3215 ·
504 3183 559 3238 ἀν
587 3185 635 3256 ᾧ
663 3183 896 3260 πολέμῳ
948 3188 1121 3243 πάντα
1148 3190 1240 3244 τὸν
1294 3188 1539 3265 Ἡρώδου
1590 3188 1948 3267 διαφθαρῆναι

2060 3197 2235 3254 quam
2270 3182 2389 3237 filia
2417 3182 2548 3252 ejus
2577 3181 2964 3254 ignominioso
2994 3187 3240 3241 tractata
3262 3201 3558 3245 armorum
3584 3203 3714 3244 oau-

348 3243 357 3255 ¹
424 3243 433 3246 ’
604 3243 616 3256 ⁸
811 3243 821 3259 ⁸
867 3243 878 3260 ⁸
1165 3243 1202 3244 77
1310 3243 1532 3265 _I'""’
1599 3243 1948 3267 'V'Vi'wl—i'vvvv

312 3274 538 3347 στρατὸν
586 3274 812 3349 ἱστορεῖ,
863 3280 1050 3333 παθεῖν
1078 3277 1133 3334 δὲ
1160 3283 1327 3335 ταῦτα
1357 3277 1445 3335 διὰ
1490 3282 1591 3351 τήν
1636 3285 1732 3336 τοῦ
1762 3281 1948 3337 Ἰωάν-

2061 3243 2190 3328 sam
2238 3243 2899 3342 praebuissetfintulerit
2930 3288 2944 3326 :
2979 3272 3039 3328 in
3080 3289 3196 3345 quo
3229 3273 3379 3331 bello
3409 3243 3711 3332 universas

310 3381 405 3416 νου
458 3362 932 3440 παραλογωτάτην
989 3369 1282 3441 ἀναίρεσιν.
1343 3370 1688 3425 Δικαιότατον
1749 3369 1805 3425 δὲ
1859 3372 1948 3427 τὸν

2061 3359 2301 3416 Herodis
2348 3360 2548 3432 copias
2603 3359 3035 3417 contrucidatas
3093 3378 3223 3419 esse
3268 3368 3708 3420 commemorat.

314 3452 572 3523 Ἰωάννην
630 3463 1058 3531 προσμαρτυρεῖ,
1115 3458 1205 3512 καὶ
1263 3463 1359 3513 τοῦ
1421 3460 1791 3535 βαπτίσματος
1864 3461 1956 3535 μέ-

315 3563 535 3617 μνηται,
585 3549 665 3616 τῷ
714 3544 1038 3622 Εὐαγγελίῳ
1087 3550 1223 3603 κατὰ
1252 3553 1354 3603 πᾶν
1386 3548 1437 3604 ἐν
1465 3554 1582 3612 τοῖς
1618 3550 1741 3623 περὶ
1789 3551 1954 3605 αὐτοῦ

312 3637 643 3712 συμφωνῶν.
696 3636 922 3710 Ἰστορεῖ
972 3637 1029 3693 δὲ
1076 3636 1165 3692 διὰ
1217 3640 1316 3706 τήν
1367 3637 1677 3714 Ἡρωδιάδα
1720 3642 1809 3695 καὶ
1856 3647 1956 3709 τῆς

314 3722 602 3796 βασιλείας
665 3726 756 3779 τὸν
825 3724 1077 3799 Ἡρώδην
1141 3727 1591 3784 άποπεπτωκεναι
1627 3751 1640 3764 ·
1722 3731 1835 3802 μεθ’
1890 3732 1957 3799 ἧς

308 3811 404 3866 καὶ
446 3812 524 3875 είς
571 3814 861 3885 ὑπερορίαν
908 3820 1336 3892 κατακριθῆναι·
1389 3818 1570 3874 Βιέννα
1605 3815 1662 3873 δὶ
1689 3821 1756 3888 ἦν
1810 3818 1956 3892 αὐτῷ

310 3900 377 3956 τὸ
410 3901 839 3979 φυγαδευτήριον
865 3923 881 3938 '
915 3907 1123 3980 ὅμορος
1155 3906 1288 3977 αὕτη
1337 3908 1500 3970 πόλις
1528 3911 1637 3963 τῶν
1680 3907 1955 3978 Γαλλιῶν,

314 3993 453 4065 πρὸς
484 3993 548 4047 τὸ
602 3994 766 4067 βάθος
809 4001 912 4064 τῆς
958 3996 1186 4070 ἑσπέρας
1229 3996 1475 4069 κειμένη.
1510 3999 1595 4051 Ἐν
1651 3995 1834 4069 μέντοι
1878 4001 1958 4067 τῷ

314 4088 418 4150 τῆς
474 4082 898 4159 ’Δρχαιολογίας
947 4082 1394 4157 ὀκτωκαιδεκάτῳ
1452 4086 1641 4146 αὐταῖς
1698 4106 1803 4140 που
1864 4085 1957 4140 λέ-

316 4170 427 4239 ξεσι
482 4172 574 4226 καὶ
627 4169 756 4227 τάδε
811 4174 936 4248 περὶ
993 4172 1245 4230 Ἰωάννου
1299 4174 1470 4251 φησί’
1524 4199 1552 4226 ‹‹
1584 4175 1698 4229 Τισὶ
1747 4171 1803 4229 δὲ
1848 4179 1956 4228 τῶν

310 4256 594 4316 Ἰουδαίων
628 4258 802 4316 ἐδόκει
843 4261 1115 4317 ἀλωλέναι
1161 4263 1252 4317 τὸν
1299 4260 1548 4338 Ἡρώδου
1580 4263 1803 4334 στρατὸν
1856 4263 1957 4317 ὑπὸ

311 4352 414 4403 τοῦ
446 4353 581 4404 Θεοῦ
611 4351 700 4405 καὶ
744 4349 890 4423 μάλα
934 4349 1157 4413 δικαίως
1203 4352 1544 4424 τιννυμένου,
1595 4352 1730 4407 κατὰ
1760 4352 1955 4419 ποινὴν

314 4441 414 4495 τοῦ
449 4438 704 4493 Ἰωάννου
750 4444 849 4494 τοῦ
897 4439 1330 4513 ἐπικαλουμένου
1376 4446 1712 4496 Βαπτιστοῦ·
1759 4440 1956 4495 κτείνει

315 4529 419 4603 γάρ
477 4532 672 4583 τοῦτον
728 4527 984 4603 Ἡρώδης
1032 4529 1234 4606 ἀγαθὸν
1286 4528 1470 4603 ἄνδρα,
1517 4530 1606 4584 καὶ
1653 4535 1770 4592 τοῖς
1820 4532 1954 4585 Ἰου-

2060 3450 2250 3521 Atque
2296 3448 2355 3504 id
2404 3449 2489 3504 ita
2529 3449 2815 3505 accidisse
2860 3449 3041 3512 addit.
3075 3458 3308 3524 propter
3350 3453 3593 3509 Joannis
3623 3457 3709 3510 te-

2065 3537 2374 3594 merariam
2422 3541 2477 3593 et
2543 3537 2856 3593 nefandam
2906 3539 3145 3595 credam.
3198 3539 3481 3597 Joannem
3539 3556 3711 3613 porro

2055 3626 2459 3697 justissimum
2509 3625 2685 3683 fuisse
2734 3631 3002 3695 testatur,
3034 3633 3093 3684 et
3133 3628 3414 3701 baptismi
3462 3630 3712 3685 mentio-

2063 3732 2197 3773 nem
2225 3716 2400 3773 facit:
2433 3716 2506 3771 de
2534 3717 2710 3773 rebus
2738 3717 2865 3787 ejus
2895 3732 2996 3788 per
3026 3718 3221 3773 omnia
3246 3717 3553 3791 Evangelia
3583 3735 3711 3777 eon-

2064 3796 2217 3861 sona'
2236 3807 2523 3876 scribens,
2559 3804 2752 3860 Refert
2780 3821 3032 3877 quoque,
3066 3812 3302 3878 propter
3332 3808 3711 3866 Herodiadem

2065 3914 2244 3971 regno
2274 3900 2554 3955 Herodem
2587 3897 2892 3965 excidisse,
2924 3914 3057 3955 cum
3089 3914 3204 3971 qua
3247 3899 3451 3955 exsilio
3482 3916 3717 3973 quoque

2065 3989 2142 4045 sit
2187 3988 2508 4044 mulctatus
2553 3988 2649 4059 (2).
2682 3987 2991 4045 Exsulaese
3035 3993 3231 4046 autem
3279 4006 3378 4046 eos
3427 3990 3664 4048 Vienna
3700 4007 3715 4045 :

2065 4095 2191 4151 quis
2241 4078 2378 4134 urbs
2424 4077 2630 4134 Galliis
2675 4077 2941 4147 ﬁnitima,
2971 4079 3326 4136 occidentem
3383 4097 3586 4137 versus
3628 4088 3719 4138 est

2065 4168 2196 4225 sita.
2248 4168 2311 4223 In
2364 4166 2592 4223 decimo
2645 4171 2842 4224 octavo
2888 4168 3306 4241 Antiquitatum
3372 4186 3513 4227 sane
3567 4170 3716 4228 libro

2068 4257 2230 4313 hisce
2261 4255 2450 4313 verbis
2500 4256 2573 4313 de
2598 4255 2825 4313 Joanne
2853 4262 3139 4313 memorat
3172 4274 3186 4313 :
3218 4257 3578 4325 Quibusdam
3613 4265 3719 4317 Ju-

2069 4347 2210 4402 daeis
2243 4345 2483 4401 Herodis
2513 4346 2798 4401 exercitus
2827 4361 2930 4417 per
2952 4346 3170 4416 justam
3199 4348 3510 4404 vindictam
3540 4367 3573 4404 a
3601 4349 3717 4406 Deo

2066 4435 2332 4493 concisus
2387 4451 2534 4505 esse,
2582 4436 2741 4491 visus
2796 4440 2908 4506 est,
2955 4440 3021 4491 ut
3079 4454 3276 4507 pmnas
3332 4438 3385 4494 is
3443 4441 3719 4508 penderet

2062 4527 2295 4598 Joanni,
2329 4527 2430 4598 qui
2478 4526 2738 4598 Baptista
2785 4527 3229 4599 cognominatus
3277 4532 3386 4584 est.
3418 4527 3522 4584 9|
3560 4528 3717 4586 Occi-

316 4614 491 4680 δαίοις
553 4617 843 4674 κελεύοντα
909 4618 1105 4692 ἀρετὴν
1171 4618 1486 4687 ἐπασκοῦσι,
1552 4621 1642 4675 καὶ
1698 4620 1765 4673 τὰ
1821 4617 1948 4693 πρὸς

2065 4616 2153 4673 dit
2201 4619 2357 4673 enim
2406 4617 2564 4673 hunc
2611 4617 2865 4673 Herodes
2910 4626 2969 4674 ut
2999 4620 3183 4673 virum
3216 4619 3456 4686 bonum,
3488 4620 3586 4691 qui
3615 4620 3719 4676 Ju-

316 4705 602 4778 ἀλλήλους
657 4705 971 4782 δικαιοσύνῃ
1030 4709 1119 4763 καὶ
1176 4709 1311 4783 πρὸς
1367 4710 1460 4763 τὸν
1523 4710 1651 4763 Θεὸν
1710 4706 1954 4778 εὐσεϐείᾳ

316 4794 652 4869 χρωμένοις.
706 4797 998 4870 βαπτισμῷ
1054 4799 1304 4854 συνιέναι.
1363 4796 1519 4855 Οὕτω
1570 4797 1671 4873 γὰρ
1719 4795 1811 4851 καὶ
1853 4797 1953 4864 τὴν

2068 4708 2220 4762 datos
2262 4707 2475 4762 virtute
2527 4706 2864 4773 exercenda,
2907 4706 3139 4777 justitia
3189 4707 3449 4777 colenda,
3481 4708 3721 4781 pietate-

2064 4812 2174 4869 que
2205 4797 2264 4852 in
2296 4796 2482 4852 Deum
2512 4796 2860 4868 praestanda,
2893 4796 2965 4852 ad
3015 4795 3373 4867 baptismum
3415 4799 3719 4854 convenire

316 4885 572 4959 βάπτισιν
603 4882 909 4952 ἀποδεκτὴν
958 4886 1131 4942 αὐτῶν
1190 4889 1492 4961 φανεῖσθαι,
1545 4888 1620 4959 μὴ
1662 4884 1751 4941 ἐπί
1792 4905 1948 4939 τινων

2058 4887 2319 4958 jubebat.
2350 4889 2496 4941 Tum
2544 4886 2786 4940 demum
2834 4886 2992 4941 enim
3032 4890 3260 4956 gratum
3290 4890 3712 4959 acceptumque

313 4972 642 5048 ἁμαρτάδων
700 4976 1023 5048 παραιτήσει
1080 4974 1409 5050 χρωμένων,
1454 4975 1579 5031 ἀλλ’
1646 4974 1726 5045 ἐφ’
1775 4973 1956 5051 ἁγνείᾳ

314 5067 414 5117 τοῦ
471 5061 748 5135 σώματος,
803 5063 894 5118 ἅτε
960 5060 1027 5131 δὴ
1084 5062 1174 5118 καὶ
1239 5071 1340 5133 τῆς
1399 5067 1584 5139 ψυχῆς
1641 5060 1952 5134 δικαιοσύνῃ

314 5150 893 5225 προεκκεκαθαρμένης
926 5169 940 5184 ο
1009 5151 1100 5205 καὶ
1165 5156 1271 5206 τῶν
1334 5149 1523 5207 ἄλλων
1589 5149 1953 5228 συστρεφομέ-

314 5261 446 5310 νων,
478 5242 568 5295 καὶ
599 5242 707 5316 γὰρ
734 5240 976 5315 ⁴ἢρθησαν
1008 5240 1098 5296 ἐπὶ
1143 5243 1413 5297 πλεῖστων
1444 5245 1515 5307 τῆ
1545 5240 1797 5317 ἀκροάσει
1845 5246 1954 5296 τῶν

317 5328 525 5407 λόγων,
557 5327 735 5392 δείσας
781 5329 1033 5405 Ἡρώδης
1081 5333 1146 5386 τὸ
1190 5330 1279 5387 ἐπὶ
1326 5329 1545 5387 τοσόνδε
1586 5333 1808 5387 πιθανὸν
1863 5330 1956 5385 αύ-

314 5424 413 5475 τοῦ
452 5425 569 5483 τοῖς
623 5420 953 5496 ἀνθρώποις,
997 5422 1073 5493 μὴ
1132 5420 1215 5474 ἐπ’
1274 5423 1560 5477 ἂποστάσει
1616 5422 1721 5477 τινὶ
1778 5421 1953 5499 φέροι,

388 5548 467 5621 (1)
497 5551 701 5607 Aretas
729 5551 988 5607 Arabum
1020 5566 1119 5606 rex
1140 5551 1550 5609 contumeliam
1575 5552 1707 5609 ﬁliis
1736 5570 1854 5611 sua
1886 5555 1958 5612 ab

316 5620 682 5699 Πειράς-,ροι-
711 5623 1019 5699 repudium
1059 5622 1315 5695 illatam,
1338 5623 1491 5682 bello
1534 5625 1812 5685 vindicat.
1843 5626 1964 5699 (Jo-

317 5691 483 5768 sepb.
511 5691 602 5753 liii
627 5691 813 5767 xvuiI)

2064 4978 2178 5033 Deo
2224 4976 2468 5032 docebat
2512 4990 2713 5031 eorum
2762 4974 2883 5030 fore
2929 4974 3307 5046 baptismum,
3341 4976 3392 5031 si
3438 4991 3553 5032 non
3583 4981 3718 5033 tan—

2064 5071 2189 5121 tum
2239 5072 2468 5137 peccata
2515 5064 2780 5136 quaedam
2833 5079 2933 5135 per
2980 5063 3403 5120 confessionem
3437 5065 3712 5137 depreca—

2066 5161 2288 5222 rentur,
2331 5171 2534 5212 verum
2583 5156 2757 5211 etiam
2827 5153 3133 5210 munditiei
3191 5163 3246 5211 et
3296 5154 3536 5226 puritati
3585 5172 3719 5213 cor-

2066 5247 2247 5320 poris,
2278 5246 2476 5302 anima
2520 5245 2692 5301 simul
2717 5244 2961 5315 justitias
2991 5243 3152 5300 cultu
3202 5250 3536 5317 repurgata,
3566 5245 3719 5301 aliis-

2067 5351 2178 5408 que
2207 5335 2526 5391 virtutibus
2557 5334 2830 5391 omnibus
2859 5335 3180 5391 studerent.
3202 5333 3383 5391 Valde
3411 5335 3565 5393 enim
3598 5351 3718 5392 ora-

2069 5423 2221 5481 tione
2269 5425 2398 5496 ejus
2447 5423 2946 5495 permovebantur.
2986 5422 3239 5479 Herodes
3289 5423 3554 5479 sedenim
3601 5424 3717 5481 elo-

2067 5549 2501 5696 cag2)7li)erodes
2551 5548 2753 5607 exsilio
2803 5548 3138 5606 mulctatus.
3173 5548 3433 5621 (Joseph.
3465 5549 3567 5607 lib.
3599 5568 3692 5607 xxx
