4096 6284
424 359 540 420 695

1720 358 2141 422 NICEPHORI
2184 359 2536 422 CALLISTI

3708 358 3823 420 696

429 495 724 567 qnentiam
773 495 900 564 viri,
930 496 1083 567 quod
1131 495 1464 552 hominibus
1494 495 1913 569 persuadendis
1942 495 2068 551 effi-

2194 493 2352 548 πάντα
2409 495 2511 568 γὰρ
2567 491 2799 565 ἐῴκεσαν
2858 490 3148 566 συμϐουλῇ
3206 496 3274 558 τῇ
3331 490 3536 548 ἐκείνου
3594 490 3829 567 πράξον-

429 602 535 640 cax
580 593 752 648 esset.
781 590 1109 656 suspectam
1159 586 1400 652 habens,
1433 590 1489 641 et
1536 601 1657 640 rem
1705 586 1764 639 in
1796 585 2076 640 defectio-

423 691 554 730 nem
577 691 880 730 evasuram
906 675 1349 744 timens(omnia
1370 678 1523 731 enim
1550 677 1619 730 de
1640 674 1885 730 consilio
1907 675 2077 730 Joan-

425 763 517 818 nis
555 763 738 818 Judeei
786 764 990 817 facturi
1034 779 1160 818 esse
1212 764 1609 835 videbantur),
1645 763 1827 819 multo
1865 763 2077 820 melius

423 869 552 910 esse
596 853 778 921 duxit,
821 860 1132 924 antequam
1183 853 1504 925 quidquam
1559 855 1630 908 ab
1678 870 1744 908 eo
1799 858 2075 908 novatum

423 946 597 1009 esset,
634 941 923 996 hominem
958 957 1238 1012 occupare
1272 948 1329 997 et
1356 959 1388 996 e
1418 943 1612 997 modio
1644 943 1868 1011 tollere,
1900 957 2075 1012 quam

423 1033 488 1084 ut
520 1045 710 1085 rerum
746 1031 1066 1086 mutatione
1092 1030 1265 1097 facta,
1293 1035 1418 1085 tum
1453 1031 1710 1102 primum
1741 1031 1798 1085 in
1833 1031 1957 1101 ipso
1983 1033 2074 1083 tu-

2180 603 2289 651 τες,
2332 582 2475 638 πολὺ
2525 588 2769 656 κρεῖττον
2829 586 3068 657 ἡγεῖται,
3127 583 3252 655 πρίν
3312 603 3363 635 τι
3421 583 3682 655 νεώτερον
3740 579 3830 634 ὑπ’

2184 671 2347 726 αὐτοῦ
2405 670 2671 745 γενέσθαι,
2730 666 3026 743 προλαϐὼν
3094 670 3353 744 ἀναιρεῖν,
3412 669 3448 738 ἢ
3512 663 3832 742 μεταϐολῆς

2185 758 2504 836 γενομένης,
2566 758 2642 823 εἷς
2697 760 2989 834 πράγματα
3044 758 3295 832 ἐμπεσὼν
3367 763 3669 829 μετανοεῖν.
3733 758 3832 810 Καὶ

2186 852 2213 904 ὁ
2248 851 2342 921 μέν
2393 849 2596 923 ὑποψίᾳ
2647 855 2714 919 τῇ
2765 847 3015 923 Ἡρώδου
3067 847 3289 921 δέσμιος
3335 848 3410 910 εἲς
3455 849 3547 903 τὸν
3591 856 3832 925 Mixtu-

2186 941 2383 1012 ροῦντα
2449 937 2716 1014 πεμφθεὶς
2781 938 2843 992 τὸ
2910 936 3192 1013 φρούριον,
3278 938 3449 1010 ταύτῃ
3526 937 3827 990 κτίννυται.

2184 1031 2357 1082 Ταῦτα
2386 1027 2477 1082 καὶ
2509 1028 2536 1081 ὁ
2567 1027 2859 1098 Ἰώσηπος.

423 1117 608 1174 multu
656 1122 712 1174 et
760 1119 1016 1189 periculo
1059 1120 1400 1190 poenitentia
1432 1121 1758 1176 duceretur.
1795 1123 1994 1191 Itaque
2032 1117 2148 1185 ille,
2186 1124 2414 1190 propter
2446 1119 2789 1189 hujusmodi
2818 1119 3074 1174 Herodis
3104 1118 3518 1192 suspicionem,
3547 1118 3602 1172 in
3636 1122 3838 1174 custo-

426 1208 583 1264 diam
610 1207 1060 1264 Machaaruntem
1093 1209 1419 1279 conjicitur,
1453 1214 1629 1281 atque
1658 1210 1739 1266 ibi
1765 1209 2024 1266 caeditur.
2057 1207 2187 1262 Haec
2216 1207 2526 1279 Josephus.

1039 1374 1276 1430 CAPUT
1306 1375 1464 1430 XXI.

427 1482 504 1537 De
531 1485 825 1538 tentalio-ne
872 1483 1196 1552 Servatoris,
1230 1492 1280 1538 et
1327 1483 1393 1538 de
1438 1483 1692 1540 electione
1721 1485 2003 1540 duodecim
2031 1493 2082 1542 et

499 1553 1036 1629 item__sep_tuaginta
1091 1555 1502 1626 discipulorum,
1552 1561 1603 1611 et
1660 1556 1724 1611 de
1781 1556 2083 1629 Evangelii

493 1625 909 1696 praedicatione.

499 1750 702 1819 Itaque
729 1752 983 1803 Joannes
1014 1749 1185 1804 etiam
1218 1750 1288 1805 iis
1319 1753 1417 1822 qui
1451 1753 1601 1822 apud
1645 1752 1859 1809 inferos
1889 1759 2072 1822 erant,

2801 1375 3058 1429 ΚΕΦΑΛ.
3103 1379 3222 1429 ΚΑ’.

2201 1479 2359 1551 Περὶ
2404 1483 2518 1553 τος)
2567 1483 3100 1553 πειρασμοῦγτοῢ
3132 1486 3496 1553 -Σωτῆρος,
3527 1479 3639 1534 καὶ
3679 1481 3836 1550 περὶ

2261 1549 2700 1626 τῆς-ἐκλογῆς
2740 1549 2862 1626 τῶν
2903 1552 2991 1626 ιβ’
3041 1551 3148 1605 καὶ
3199 1556 3254 1626 o_'
3307 1549 3666 1623 μαθητῶν·
3721 1549 3835 1606 καὶ

2261 1622 2407 1693 περὶ
2438 1626 2558 1675 τοῦ
2590 1621 3048 1696 εὐαγγελικοῦ
3079 1643 3154 1692 κη
3175 1621 3541 1697 ρύγματος.

2263 1752 2318 1801 Ὁ
2353 1747 2446 1819 μὲν
2486 1744 2576 1800 οὖν
2629 1748 2880 1817 Ἰωάννης
2930 1744 3073 1802 οὕτω
3121 1748 3208 1802 καὶ
3259 1751 3374 1808 τοῖς
3417 1748 3469 1801 ἐν
3512 1744 3646 1817 ᾅδου
3695 1747 3836 1821 πρό-

427 1853 748 1909 praacursor
797 1837 1042 1904 advenit,
1078 1841 1435 1908 praesentiam
1483 1840 1563 1895 ibi
1607 1858 1834 1912 quoque
1862 1842 2077 1897 Christi

2194 1833 2394 1910 δρομος
2426 1833 2560 1903 ἱέτο,
2592 1835 2680 1890 καὶ
2719 1841 2837 1898 τοῖς
2873 1838 3044 1890 ἓκεῖσε
3089 1838 3188 1905 τήν
3234 1836 3527 1910 παρουσίαν
3579 1836 3834 1911 κηρύξων

429 1927 805 1983 annuntians.
837 1926 1008 1983 Jesus
1057 1932 1251 1984 autem
1300 1929 1494 1984 divino
1543 1931 1754 2002 Spiritu
1797 1933 1960 1987 solus
2016 1932 2076 1987 in

429 2018 800 2074 solitudinem
829 2019 1020 2090 agitur
1053 2037 1066 2075 :
1100 2025 1271 2090 atque
1319 2021 1397 2076 ibi
1430 2022 1546 2077 otio
1579 2023 1810 2091 pietatis
1840 2041 2072 2092 vacans,

423 2107 666 2179 jejunus
706 2125 942 2180 prorsus
989 2110 1112 2164 dies
1175 2115 1488 2183 noctesque
1518 2115 1902 2184 quadraginta
1932 2132 2074 2170 con-

429 2197 619 2250 tinuas
668 2195 942 2266 persistit,
975 2198 1231 2254 oratione
1285 2200 1615 2270 mentisque
1653 2201 1966 2273 agitatione
1996 2209 2078 2258 at-

433 2299 546 2355 que
575 2283 1061 2356 contemplatione
1092 2287 1443 2344 refocillatus
1475 2300 1644 2360 atque
1671 2292 2072 2347 conﬁrmatus.

434 2374 578 2428 Cum
611 2380 802 2428 autem
853 2379 1074 2430 natura:
1121 2377 1459 2447 congruenti
1491 2379 1790 2435 allectione
1823 2382 2077 2436 afﬁcere-

437 2470 552 2529 tur,
585 2464 850 2536 fameque
899 2463 1321 2533 percelleretur,
1355 2483 1461 2520 sua
1505 2473 1712 2538 sponte
1740 2486 2082 2542 Oppugnan-

437 2553 577 2608 dum
612 2569 674 2608 se
702 2554 971 2608 tentatori
1006 2553 1293 2624 permisit.
1326 2554 1432 2618 Qui
1472 2556 1724 2612 divinam
1769 2575 2078 2630 aggressus

438 2645 682 2697 mentem
715 2647 771 2697 et
801 2642 1268 2714 intelligentiam,
1304 2645 1512 2701 mentis
1563 2663 1793 2719 quoque
1825 2658 1877 2705 et
1907 2651 2080 2705 intel-

432 2733 684 2806 ﬁgentia:
733 2739 1096 2806 praetextum,
1131 2737 1375 2809 experiri
1423 2742 1761 2812 tentareque
1810 2757 1935 2796 eam
1980 2760 2080 2800 vo-

431 2823 578 2892 lens,
612 2825 824 2881 attulit.
857 2829 1043 2898 Atque
1091 2843 1221 2882 cum
1269 2829 1474 2895 tribus,
1503 2829 1702 2902 eisque
1748 2835 2082 2903 potentissi-

433 2916 547 2970 mis
594 2931 940 2985 congressus
997 2916 1318 2986 aﬂ‘ectibus,
1369 2918 1625 2989 primum
1684 2923 1921 2992 quidem
1962 2939 1975 2976 :
2023 2924 2082 2978 Si

431 3003 582 3072 ﬁlius
629 3003 867 3075 (inquit)
900 3004 995 3058 Dei
1021 3020 1096 3071 es,
1127 3007 1216 3061 ita.
1263 3013 1321 3060 ul
1366 3007 1632 3078 suspicor,
1652 3009 1784 3079 jube
1829 3013 1888 3064 in
1915 3027 2080 3080 panes

428 3092 573 3147 verti
630 3092 832 3162 lapides
899 3095 1043 3147 istos.
1107 3093 1324 3150 Deinde
1383 3112 1514 3151 vero
1585 3097 1643 3150 in
1702 3099 2078 3167 pinnaculum

2191 1927 2454 2000 Χριστοῦ.
2517 1929 2724 1997 Ἰησοῦς
2777 1925 2833 1982 δέ
2881 1931 2959 1998 τῷ
3006 1927 3136 1999 θείῳ
3185 1929 3454 1999 Πνεύματι
3519 1928 3838 1999 μονώτατος

2186 2015 2261 2077 εἰς
2292 2017 2388 2084 τήν
2422 2010 2628 2090 ἔρημον
2671 2017 2833 2090 ἤγετο
2859 2036 2872 2047 ·
2923 2015 3013 2070 καὶ
3047 2013 3111 2085 δὴ
3156 2014 3327 2070 ἐκεῖσε
3377 2015 3671 2094 σχολάζων
3717 2018 3836 2071 ἄσι-

2188 2127 2280 2167 τος
2307 2105 2546 2174 καθάπαξ
2580 2105 2772 2168 νύκτας
2821 2105 2911 2160 καὶ
2954 2105 3164 2179 ἡμέρας
3195 2105 3406 2161 ἐτέλεσε
3440 2108 3514 2178 μ’,
3565 2111 3636 2180 τῇ
3669 2127 3836 2179 προσ-

2187 2200 2327 2272 ευχῇ
2383 2196 2474 2248 καὶ
2529 2199 2598 2268 τῇ
2653 2196 2787 2250 κατὰ
2844 2199 2967 2249 νοῦν
3015 2193 3214 2269 θεωρίᾳ
3263 2195 3590 2273 τρεφόμενός
3639 2217 3698 2251 τε
3745 2197 3832 2251 καὶ

2189 2284 2598 2356 στηριζόμενος.
2657 2285 2729 2338 Τὰ
2787 2285 3134 2357 προσήκοντα
3173 2281 3228 2338 δὲ
3286 2287 3354 2357 τῇ
3409 2283 3563 2360 φύσει
3623 2285 3830 2355 παθὼν,

2189 2367 2279 2426 ἅτε
2337 2370 2403 2440 δή
2466 2371 2619 2446 πείνῃ
2673 2374 2904 2448 σχεθεῖς,
2957 2373 3093 2427 έκὼν
3140 2373 3314 2427 ἁνίετο
3363 2377 3442 2444 τῷ
3487 2375 3830 2449 πειράζοντι,

2188 2462 2246 2523 ὃς
2275 2463 2362 2516 καὶ
2396 2466 2610 2531 νοητῶς
2649 2460 2728 2532 τῷ
2779 2461 2906 2533 θείῳ
2954 2458 3324 2535 προσϐάλλων
3375 2463 3480 2532 νοῒ,
3509 2464 3610 2531 τήν
3641 2469 3827 2537 πεῖραν

2188 2558 2428 2624 προσῆγε
2461 2569 2475 2582 ·
2534 2548 2623 2604 καί
2678 2556 2792 2612 τοῖς
2850 2551 2994 2624 τρισί
3051 2551 3143 2605 καὶ
3203 2550 3668 2624 ὲπικρατεστέροις
3723 2558 3826 2608 τῶν

2189 2642 2373 2694 παθῶν
2415 2641 2872 2714 προσγυμνάζων,
2923 2641 3126 2712 πρώτῳ
3175 2641 3293 2712 μὲν,
3352 2638 3589 2715 Εἴπερ,
3645 2643 3826 2719 φησὶν,

2190 2730 2272 2791 ὡς
2309 2723 2670 2798 ὑπέλαϐον,
2703 2728 2852 2791 υίὸς
2883 2731 2946 2785 εἴ
2974 2734 3098 2785 τοῦ
3129 2735 3315 2800 Θεοῦ,
3359 2733 3829 2803 μεταποιηθῆ-

2190 2838 2300 2871 ναι
2329 2815 2496 2878 τοὺς
2528 2815 2756 2878 λίθους
2793 2818 2884 2879 εἷς
2915 2816 3160 2893 ἄρτους
3188 2816 3417 2873 κέλευε
3441 2837 3454 2850 °
3489 2818 3641 2882 αὖθις
3672 2817 3718 2873 δ’
3743 2820 3829 2876 ἐπὶ

2191 2905 2253 2959 τὸ
2286 2906 2576 2980 πτερύγιον
2609 2904 2773 2979 ἀνῆγε
2803 2910 2899 2961 τοῦ
2931 2907 3102 2981 ἱεροῦ,
3134 2907 3222 2962 καὶ
3258 2904 3485 2982 βάλλειν
3519 2909 3700 2964 ἑαυτὸν
3730 2913 3820 2963 κά-

2187 3017 2265 3050 τω
2299 2993 2672 3050 ἐνεκελεύετο·
2721 2995 2810 3049 καὶ
2854 2996 2945 3050 τὸν
2998 2993 3241 3051 κίνδυνον
3287 2998 3485 3067 ἣκιστα
3535 2997 3808 3074 ὑφορᾶσθαι

2190 3083 2596 3159 προσυπετίθει.
2647 3084 2758 3138 Εἶτ’
2791 3083 2946 3146 εὐθὺς
2994 3085 3084 3139 καὶ
3137 3086 3238 3154 τὴν
3286 3085 3609 3163 προφητείαν
3649 3092 3806 3161 προῆ-

429 3180 635 3250 templi
685 3181 946 3242 ductum,
989 3186 1050 3236 ut
1097 3199 1157 3236 se
1209 3183 1444 3253 dejiciat
1493 3186 1753 3257 pracipit
1783 3231 1796 3252 ,
1828 3189 2081 3260 nihilque

2195 3194 2254 3248 γε
2282 3171 2655 3243 κατάλληλον.
2710 3171 2832 3230 Ἐπὶ
2873 3173 3094 3238 τούτοις
3121 3175 3210 3228 καὶ
3257 3173 3326 3249 τῇ
3365 3173 3639 3246 κενοδοξία
3677 3173 3807 3230 ἑλεῖν

431 3268 672 3340 periculi
721 3269 771 3324 ei
822 3270 903 3325 rei
954 3271 1197 3326 subesse
1247 3273 1488 3342 subjicit
1533 3291 1546 3328 :
1600 3275 1906 3331 confestim
1955 3294 2089 3333 con-

429 3361 737 3430 gruentem
787 3375 1017 3430 quoque
1067 3361 1424 3432 prophetiam
1488 3364 1802 3418 adducens.
1853 3366 2084 3434 Adbcec,

426 3447 618 3503 inanis
663 3464 895 3519 quoque
934 3449 1128 3519 gloriae
1181 3450 1499 3520 cupiditate
1550 3469 1679 3506 eum
1737 3470 1937 3526 capere
1986 3458 2086 3513 92

428 3537 642 3606 studet,
682 3542 740 3592 et
785 3547 993 3592 cuncta
1040 3539 1090 3592 ei
1142 3555 1319 3609 regna
1371 3542 1640 3610 ostendit,
1695 3543 2088 3616 daturumque

429 3642 492 3682 se
538 3626 620 3680 illi
670 3642 736 3682 ea
782 3627 1106 3697 pollicetur,
1140 3628 1189 3682 si
1221 3629 1526 3698 procidens
1559 3647 1619 3686 se
1651 3633 1914 3690 adoraret
1946 3652 1958 3690 :
1995 3653 2090 3706 pe-

428 3715 675 3771 riculum
725 3716 948 3772 scilicet
998 3717 1212 3772 faciens
1242 3719 1578 3775 exhibendae
1609 3722 2088 3796 declarandaeque

429 3804 770 3862 divinitatis.
821 3806 1204 3878 Posteaquam
1255 3813 1448 3864 autem
1499 3809 1556 3863 in
1607 3811 1782 3866 rebus
1812 3815 2086 3870 omnibus

431 3893 706 3949 tentatori
751 3895 984 3950 oracula
1033 3896 1346 3966 Scriptura:
1399 3897 1680 3967 objiciens
1724 3901 1952 3968 restitit,
1985 3904 2090 3958 Sa-

430 3986 627 4038 tanam
676 3999 709 4036 a
752 3999 814 4039 se
853 3984 1086 4055 repulit,
1118 3989 1174 4039 et
1207 4002 1319 4040 non
1353 3987 1545 4053 modo,
1576 4003 1714 4058 quas
1747 3992 1914 4046 modo
1945 3993 2090 4046 dixi-

431 4087 585 4137 mus,
618 4074 1133 4138 concertationum,
1164 4075 1266 4129 sed
1306 4074 1484 4129 etiam
1535 4077 1797 4132 omnium
1842 4079 2085 4135 aliarum

428 4159 827 4215 incursionum
877 4163 1486 4234 oppugnationumque
1535 4164 1693 4220 illius
1752 4169 1931 4223 victor
1987 4171 2089 4226 de-

429 4249 668 4316 scendit,
703 4248 963 4304 humana
1001 4251 1330 4306 conditione
1381 4253 1669 4323 superior,
1703 4256 2087 4328 omnibusque

429 4337 805 4394 facultatibus
858 4355 924 4393 ac
972 4339 1281 4394 virtutibus
1331 4339 1511 4396 divini
1573 4342 1821 4412 Spiritus
1871 4346 2084 4401 instru-

427 4431 582 4492 ctus,
615 4431 788 4497 atque
835 4427 1079 4498 angelici
1129 4427 1402 4495 satellitii,
1438 4445 1540 4500 pro
1591 4447 1657 4486 eo
1708 4440 1884 4504 atque
1931 4436 2089 4492 dece'

2196 3260 2536 3332 σπουδάζων,
2603 3260 2774 3324 πάσας
2848 3261 3127 3318 ὑπεδείκνυ
3199 3265 3294 3326 τὰς
3365 3265 3677 3339 βασιλείας·
3733 3265 3817 3319 καὶ

2199 3350 2382 3406 δοῦναι
2421 3352 2598 3424 τούτῳ
2646 3353 2842 3412 ταύτας
2893 3354 3337 3427 καθυπισχνεῖτο,
3372 3354 3416 3408 εἰ
3447 3355 3625 3408 πεσὼν
3676 3353 3820 3409 αὐτὸν

2193 3444 2604 3515 προσκυνήσειε,
2638 3443 2908 3512 πειράζων
2959 3444 3056 3511 τὴν
3103 3439 3358 3513 ἐπίδειξιν
3404 3450 3504 3512 τῆς
3558 3444 3828 3512 θεότητος.

2194 3535 2281 3591 Ὡς
2317 3529 2363 3584 δ’
2394 3529 2482 3584 ἐπὶ
2528 3534 2686 3583 πᾶσιν
2719 3529 3002 3584 ἀνθίστατο
3054 3535 3132 3600 τῷ
3178 3533 3510 3605 πειράζοντι,
3563 3534 3659 3594 τὰς
3709 3554 3836 3608 γρα-

2195 3623 2354 3699 φικάς
2410 3621 2707 3696 μαρτυρίας
2759 3620 3137 3697 παραδεικνὺς,
3191 3621 3367 3676 ὀπίσω
3411 3644 3470 3676 τε
3516 3623 3610 3678 τὸν
3666 3631 3838 3679 Σατα-

2193 3719 2285 3769 νᾶν
2334 3707 2561 3786 ἔπεμπε,
2613 3715 2702 3767 καὶ
2751 3713 3046 3789 νικηφόρος
3093 3712 3291 3768 ἐκεῖθεν
3334 3714 3545 3787 κατῄει,
3592 3715 3656 3770 οὐ
3705 3717 3837 3770 κατά

2189 3809 2297 3859 τῶν
2349 3801 2651 3876 εἰρημένων
2721 3802 2907 3874 μόνον,
2965 3801 3112 3857 ἀλλὰ
3163 3803 3251 3857 καὶ
3310 3804 3448 3859 κατὰ
3503 3803 3686 3874 πάσης
3742 3813 3837 3874 τῆς

2196 3888 2517 3966 προσϐολῆς
2571 3889 2774 3946 ἐκείνου
2832 3896 2910 3963 τῷ
2962 3892 3284 3965 ἀνθρωπίνῳ
3361 3893 3510 3967 μέρει
3579 3893 3839 3967 κρείττων

2191 3983 2516 4060 γενόμενος·
2553 3980 2709 4045 ὅλαικζ
2754 3979 2798 4035 δ’
2843 3981 2938 4036 οὗν
2975 3984 3064 4036 καὶ
3113 3988 3231 4044 ταῖς
3279 3981 3564 4058 ἐνεργείαις
3616 3987 3708 4038 καὶ
3755 3982 3842 4038 δυ-

2192 4074 2382 4144 νάμεσι
2445 4070 2539 4126 τοῦ
2602 4071 2746 4125 Οείου
2812 4070 3129 4144 Πνεύματος
3201 4072 3699 4146 συγκροτούμενος,
3745 4073 3847 4149 ἀγ-

2192 4161 2365 4236 γέλων
2416 4181 2474 4214 τε
2534 4157 2886 4236 δορυφορίαις
2941 4161 3016 4224 ὼς
3068 4168 3345 4234 προσῆκον
3393 4161 3839 4235 διακονούμενος,

2193 4253 2290 4318 τὴν
2330 4251 2422 4322 μὲν
2455 4244 2659 4324 ἔρημον
2695 4248 3031 4319 ααταλείπει,
3063 4256 3180 4312 ταῖς
3215 4249 3270 4306 δὲ
3312 4249 3506 4306 πόλεσι
3547 4254 3646 4319 τῆς
3691 4255 3838 4308 ἰου-

2197 4337 2349 4402 δαίάς
2381 4338 2469 4392 καὶ
2502 4337 2796 4400 Γαλιλαίας
2853 4334 3064 4392 ἔπεισι·
3115 4347 3202 4394 καί
3233 4345 3312 4411 τῷ
3359 4339 3496 4395 ἔθνει
3531 4343 3694 4395 παντὶ
3745 4347 3841 4396 τοῦ

2195 4427 2418 4503 Ἰσραὴλ
2477 4425 2781 4501 ἐπιδημῶν,
2843 4433 3116 4500 μετανοεῖν
3178 4431 3467 4504 παρηγγύα
3514 4448 3526 4461 ’
3588 4436 3839 4504 παρεῖναι

426 4516 543 4584 bat,
578 4515 898 4572 ministerio
929 4517 1356 4584 cohonestatus,
1377 4518 1748 4575 solitudinem
1775 4522 2073 4594 relinquit,

2194 4519 2311 4592 γὰρ,
2369 4520 2456 4572 καὶ
2523 4514 2626 4586 ἤδη
2684 4517 2770 4572 ἐπὶ
2827 4516 3012 4592 θύραις
3069 4518 3211 4572 εἶναὲ
3285 4521 3383 4586 τὴν
3437 4523 3545 4573 τῶν
3595 4520 3844 4594 οὐρανῶν

428 4612 484 4662 et
513 4607 582 4661 ad
631 4605 842 4661 Judaeze
894 4611 1064 4677 atque
1111 4607 1358 4662 Galilaesa
1391 4608 1652 4664 civitates
1685 4613 1923 4682 accedit,
1957 4631 2079 4669 om-

428 4711 678 4765 nemque
725 4694 955 4749 lsraelis
1007 4700 1237 4766 gentem
1272 4697 1530 4764 visitans,
1563 4698 1634 4752 ad
1677 4699 2079 4769 poenitentiam

430 4789 486 4840 et
543 4785 1002 4855 resipiscentiam
1062 4801 1265 4840 omnes
1323 4785 1659 4841 cohortatur
1707 4804 1720 4842 :
1777 4791 2084 4860 appropin-

431 4890 605 4944 quare
641 4875 786 4944 jam,
814 4878 990 4945 atque
1031 4875 1172 4930 adeo
1223 4880 1428 4945 praesto
1475 4892 1603 4930 esse
1643 4893 1889 4948 regnum
1922 4883 2082 4935 coelo'

429 4979 584 5030 rum,
630 4961 761 5018 laeto
815 4961 1134 5032 pradicans
1196 4965 1418 5018 nuntio.
1474 4965 1659 5034 Atque
1716 4967 1850 5021 inde
1916 4968 2082 5024 initio

429 5051 720 5124 Evangelii
776 5052 944 5119 facto,
1001 5056 1056 5106 et
1111 5053 1279 5122 quasi
1342 5052 1688 5122 quibusdam
1751 5059 2082 5112 communis

428 5147 650 5196 natura;
681 5141 860 5196 sacris
912 5142 1187 5212 primitiis
1219 5142 1666 5213 primordiisque
1701 5145 1898 5213 jactis.
1932 5147 2082 5203 Deus

430 5229 705 5295 Verbum,
744 5247 858 5286 non
892 5229 1058 5302 longe
1097 5231 1170 5285 ab
1199 5232 1328 5301 ejus
1362 5232 1793 5302 praedicationis
1826 5239 2083 5305 tempore

424 5317 729 5373 duodecim
778 5335 970 5374 sacros
1019 5319 1220 5390 deligit
1269 5320 1626 5390 discipulos:
1661 5339 1805 5392 quos
1858 5332 2084 5392 aposto-

425 5417 512 5472 los
563 5408 759 5475 etiam,
793 5409 1076 5479 praecipuo
1125 5409 1373 5481 quodam
1427 5410 1644 5466 honore
1697 5428 2081 5482 prosequens,

427 5497 713 5551 nominat.
743 5495 963 5552 Horum
1004 5499 1262 5554 Andreas
1313 5499 1562 5571 primus,
1616 5504 1811 5571 utpote
1861 5519 1894 5556 a
1939 5503 2084 5561 Pras-

427 5602 663 5642 cursore
712 5585 771 5639 in
818 5586 1187 5657 disciplinam
1235 5591 1553 5658 cooptatus,
1587 5606 1618 5642 a
1663 5606 1776 5660 quo
1809 5589 1982 5645 etiam
2017 5592 2084 5645 de

429 5675 604 5731 rebus
637 5674 850 5730 Christi
883 5679 1152 5733 accurate
1197 5677 1433 5735 edoctus
1473 5678 1697 5750 fuerat;
1728 5684 1784 5736 et
1813 5696 1944 5738 cum
1976 5679 2085 5738 hoc

2193 4606 2572 4682 εὐηγγελίζετο
2671 4605 2975 4679 βασιλείας.
3042 4607 3253 4682 Ἀρχὴν
3318 4605 3362 4661 δ’
3439 4605 3681 4662 ἓντεῦθεν
3751 4614 3846 4664 τοῦ

2199 4693 2530 4768 Εύαγγελίου
2585 4688 3002 4765 ὑποϐαλόμενος
3057 4696 3085 4748 ὁ
3137 4694 3426 4770 θεαρχικὸς
3478 4696 3676 4769 Λόγος,
3729 4697 3845 4752 οἷόν

2191 4804 2308 4837 τινα
2338 4790 2435 4850 τῆς
2487 4790 2676 4850 κοινῆς
2711 4782 2934 4858 ,φύσεως
2991 4782 3271 4857 ἀκροθίνια
3324 4785 3412 4838 καὶ
3469 4785 3615 4859 ἱερὰς
3667 4787 3842 4858 ἀπαρ-

2192 4874 2315 4946 χὰς,
2350 4871 2411 4926 οὐ
2455 4873 2590 4944 μετά
2635 4871 2892 4927 πλεῖστον
2939 4877 3034 4927 τοῦ
3082 4873 3434 4948 κηρύγματος
3486 4876 3691 4949 χρόνον
3745 4879 3840 4944 τὴν

2194 4959 2473 5016 δωδεκάδα
2521 4966 2626 5015 τῶν
2689 4963 2847 5015 θείων
2898 4959 3201 5035 έπιλέγεται
3255 4967 3536 5034 μαθητῶν,
3596 4964 3691 5027 οὓς
3757 4967 3842 5020 καὶ

2194 5048 2534 5112 ἀποστόλους
2582 5050 2720 5104 κατά
2783 5071 2833 5102 τι
2901 5048 3062 5123 γέρας
3129 5049 3397 5125 ἐξαίρετον
3461 5054 3844 5128 κατωνόμασε.

2195 5141 2292 5192 Καὶ
2328 5135 2446 5207 δῆτ’
2490 5137 2736 5212 Ἀνδρέας
2792 5142 2883 5210 μὲν
2932 5140 3259 5214 πρώτιστος,
3313 5142 3405 5195 ἅτε
3453 5138 3518 5209 δὴ
3569 5147 3649 5213 τῷ
3705 5149 3847 5218 Προ-

2193 5224 2388 5299 δρόμῳ
2417 5226 2638 5286 τελέσας
2672 5228 2747 5288 εἷς
2783 5229 3054 5299 μαθητήν,
3104 5228 3194 5282 καὶ
3225 5229 3292 5283 τὰ
3329 5231 3447 5302 περὶ
3501 5233 3686 5296 Ἰησοῦ
3720 5235 3847 5305 παρ’

2190 5314 2393 5371 ἐκείνου
2453 5319 2589 5390 πρὸς
2649 5312 2923 5388 ἀκρίϐειαν
2997 5317 3387 5392 ἡνωτισμένος,
3467 5319 3682 5392 σύναμα
3757 5323 3846 5377 Πέ-

2191 5427 2303 5478 τρῳ
2333 5410 2411 5476 τῷ
2445 5403 2664 5484 ἀδελφῷ
2707 5408 2796 5461 τὸν
2851 5406 3054 5480 πατέρα
3093 5407 3276 5462 καὶτὸ
3307 5405 3524 5477 πλοῖον,
3574 5411 3665 5463 καὶ
3699 5409 3841 5465 ἄλλο

2195 5494 2320 5548 εἷ’τι
2376 5501 2583 5568 προσῆν
2645 5495 2831 5556 αὐτοῖς
2891 5493 3294 5570 διαρῥίψαντες,
3353 5497 3655 5570 πρόσεισιν,
3711 5501 3845 5556 Εἶτα

2189 5579 2457 5643 Ἰάκωϐος
2505 5584 2592 5636 καὶ
2653 5583 2935 5653 Ἰωάννης,
2998 5586 3049 5638 οἱ
3095 5589 3176 5656 τῷ
3229 5579 3500 5658 Ζεϐεδαίῳ
3556 5587 3846 5662 γεννηθέν-

2190 5695 2298 5747 τες,
2331 5672 2422 5736 οὓς
2472 5673 2560 5728 καὶ
2607 5671 2757 5736 υἱοὺς
2805 5675 3046 5750 βροντῆς
3092 5673 3457 5749 ὲπωνόμασιν,
3510 5674 3709 5752 ἐπίσης
3755 5675 3846 5732 καῖ
