4096 6284
271 379 395 444 697

1319 390 1929 453 ECCLESIASTIC/E
1972 390 2362 453 HISTORUE
2401 391 2553 453 LIB.
2598 393 2649 452 Ι.

3585 388 3704 449 698

272 519 431 575 οὗτοι
471 517 924 595 διαπραξάμενοι,
957 525 1160 599 πατέρα
1216 545 1274 581 τε
1321 527 1410 580 καὶ
1447 525 1645 582 πλοῖον
1694 526 1929 604 ἀφέντες,

2053 529 2259 584 Petrus
2290 528 2479 597 frater,
2511 532 2756 599 patrem,
2797 525 3109 597 navigium,
3155 528 3211 582 et
3240 525 3520 597 quidquid
3555 542 3702 597 pra;-

270 609 520 664 κατόπιν
577 609 816 667 εἴποντο.
869 611 1147 675 Φίλιππος
1207 613 1296 668 ἐπὶ
1360 617 1575 677 τούτοις
1637 614 1742 670 ἀπὸ
1791 618 1943 685 Βηθ-

273 695 482 752 σαῖσδᾶ
547 697 864 775 ἒγγειτόνων
939 705 1037 771 τήν
1095 701 1311 774 ο⁹ίκησιν
1359 699 1504 779 ἔχων
1562 702 1787 779 Ἀνδρέᾳ
1851 704 1941 758 καὶ

275 788 504 862 Πέτρῳ,
574 792 821 862 μαθητής
897 791 1286 867 ἐχρημάτιζεν.
1346 797 1567 849 Ἔπειτα
1645 799 1843 866 Θωμᾶς
1910 794 1940 848 ὁ

273 877 364 931 καὶ
403 876 652 950 Δίδυμες
701 880 1039 953 κεκλημένος
1089 883 1404 957 παρείπετο.
1432 880 1712 956 ’Έὸὃομος
1743 885 1770 938 6
1803 891 1939 956 Βαρ-

278 967 608 1038 θολομαῖος
638 976 797 1038 συνῆν
826 970 972 1043 αύτῷ
1000 989 1013 1003 ⁸
1047 974 1134 1027 καὶ
1186 975 1458 1035 Ματθαῖος
1509 975 1536 1027 ὁ
1580 972 1639 1027 ἐκ
1677 971 1940 1027 τελωνίου

277 1059 417 1130 πρὸς
450 1058 698 1121 τούτοις.
732 1062 920 1132 Σίμων
965 1062 1050 1115 ἐπὶ
1096 1063 1310 1124 τούτοις
1351 1064 1379 1118 ὁ
1426 1063 1742 1132 Κανανίτης,
1773 1064 1861 1116 καὶ
1911 1062 1940 1116 ὁ

278 1149 374 1199 τοῦ
421 1144 708 1224 Ἀλφαίου
783 1151 896 1211 υἱὸς
957 1151 1248 1214 Ἰάκωνος⁸
1309 1151 1362 1206 ἐν
1417 1155 1502 1213 οἷς
1560 1151 1650 1206 καὶ
1710 1148 1938 1220 Ἰούδας,

279 1231 528 1311 ἀδελφὸς
565 1236 660 1309 μὲν
694 1234 975 1307 Ἰακώϐου,
1009 1241 1066 1301 ὃς
1096 1239 1372 1311 ἐπεκλήθη
1419 1241 1507 1296 καὶ
1543 1239 1900 1318 Ἀδελφόθεος
1924 1259 1938 1272 ⁸

277 1329 375 1379 τοῦ
421 1327 745 1400 μνήπορος
779 1324 834 1382 δὲ
872 1330 961 1383 καὶ
1011 1328 1178 1404 ἄμφω
1223 1328 1413 1394 παῖδες
1458 1332 1650 1400 ἤστην.
1683 1332 1942 1392 Ὕστατος

283 1409 308 1429 κ
464 1414 477 1452 ἓ
628 1412 650 1430 Ν
874 1418 886 1436 9
966 1415 979 1436 Ι
1137 1420 1149 1438 ε
1284 1420 1296 1434 \
1341 1419 1354 1439 ν
1567 1419 1578 1437 Ι
1888 1417 1910 1450 ,ν

281 1423 337 1466 ὸε
381 1434 480 1467 κα.
536 1412 844 1479 δωοέκατος
893 1414 1082 1479 Ιουδας
1130 1439 1158 1472 0
1208 1439 1298 1473 και
1360 1426 1693 1492 Ισκαριωτης
1742 1417 1942 1472 καλοδ-

284 1522 469 1575 μενος.
518 1504 630 1560 Καὶ
683 1501 832 1567 αὖθις
877 1505 1090 1579 ἐτέρους
1156 1505 1470 1584 ἐπιλέγεται
1522 1504 1936 1580 ἐϐδομήκοντα³

282 1590 374 1651 οὖς
426 1591 524 1645 καὶ
581 1593 776 1654 αὐτοὺς
824 1593 918 1648 ἀνὰ
951 1592 1046 1649 δύο
1078 1595 1164 1650 ἐπὶ
1195 1601 1370 1651 πᾶσαν
1395 1595 1556 1651 πόλιν
1607 1597 1698 1650 καὶ
1745 1598 1936 1671 χώραν

278 1679 384 1751 πρὸ
413 1681 724 1754 προσώπου
756 1681 922 1736 αὐτοῦ
952 1681 1213 1756 ἔπεμπεν,
1248 1685 1384 1739 ὅπου
1427 1683 1490 1754 δὴ
1541 1686 1628 1738 καὶ
1682 1685 1842 1745 αὐτὸς
1886 1683 1935 1738 ἐ)

280 1769 507 1843 ὕστερον
544 1770 880 1845 ἀπέρχεσθαι
905 1771 1126 1846 ἔμελλε.
1158 1773 1391 1836 Τούτους
1439 1773 1504 1842 δὴ
1556 1773 1682 1838 τοὺς
1725 1772 1934 1829 δώδεκά

2050 624 2203 672 terea
2233 615 2556 670 habuerant
2612 613 2926 686 reliquum,
2979 613 3344 684 ahjicientes,
3376 630 3438 670 se
3463 614 3527 683 [ei
3560 630 3698 669 con-

2050 706 2322 776 iungunt.
2356 704 2575 759 Deinde
2603 703 2854 759 Jacobus
2893 709 2947 758 et
2974 704 3226 758 Joannes
3269 703 3540 759 Zebedaso
3571 719 3702 774 pro-

2049 795 2247 866 geniti,
2289 810 2434 864 quos
2483 793 2658 848 etiam
2710 793 2861 847 filios
2917 792 3171 847 tonitrus
3212 790 3696 863 cognominavit;

2050 884 2252 938 itidem
2277 889 2342 938 ut
2371 881 2456 937 illi
2496 882 2792 950 facientes,
2827 889 3162 953 patremque
3192 886 3251 936 et
3283 881 3583 952 navigium
3609 896 3698 936 re-

2049 971 2402 1044 linquentes,
2460 988 2595 1028 eum
2661 975 3008 1042 sequuntur.
3056 970 3357 1042 Philippus
3397 986 3626 1041 quoque
3666 987 3697 1022 a

2050 1061 2384 1131 Bethzaida,
2440 1061 2690 1118 vicinam
2724 1061 2977 1116 Andreae
3009 1067 3062 1115 et
3092 1064 3258 1116 Petro
3306 1060 3546 1114 domum
3591 1059 3697 1113 ha-

2051 1152 2216 1218 bens,
2249 1151 2454 1206 hosces
2503 1157 2870 1216 consecutus,
2912 1149 3234 1218 discipulus
3265 1164 3392 1205 esse
3423 1148 3694 1218 jubetur.

2049 1243 2335 1313 Deinceps
2366 1241 2601 1306 Ternas,
2644 1239 2744 1310 qui
2792 1243 2851 1295 et
2883 1239 3159 1311 Didymus
3206 1240 3397 1294 dictus
3427 1243 3536 1306 est,
3564 1254 3696 1308 sep-

2048 1332 2346 1401 timusque
2401 1328 2862 1384 Bartholomaeus
2893 1343 3027 1382 eum
3087 1328 3493 1383 comitantur:
3560 1325 3694 1381 item

2048 1421 2374 1488 Mattheus,
2425 1435 2493 1474 ex
2539 1416 2913 1490 publicanis:
2971 1420 3028 1472 et
3083 1417 3279 1471 Simon
3331 1415 3695 1472 Chananeus

2048 1509 2148 1565 His
2195 1508 2415 1565 accedit
2458 1506 2678 1578 Alphaei
2728 1506 2884 1560 ﬁlius
2949 1505 3198 1561 Iacobus
3245 1506 3344 1576 (1),
3393 1509 3449 1559 et
3513 1504 3696 1560 Judas

2043 1597 2242 1655 Jacobi
2273 1613 2614 1670 germanus,
2639 1595 2739 1667 qui
2773 1595 2948 1650 frater
2981 1594 3208 1650 Domini
3246 1594 3696 1664 cognominatus

2045 1694 2134 1747 est
2167 1707 2182 1746 :
2214 1695 2450 1759 uterque
2495 1695 2687 1744 autem
2735 1687 2956 1758 sponsi,
3030 1685 3264 1757 Josephi
3313 1685 3552 1752 scilicet,
3585 1685 3695 1740 filii

2045 1780 2221 1836 fuere.
2281 1778 2532 1835 Ultimus
2579 1793 2746 1848 porro
2805 1780 2861 1832 et
2923 1776 3305 1832 duodecimus
3343 1775 3528 1830 Judas
3561 1773 3694 1842 fuit,

277 1879 332 1913 τε
389 1860 485 1913 καὶ
550 1861 596 1913 0'
657 1861 684 1914 6
745 1860 938 1934 Κύριος
992 1864 1565 1937 προσεταιρισάμενος,
1613 1864 1700 1919 καὶ
1759 1866 1929 1934 ἐαυτῷ

2047 1869 2142 1942 qui
2175 1873 2232 1924 et
2293 1869 2598 1923 Iscariotes
2645 1866 2835 1922 dictus
2893 1870 2996 1921 est.
3055 1865 3300 1936 Insuper
3355 1880 3484 1919 vero
3543 1863 3693 1918 alios

280 1951 590 2020 προσήκειν
640 1950 758 2003 κατ’
790 1948 1047 2025 ἐκλογήν,
1088 1952 1380 2027 ὑπηρέταις
1429 1959 1640 2014 πιστοῖς
1702 1954 1929 2028 ἐχρῆτο,

281 2039 368 2092 καὶ
413 2045 706 2115 συνεργοῖς
749 2046 846 2094 τοῦ
894 2041 1263 2117 Εύαγγελίου·
1311 2042 1578 2096 ἐκοινώνει
1628 2064 1685 2097 τε
1713 2042 1928 2103 τούτοις

283 2129 462 2202 ἠρέμα
507 2133 621 2183 τῶν
669 2129 994 2204 ἆπορῥήτων
1042 2131 1130 2184 καί
1177 2133 1445 2206 θεουργῶν
1491 2131 1746 2201 τελετῶν,
1787 2152 1931 2203 προ-

285 2212 526 2287 ὅιεάζων
581 2219 660 2281 εἷς
704 2217 1057 2288 τελειότητα·
1106 2222 1195 2274 καί
1242 2242 1304 2294 γε
1350 2221 1567 2282 τούτοις
1599 2222 1672 2276 ὡς
1706 2222 1928 2283 οἰκείοις

285 2309 437 2361 παισί
469 2308 790 2382 χρώμενος,
825 2307 967 2362 οὕτω
1000 2307 1143 2383 διῄει
1173 2316 1346 2365 πᾶσαν
1397 2310 1558 2365 πόλιν
1600 2313 1688 2366 καὶ
1720 2313 1927 2385 χώραν.

287 2397 384 2451 Καὶ
415 2402 634 2471 πρῶτον
671 2397 768 2470 μὲν
798 2398 861 2452 τὸ
901 2396 1095 2452 δοκοῦν
1143 2399 1341 2454 οἱκείον
1388 2394 1539 2461 ἔθνος
1583 2400 1675 2455 τὸν
1709 2397 1927 2472 Ἰσραὴλ

292 2487 622 2560 περιήρχετο
645 2505 657 2516 ·
691 2487 782 2540 καὶ
813 2488 915 2561 γὰρ
948 2485 1119 2565 ἐχρῆν
1151 2489 1240 2542 τὸν
1275 2487 1332 2542 εῦ
1383 2489 1634 2562 πράττειν
1682 2487 1927 2562 ἀρχόμε-

295 2595 381 2626 νον
432 2582 545 2634 τοῖς
598 2576 822 2636 οἰκείοις
873 2581 1060 2646 πρῶτα
1108 2599 1201 2639 τας
1233 2575 1504 2652 κρηπῖδας
1535 2579 1730 2633 τούτου
1757 2599 1929 2632 κατα-

301 2656 590 2716 ϐαλέσθαι·
651 2666 743 2718 εἶθ’
790 2663 931 2718 οὕτω
989 2667 1075 2720 καῖ
1119 2665 1244 2728 τοὺς
1296 2666 1574 2741 πόρῥωθεν
1623 2666 1929 2743 ἐπιφθάνειν

304 2750 402 2816 τὴν
434 2751 586 2824 χάριν
619 2753 1022 2826 ῦπερχεομένην
1056 2755 1145 2809 καὶ
1189 2751 1606 2824 ἐπιϐλύζουσαν.

2045 1973 2275 2030 quoque
2307 1957 2505 2028 allegit
2561 1955 2958 2028 septuaginta,
2991 1972 3138 2027 quos
3169 1958 3226 2010 et
3254 1955 3413 2026 ipsos
3442 1955 3500 2008 in
3543 1955 3689 2009 civi-

2041 2051 2215 2101 tatem
2248 2049 2305 2101 et
2345 2045 2639 2117 regionem
2663 2061 2895 2100 omnem
2913 2044 3081 2100 binos
3113 2049 3246 2100 ante
3276 2043 3477 2099 faciem
3493 2060 3688 2108 suam,

2037 2137 2133 2195 93
2177 2153 2294 2208 quo
2351 2140 2555 2206 postea
2597 2135 2719 2206 ipse
2754 2135 2944 2190 iturus
2978 2135 3184 2203 fuerat,
3209 2133 3474 2189 dimittit.
3515 2134 3685 2189 Hisce

2038 2222 2345 2278 duodecim
2387 2225 2444 2276 et
2510 2221 2888 2292 septuaginta
2916 2220 3203 2275 Dominus
3251 2219 3310 2275 in
3354 2219 3689 2275 societatem

2039 2311 2344 2366 arctiorem
2396 2309 2595 2364 accitis
2645 2313 2819 2380 atque
2861 2308 3120 2373 delectis,
3171 2307 3442 2363 fidelibus
3484 2307 3689 2362 uteba-

2038 2405 2137 2456 tur
2184 2399 2489 2466 ministris,
2550 2397 2959 2470 Evangeliique
2989 2397 3334 2466 cooperariis
3375 2413 3390 2450 :
3443 2396 3696 2452 sensim-

2039 2506 2154 2561 que
2210 2507 2343 2545 cum
2404 2489 2488 2544 eis
2551 2505 2785 2556 arcana,
2829 2487 3146 2543 ineffabilia
3176 2485 3496 2557 deificaque
3528 2502 3698 2556 pror-

2039 2594 2138 2634 sus
2169 2579 2646 2634 communicabat
2689 2593 2873 2644 sacra,
2933 2577 3120 2648 magis
3165 2575 3468 2645 magisque
3497 2590 3592 2629 eos
3623 2575 3692 2628 ad

2037 2669 2450 2738 perfectionem
2511 2667 2860 2737 producens,
2950 2681 3016 2722 ac
3104 2681 3219 2719 non
3297 2663 3465 2718 aliter
3517 2667 3691 2733 atque

2040 2757 2288 2829 propriis
2320 2756 2455 2811 filiis
2497 2757 2582 2812 eis
2627 2761 2818 2822 utens,
2879 2771 3108 2810 omnem
3169 2753 3460 2809 civitatem
3507 2757 3686 2826 atque

316 2839 595 2908 regionem
629 2843 1083 2913 perambulabat.
1135 2845 1203 2899 Et
1233 2847 1486 2916 primum
1541 2845 1767 2914 quidem
1791 2845 1861 2901 ad
1895 2860 2019 2900 eam
2079 2861 2206 2916 qua
2260 2844 2563 2916 peculiaris
2646 2843 2698 2898 ei
2741 2859 2866 2898 esse
2920 2842 3246 2908 videbatur,
3295 2841 3524 2896 Israelis
3591 2856 3688 2894 ac-

311 2929 477 2983 cessit
527 2936 769 3000 gentem.
830 2933 1074 3002 Aiquum
1135 2934 1350 3005 quippe
1409 2941 1552 3004 erat,
1586 2936 1731 2990 bene
1809 2939 1983 3004 atque
2008 2933 2256 3004 benigne
2288 2934 2477 2989 facere
2534 2932 2932 3004 incipientem,
3008 2931 3263 3004 primum
3322 2931 3476 3002 apud
3517 2930 3684 2984 fami-

301 3014 464 3072 liares
518 3036 652 3075 suos
710 3022 1088 3092 benignitatis
1163 3023 1359 3092 jacere
1412 3025 1809 3084 fundamenta,
1872 3039 1936 3078 ac
1993 3023 2077 3079 sic
2135 3023 2407 3095 deinceps
2463 3039 2561 3078 eos
2620 3038 2848 3093 quoque
2905 3022 3004 3092 qui
3074 3021 3410 3077 remotiores
3475 3024 3687 3088 essent,

297 3104 353 3161 in
385 3108 785 3166 exuberantem
817 3128 881 3167 ac
910 3112 1337 3168 redundantem
1367 3114 1617 3183 recipere
1640 3113 1914 3185 gratiam.

891 3242 1147 3294 ΚΕΦΑΛ.
1193 3240 1309 3296 ΚΒ’.

289 3339 384 3400 Τίς
426 3341 452 3394 ὁ
495 3345 745 3416 σκοπᾷς
796 3349 913 3410 τῆς
972 3344 1424 3416 εὐαγγελικῆς
1479 3341 1923 3416 διδασκαλίας

350 3416 470 3465 τῶν
513 3413 841 3489 ἐντολών·
879 3416 982 3467 καὶ
1023 3411 1192 3489 τίςῆ
1223 3420 1346 3489 τῶν
1390 3411 1794 3489 παραϐολῷν
1829 3415 1926 3470 δύ-

353 3504 572 3559 ναμις·
612 3486 713 3559 ὅτι
754 3482 1190 3559 δ-ιαᾲπραξεως
1220 3487 1334 3542 καί
1369 3482 1654 3558 θεωρίας
1687 3488 1780 3550 εἰς
1807 3489 1922 3559 τήν

351 3557 528 3633 θείαν
559 3558 667 3633 καὶ
702 3555 972 3633 τελείαν
1013 3555 1268 3633 ἀγάπην
1307 3555 1926 3633 ἀγόγμέθαθεοειδε-

349 3631 403 3686 ῖς
444 3629 811 3702 γινόμενοι
864 3630 970 3682 καὶ
1021 3629 1572 3706 σὺγκληρονόμοι
1613 3632 1921 3703 Χριστοῦ.

345 3734 540 3809 Λόγοις
590 3739 884 3810 τοιγαροῦν
927 3737 1015 3790 καὶ
1061 3732 1242 3814 ἔργοις
1290 3735 1372 3815 ἐφ’
1418 3739 1579 3790 ἅπασι
1620 3744 1720 3806 τῆς
1769 3735 1923 3809 εὔερ-

281 3821 448 3891 γεσίας
495 3826 900 3898 θεωρουμένης,
954 3825 1144 3901 λόγοις
1214 3827 1308 3898 μὲν
1359 3825 1547 3901 σοφίας
1595 3824 1924 3899 ὑπερτελοῦς

2645 3239 2879 3297 CAPUT
2911 3239 3080 3295 XXII.

2039 3347 2169 3413 Quis
2197 3347 2325 3415 ﬁnis
2355 3349 2421 3400 sit
2455 3353 2856 3417 praceptorum
2887 3347 3216 3413 evangelica:
3255 3346 3540 3411 doctrinae,
3563 3359 3690 3415 qua:

2105 3419 2498 3486 parabotarum
2553 3420 2656 3486 vis,
2687 3417 2828 3489 quod
2865 3417 3073 3473 scilicet
3109 3434 3214 3485 per
3251 3433 3414 3487 opera
3439 3488 3442 3489 ν
3469 3427 3520 3471 et
3550 3433 3683 3471 con-

2107 3490 2515 3558 templationem
2567 3489 2638 3545 ad
2693 3488 2941 3544 divinam
2979 3495 3031 3544 et
3076 3494 3376 3560 per/cctam
3413 3488 3683 3560 ducamur

2104 3561 2449 3684 cthnritatem,
2493 3561 2600 3616 Deo
2631 3562 2841 3616 similes
2881 3563 3037 3632 facti,
3077 3558 3132 3615 ct
3186 3558 3488 3616 cohaercdes
3531 3559 3684 3613 Chri-

2105 3647 2130 3684 s
2155 3648 2195 3684 ι.

2105 3647 2195 3685 εει.

2104 3736 2497 3794 Benefioentia
2528 3754 2695 3809 porro
2726 3739 2854 3809 ejus
2895 3739 2953 3793 in
3003 3737 3377 3794 sermonibus
3423 3740 3479 3792 et
3517 3736 3683 3791 factis

2030 3827 2304 3883 omnibus
2357 3829 2584 3901 egregie
2633 3833 2722 3883 est
2777 3834 3056 3900 spectata.
3105 3829 3406 3900 Siquidem
3455 3826 3683 3895 sapien-

282 3906 629 3986 ὁὺπὲρσοιρες
670 3913 847 3988 Λόγος
907 3917 1001 3967 τοῦ
1060 3919 1193 3968 Θεοῦ
1251 3913 1340 3968 καὶ
1402 3917 1663 3974 συνέσεως
1713 3914 1918 3988 ὑγιοῦς,

281 3999 362 4051 καὶ
419 4002 615 4075 νόμοις
678 3999 966 4081 ὑπερφυὲσι
1041 4008 1138 4057 τοῦ
1213 4003 1525 4076 Ιινεύματος
1595 4010 1696 4072 τῆς
1751 4006 1918 4072 ζωῆς,

277 4086 394 4148 τοὺς
480 4092 860 4164 μαθητιῶντας
938 4087 1175 4166 ἀκριϐῶς
1251 4091 1427 4161 ἤσκει,
1485 4093 1620 4167 πρὸς
1694 4093 1918 4166 θεωρίαν

279 4180 402 4230 Θεοῦ
429 4177 636 4255 ἐνάγων
668 4181 756 4235 καὶ
787 4182 1110 4252 κατανόησιν
1133 4201 1145 4214 ·
1192 4175 1270 4236 ἔτι
1303 4179 1360 4235 δὲ
1406 4181 1496 4235 καὶ
1547 4181 1682 4256 πρὸς
1725 4184 1916 4254 πρᾶξιν

279 4263 510 4339 θεοριὸἤ,
565 4269 656 4323 καὶ
705 4270 842 4344 πρὸς
893 4271 1127 4343 μίμησιν
1175 4269 1337 4339 θείαν,
1383 4272 1498 4326 κατ’
1547 4269 1738 4344 ὀλίγον
1800 4270 1915 4324 ἐπι-

279 4345 492 4410 ϐάλλων
542 4357 762 4421 τούτοις
811 4359 877 4413 τὰ
925 4366 1026 4429 τῆς
1074 4362 1270 4434 ἀρετῆς
1309 4359 1618 4435 χρώματα·
1652 4353 1828 4435 ἔργοις
1860 4359 1916 4415 δὲ

2027 3915 2318 3972 tissimum
2348 3918 2602 3973 Verbum
2627 3917 2726 3973 Dei
2757 3917 3125 3973 sermonibus
3162 3917 3421 3989 perfectae
3453 3919 3678 3989 sapien-

2028 4006 2121 4061 tiae
2153 4010 2208 4062 et
2237 4024 2392 4063 sane
2448 4007 2856 4076 intelligentia,
2911 4024 3132 4063 necnon
3192 4014 3457 4064 naturam
3498 4024 3674 4080 supe-

2027 4097 2292 4153 rantibus
2336 4097 2591 4166 Spiritus
2619 4098 2744 4152 vitae
2774 4098 2997 4168 legibus
3029 4098 3343 4169 discipulos
3388 4116 3524 4154 suos
3557 4116 3676 4154 cer-

2025 4189 2082 4240 to
2114 4189 2168 4241 et
2216 4191 2482 4242 accurate
2538 4188 2858 4253 exercebat,
2892 4191 2956 4241 ut
2992 4203 3090 4242 eos
3122 4187 3191 4240 ad
3237 4189 3678 4260 contemplatio-

2026 4289 2156 4329 nem
2180 4282 2233 4328 et
2265 4274 2650 4346 cognitionem
2687 4274 2806 4342 Dei,
2851 4278 3122 4346 praeterea
3171 4276 3241 4329 ad
3273 4276 3526 4332 actiones
3559 4277 3674 4333 Deo

2025 4361 2286 4434 placitas,
2330 4363 2837 4435 imitationemque
2869 4363 3123 4418 divinam
3177 4365 3509 4433 adduceret,
3537 4383 3674 4434 pau-

277 4444 503 4514 τεράτων
581 4448 673 4502 καὶ
747 4447 988 4521 σημείων
1071 4447 1316 4521 ἐξαισίων
1365 4449 1427 4503 τὸ
1494 4455 1592 4518 τῆς
1653 4448 1914 4527 θεοσόφου

2050 4451 2188 4506 atim
2223 4454 2303 4507 eis
2351 4452 2582 4507 virtutis
2615 4452 2836 4507 colores
2891 4454 3285 4508 adumbrans:
3348 4454 3514 4510 factis
3543 4472 3676 4510 vero

274 4531 513 4616 γνώσεως
586 4534 719 4610 ὕψος
793 4537 1174 4609 πιστούμενος,
1225 4537 1300 4598 εἷς
1379 4538 1757 4612 συγκατάθεσιν
1823 4540 1910 4592 καὶ

2047 4540 2416 4612 irodigiorum
2450 4547 2507 4596 et
2543 4541 2956 4597 miraculorum
2983 4542 3405 4598 immensarum
3450 4545 3670 4615 magni-

277 4612 446 4676 πίστιν
499 4625 605 4700 ἦγε
657 4632 758 4695 τῆς
827 4622 1268 4701 πρεσϐευομένης
1337 4625 1631 4698 ἀληθείας·
1677 4627 1768 4681 καὶ
1827 4625 1917 4682 δια

2052 4629 2288 4684 udinem
2337 4630 2683 4700 cognitionis
2723 4630 2930 4684 divinae
2971 4631 3344 4699 confirmans,
3379 4637 3443 4685 ut
3486 4634 3671 4685 crede-

275 4707 514 4784 πίστεως,
547 4717 617 4788 τῇ
647 4722 746 4785 τῆς
790 4713 1136 4787 τελειότητος
1187 4713 1371 4771 ἐλπίδι
1421 4712 1775 4790 συμϐιϐἀζων
1825 4719 1914 4771 καί

2047 4723 2174 4786 'ent,
2230 4717 2456 4789 fideque
2507 4724 2665 4774 certa
2695 4719 3112 4775 assentirentur
3169 4738 3201 4775 a
3242 4736 3305 4774 se
3346 4721 3669 4792 praedicatis

275 4808 578 4875 συγηρατῶν
634 4800 704 4858 δι’
762 4803 990 4880 ἀμφοῖν,
1041 4809 1109 4880 τῇ
1168 4804 1438 4882 κορυφαίᾳ
1488 4807 1578 4860 καὶ
1638 4806 1909 4880 ἀκροτάτῃ

2047 4808 2269 4872 'eritati,
2303 4809 2704 4880 persuadebat.
2756 4811 2942 4880 Atque
2999 4826 3100 4879 per
3159 4810 3331 4864 fidem
3390 4815 3448 4864 et
3505 4825 3665 4880 spem

275 4898 569 4967 προσανῆγε
596 4898 706 4947 τῶν
736 4893 942 4969 ἀρετῶν
965 4914 978 4928 ο
1011 4897 1079 4968 τῇ
1124 4895 1309 4971 ἀγάπῃ
1354 4893 1568 4966 δηλαδή
1616 4898 1713 4950 τοῦ
1755 4898 1907 4951 Θεοῦ.

2047 4897 2388 4952 ιθτῑοοῑὶοιιὶε
2456 4904 2796 4970 conceptam
2883 4915 2982 4953 eos
3042 4900 3385 4968 producens,
3447 4916 3510 4953 ac
3570 4916 3671 4970 per

277 4976 370 5029 Καὶ
425 4982 601 5037 τοίνυν
662 4981 806 5038 οὕτω
871 4986 1000 5046 τοὺς
1074 4985 1308 5049 οἰκείους
1384 4987 1650 5060 ἀκροατὰς
1705 5005 1762 5040 τε
1819 4983 1909 5038 καὶ

2047 4991 2329 5058 Itramque
2376 5003 2728 5044 conservans
2785 4993 2961 5060 atque
2993 4993 3325 5059 protegens,
3371 4989 3440 5042 ad
3476 4989 3672 5060 praeci-

277 5063 450 5131 θεατὰς
506 5070 882 5143 ἐκπαιδεύσας,
940 5072 1116 5150 ἔργοις
1172 5096 1230 5129 τε
1282 5076 1372 5130 καὶ
1440 5073 1650 5151 λόγοίς,
1712 5073 1784 5136 ὥς
1848 5094 1908 5149 γε

2047 5090 2196 5129 tuam
2229 5079 2283 5129 et
2311 5091 2604 5131 summam
2655 5076 2945 5140 virtutem,
3005 5092 3260 5131 amorem
3295 5076 3512 5131 scilicet
3543 5075 3666 5143 Dei,

275 5151 336 5217 ἦν
389 5155 547 5230 εῗκὸς,
597 5157 686 5216 διὰ
741 5162 975 5225 πίστεως
1046 5165 1540 5240 καταρτισάμενος·
1599 5163 1688 5218 καὶ
1744 5162 1904 5217 παντὶ

2047 5166 2381 5221 ιιιονεῑιοδιιῐ.
2418 5167 2722 5222 Enimvero
2753 5169 2820 5222 ad
2854 5183 2986 5222 eum
3021 5168 3259 5222 modum
3284 5167 3661 5224 familiaribus

272 5243 345 5342 ⁸ξῷ
389 5245 579 5323 κόσμῳ
620 5251 816 5316 αὐτοὺς
859 5253 1182 5328 παρασχὼν,
1224 5259 1395 5308 πᾶσαν
1457 5254 1665 5309 εὐθεῖαν
1715 5252 1900 5326 ψυχὴν

2049 5255 2374 5311 uditoribus
2445 5257 2990 5327 spectatoribusque
3040 5257 3162 5311 suis
3211 5257 3418 5326 edotis,
3475 5259 3665 5313 factis-

275 5330 358 5383 διὰ
403 5342 496 5405 τῆς
542 5338 716 5394 αὐτῶν
769 5338 1120 5405 διδασκαλίας
1170 5341 1474 5398 ἐκπαιδεύει
1535 5344 1622 5398 καὶ
1672 5362 1897 5417 προσοι-

2047 5361 2124 5416 jue
2153 5349 2209 5399 et
2239 5345 2520 5400 doctrinis
2573 5362 2673 5417 per
2704 5346 2899 5413 fidem,
2953 5351 3016 5400 ut
3047 5363 3148 5416 par
3178 5352 3318 5412 erat,
3350 5348 3660 5404 confirma-

274 5426 405 5475 κειοῖ
457 5426 650 5502 ἓαυσῷ,
682 5431 772 5484 καὶ
819 5431 896 5494 ὠς
949 5427 1065 5486 ἐνόν
1120 5451 1202 5508 γε,
1235 5434 1348 5488 θεοῖ
1404 5433 1493 5488 καὶ
1541 5437 1642 5498 τῆς
1685 5430 1899 5488 δικαιο-

2047 5434 2090 5489 is
2141 5434 2664 5504 corroboratisque,
2727 5434 2784 5489 in
2817 5435 3016 5489 orbem
3047 5451 3142 5490 eos
3172 5436 3505 5493 universum
3539 5440 3665 5495 mit-

345 5622 420 5698 (1)
444 5629 696 5709 Jacobus
725 5634 838 5692 iste
869 5633 1025 5709 aiter
1075 5637 1163 5690 est
1219 5651 1252 5691 a
1282 5635 1526 5709 _Jacobo
1555 5633 1800 5708 Alphei,
1852 5633 2074 5706 primus
2135 5633 2206 5690 ab
2267 5634 2547 5705 apostolis
2598 5634 3129 5708 Hierosolymorum
3181 5636 3489 5709 episcopus
3519 5653 3672 5693 crea-

277 5696 384 5768 tus,
401 5696 576 5776 cujus
607 5711 800 5766 exstat
825 5705 1069 5781 epistola
1087 5706 1388 5767 canonica;
1461 5712 1464 5715 ’
