4096 6284
360 231 478 294 699

1656 229 2072 293 NICEPHORI
2116 231 2468 294 CALLISTI

3637 228 3762 292 700

360 368 451 434 tit,
475 367 848 439 animamque
896 369 1113 422 rectam
1145 380 1378 421 omnem
1423 380 1524 435 per
1562 363 1880 420 doctrinam
1913 381 2002 421 eo-
2031 425 2034 433 γ

2144 363 2282 435 ’ύνης
2341 364 2607 433 καταξιοῖ.
2639 363 2744 431 Τὴν
2801 363 2894 436 μὲν
2946 361 3039 416 οῦν
3100 358 3297 438 ἀκριϐῆ
3342 362 3432 417 καὶ
3480 364 3616 436 πρὸς
3666 361 3764 417 λε-

366 474 497 512 rum
542 458 750 518 erudit,
809 455 923 512 sibi
978 455 1091 528 ipsi
1152 454 1512 510 familiariter
1577 453 1865 526 adjungit,
1925 461 2001 522 et,

365 549 558 621 quoad
590 548 719 618 ejus
751 547 872 601 ﬁeri
907 551 1116 618 potest,
1151 545 1400 608 deificat.
1438 545 1778 616 iustitiaque
1807 546 2004 616 digna-

361 641 479 693 tur.
510 636 950 691 Accurationem
983 651 1122 691 sane
1176 635 1632 704 exactioremque
1663 634 2004 706 evangelicae

364 735 634 790 doctrinae
666 733 773 788 9-!
808 733 1150 797 orationem,
1199 737 1255 787 et
1286 731 1662 802 magnificam
1692 731 2007 788 miraculo—

364 839 496 878 rum
549 823 784 890 Christi,
843 826 899 878 et
969 821 1265 893 sigillatim
1325 838 1570 894 quisque
1625 827 2004 892 exponentem

367 912 1000 979 commemorationem,
1061 911 1362 983 quaternio
1429 911 1845 981 discipulorum
1912 927 2007 968 eo-

367 1002 751 1072 rumdemque
807 999 1294 1072 evangelistarum
1353 1000 1559 1054 Christi
1609 1005 2006 1073 repraesentat,

364 1089 612 1160 Equum
640 1106 775 1146 vero
821 1089 965 1144 mihi
1012 1090 1262 1160 videtur,
1323 1089 1447 1145 haec
1494 1090 1687 1145 denuo
1718 1091 2008 1162 persequi,

369 1193 424 1243 et
454 1205 567 1244 non
615 1187 718 1244 illa
761 1189 1020 1259 quidem,
1062 1189 1234 1260 quasi
1263 1187 1568 1260 praesentis
1607 1188 1725 1243 sint
1759 1187 2013 1244 instituti

372 1282 473 1334 aut
503 1279 803 1350 propositi,
854 1287 917 1333 ut
984 1279 1195 1345 fusius,
1247 1278 1344 1333 sed
1393 1281 1735 1334 summatim
1782 1284 2012 1334 tantum

371 1368 856 1437 perstringentur,
901 1384 1153 1438 peropus
1183 1385 1311 1424 esse
1341 1369 1488 1423 duco
1531 1384 1544 1422 :
1593 1367 1790 1423 itidem
1840 1373 1906 1422 ut
1954 1368 2012 1423 in

373 1461 498 1512 arte
526 1461 583 1512 et
640 1457 951 1525 disciplina
981 1457 1141 1513 omni
1198 1473 1432 1513 necesse
1466 1462 1574 1523 est,
1607 1457 1784 1513 finem
1817 1463 1872 1512 et
1902 1457 2013 1512 uti-

374 1545 595 1600 litatem
626 1546 753 1616 ejus
798 1562 1166 1617 cognoscere,
1217 1546 1506 1617 siquidem
1548 1563 1662 1601 non
1712 1546 1895 1602 otiose
1962 1551 2017 1601 et

375 1633 543 1704 quasi
575 1631 733 1688 aliud
757 1649 933 1704 agens
965 1633 1256 1704 quispiam
1291 1634 1565 1688 doctrinae
1586 1638 1644 1689 et
1681 1633 2018 1690 incumbere

374 1721 530 1776 velit.
575 1721 758 1777 Sicuti
786 1723 966 1794 igitur
995 1723 1056 1778 in
1088 1723 1239 1790 aliis,
1274 1723 1354 1778 ita
1394 1723 1452 1777 in
1485 1723 1594 1779 hoc
1633 1739 1868 1795 quoque
1894 1729 2017 1779 stu-

375 1818 493 1888 dio,
525 1834 623 1874 eos
681 1819 779 1890 qui
835 1835 903 1874 ex
959 1822 1292 1893 praescripto
1352 1821 1646 1892 Evangelii
1705 1823 1876 1878 vitam
1911 1822 2026 1878 sibi

383 1905 666 1978 agendam
722 1909 1166 1977 constituerunt,
1221 1910 1398 1965 ﬁnem
1429 1911 1558 1980 ejus
1597 1909 1658 1965 in
1689 1910 1915 1981 primis,
1947 1910 2024 1965 vi-

383 1994 590 2052 delicet
620 2012 879 2068 quasnam
931 1998 1148 2053 utilitas
1192 2015 1292 2054 eos
1336 1999 1428 2069 qui
1480 2014 1582 2069 per
1621 1999 1679 2054 id
1713 2001 1784 2055 ad
1817 2001 2026 2071 perfec-

387 2087 606 2141 tionem
638 2087 1110 2159 consequendam
1151 2091 1431 2159 aspirant,
1468 2093 1885 2160 consequatur,
1929 2089 2032 2146 sci.

386 2197 448 2237 re
500 2182 784 2238 convenit.
813 2184 1008 2255 Itaque
1059 2184 1551 2255 quemadmodum
1598 2184 1820 2240 doctori
1869 2183 2031 2239 omni

381 2269 477 2325 ille
508 2270 644 2327 ﬂuis
675 2273 1007 2344 propositus
1041 2277 1147 2339 est,
1182 2277 1245 2328 ut
1277 2272 1652 2344 discipulum,
1687 2273 1875 2344 quoad
1905 2275 2033 2343 ejus

384 2369 506 2426 fieri
539 2375 750 2442 potest,
783 2371 1104 2443 disciplinae
1125 2372 1655 2428 communicatione
1687 2371 1800 2427 sibi
1829 2371 2034 2426 reddat

382 2459 740 2530 persimilem
775 2476 788 2516 :
844 2461 1044 2517 itidem
1093 2461 1426 2533 praeceptori
1458 2461 1680 2516 Christo
1737 2461 1896 2528 Jesu,
1932 2461 2029 2532 qui

385 2563 582 2604 revera
611 2565 842 2605 summe
881 2549 1072 2606 bonus
1103 2556 1208 2617 est,
1249 2551 1632 2606 constitutum
1674 2549 1892 2606 scilicet
1924 2553 2031 2617 est,

387 2641 671 2710 quantum
731 2639 989 2696 humana
1018 2639 1300 2711 permittit
1343 2639 1596 2696 conditio
1644 2644 1701 2695 et
1730 2639 2035 2710 fragilitas,

390 2754 868 2810 unumquemque
901 2756 1003 2810 per
1057 2739 1435 2812 Evangelium
1468 2741 1536 2795 ad
1569 2756 1630 2794 se
1662 2741 2033 2796 accedentem

389 2820 510 2882 sibi
546 2829 658 2900 ipsi
702 2830 1084 2897 contormare,
1136 2837 1308 2902 atque
1343 2831 1423 2885 ita
1453 2831 1845 2886 conformatos
1883 2828 2034 2884 ﬁlios

384 2933 490 2972 suo
521 2917 795 2972 exhibere
836 2917 1007 2988 Patri,
1041 2923 1098 2974 et
1131 2918 1386 2975 haeredes
1418 2919 1652 2990 quidem
1693 2918 1816 2986 Dei,
1846 2918 2033 2974 cohae-

388 3006 554 3061 redes
608 3021 741 3060 vero
771 3023 871 3077 per
917 3024 1045 3062 eam
1096 3008 1468 3080 adoptionem
1501 3025 1624 3079 quae
1666 3008 1850 3077 gratia
1879 3008 2030 3064 obti-

389 3094 494 3167 git,
541 3094 731 3200 ipsius
771 3096 1158 3200 u’pigenitiet
1221 3098 1592 3200 primogeniti
1640 3098 1776 3155 Jesu
1821 3097 2030 3200 Christi
2065 3108 2106 3173 ρ
2147 3094 2514 3200 σμοῖςξποσο

392 3183 764 3240 constituere.
798 3185 1160 3257 Quapropter
1204 3187 1272 3242 ad
1323 3186 1477 3242 hunc
1516 3196 1635 3242 tam
1673 3203 1953 3258 magnum
1981 3191 2038 3242 et

394 3272 707 3328 mirificum
763 3273 1057 3344 Evangelii
1095 3275 1292 3345 finem,
1349 3279 1408 3335 et
1455 3280 1570 3330 tam
1602 3276 1818 3348 insigni
1849 3277 2037 3346 adop-

391 3362 566 3417 tionis
603 3363 878 3418 honorem
911 3367 1261 3435 spectantes,
1300 3366 1762 3438 unumquodque
1795 3365 2039 3421 seorsim

392 3457 742 3526 praeceptum
774 3454 903 3525 ejus
950 3455 1022 3510 ad
1071 3455 1328 3511 animum
1362 3457 1669 3523 adducere,
1703 3461 1760 3512 et
1786 3457 2040 3528 penitius

391 3556 718 3628 perspicere
749 3556 1053 3612 debemus.
1103 3561 1320 3614 Horum
1377 3559 1667 3630 siquidem
1720 3557 1917 3630 aliqua
1952 3575 2040 3613 ra-

394 3644 666 3702 tionalem
699 3645 907 3701 anima
939 3652 1162 3717 partem
1189 3649 1856 3722 repurgnant,longeque
1887 3649 2048 3720 igno-

394 3733 639 3789 rantiam
690 3735 1104 3807 inscitiamque
1151 3755 1382 3793 omnem
1424 3738 1732 3809 exigentis,
1766 3737 2045 3810 quidquid

397 3831 484 3878 est
532 3823 594 3880 in
664 3825 908 3882 rationis
983 3832 1192 3882 nostrae
1250 3829 1702 3898 cogitationibus
1753 3828 2048 3894 vanitatis,

401 3912 686 3981 abiiciunt
743 3919 915 3984 atque
947 3917 1254 3987 repellunt,
1285 3923 1343 3972 et
1386 3935 1484 3987 pro
1515 3918 1598 3972 eis
1655 3917 2049 3988 cognitionem

402 3999 503 4054 Dei
589 4004 884 4056 amantem
947 4004 1172 4073 Deoque
1255 4013 1502 4075 gratam,
1565 4004 2048 4076 prudentiamque

401 4114 533 4154 cum
585 4099 808 4155 ratione
840 4107 997 4157 recta
1043 4102 1349 4158 inducunt.
1411 4104 1688 4168 Quaedam
1738 4119 1870 4158 vero
1915 4105 2053 4160 ferO'

399 4187 588 4243 ciores
622 4189 799 4244 animi
860 4191 1100 4247 affectus
1133 4192 1409 4247 ordinant
1439 4201 1611 4264 atque
1641 4193 2044 4261 constituunt;

402 4277 817 4346 incompositos
837 4281 1442 4349 enim,inobedicntes
1492 4288 1548 4337 et
1580 4281 1843 4348 rebelles,
1892 4283 2055 4354 quasi

406 4367 621 4422 catenis
667 4368 1095 4442 constringunt,
1155 4371 1418 4444 iramque
1483 4377 1540 4428 et
1585 4372 2054 4428 vociferationem

2110 454 2245 508 πτὸν
2294 460 2392 522 τῆς
2443 451 2802 528 εὐαγγελικῆς
2852 457 3039 530 φωνῆς
3099 450 3378 524 ἐξήγησιν,
3407 451 3499 506 καὶ
3556 453 3657 519 τὴν
3705 450 3761 505 ἐν

2117 542 2263 615 μέρει
2319 546 2427 597 τῶν
2488 545 2721 614 Χριστοῦ
2794 539 3083 612 θαυμάτων
3162 537 3657 614 μεγαλοπρέπειαν,
3724 542 3764 607 ἡ

2111 631 2400 704 τετρακτὺς
2457 636 2564 684 τῶν
2609 631 2848 703 Χριστοῦ
2911 631 3168 702 μαθητῶν
3225 630 3548 702 παρίστησιν
3598 629 3765 703 εὐαγ-

2111 718 2400 790 γελιστῶν.
2434 719 2650 774 Εἰκαῖον
2685 715 2730 772 δ’
2763 717 2953 794 ἔμοιγε
3006 717 3245 795 φαίνεται
3293 719 3380 772 καὶ
3434 716 3586 778 αὖθις
3632 717 3770 772 αὐτά

2116 805 2500 884 διεξέρχεσθαι,
2567 809 2642 880 μὴ
2701 813 2780 880 τῷ
2839 808 3067 881 παρόντι
3130 811 3315 878 σκοπῷ
3381 811 3766 881 προσήκοντα·

2116 896 2168 951 ἐν
2211 895 2493 976 κεφαλαίῳ
2542 899 2724 970 μέντοι
2753 901 2923 951 ταῦτα
2976 893 3252 951 διαλαϐεῖν
3295 898 3473 975 χρεὼν
3531 897 3773 968 μάλιστᾶ

2116 1007 2179 1061 γε
2236 987 2328 1040 καὶ
2385 983 2670 1060 ἀναγκαῖόν
2720 985 2880 1042 ἐστιν.
2913 989 3117 1057 ’Ὠσπερ
3176 987 3360 1040 τοίνυν
3412 985 3494 1065 ἐφ’
3542 986 3770 1040 ἑκάστου

2117 1073 2436 1150 πράγματος
2493 1075 2584 1128 καὶ
2645 1072 2956 1144 ἐπιστήμης
3012 1073 3211 1147 ἀνάγκη
3265 1073 3354 1127 τὸν
3397 1073 3598 1126 σκοπὸν
3628 1069 3770 1126 εἶδέ-

2117 1184 2224 1233 ναι,
2265 1163 2356 1217 καὶ
2403 1163 2465 1217 τὸ
2515 1161 2797 1242 ὠφέλιμον
2847 1161 2910 1216 τὸ
2961 1163 3021 1216 ἐκ
3055 1167 3153 1217 τοῦ
3204 1163 3568 1235 μαθήματος·
3602 1158 3652 1216 ε’ί
3685 1182 3771 1233 τῳ

2125 1253 2218 1325 μέν
2267 1251 2548 1328 παρέργως
2611 1251 2771 1324 μέλοι
2843 1257 2963 1312 ταῖς
3035 1250 3284 1324 μελέταις
3366 1250 3769 1305 συντείνεσθαι’

2121 1341 2303 1416 ὥσπερ
2363 1339 2454 1396 οῦν
2516 1341 2566 1396 ἐν
2626 1347 2742 1402 τοῖς
2800 1337 3020 1410 ἄλλοις,
3052 1340 3193 1395 οὕτω
3237 1341 3327 1394 καὶ
3376 1340 3466 1394 τὸν
3518 1340 3654 1394 κατά
3708 1339 3775 1392 τὸ

2124 1429 2452 1504 Εὐαγγέλιον
2487 1429 2761 1505 ᾑρημένον
2815 1433 2910 1502 ζῇν
2959 1431 3051 1483 τὸν
3077 1431 3274 1483 τούτου
3319 1428 3519 1483 σκοπὸν
3569 1425 3772 1482 είδέναι

2123 1524 2342 1593 πρῶτον
2395 1521 2595 1593 χρεὼν,
2638 1520 2729 1573 καὶ
2777 1519 2859 1581 τίς
2905 1522 2939 1586 ἡ
2987 1517 3224 1573 ἐντεῦθεν
3259 1514 3445 1588 ὄνησις
3500 1523 3615 1579 τοῖς
3659 1519 3778 1572 κατ’

2127 1607 2258 1663 αὐτό
2290 1630 2352 1681 γε
2381 1611 2479 1678 τήν
2509 1607 2791 1663 τελείωσιν
2841 1603 3095 1663 λαϐοῦσιν
3143 1608 3394 1686 ἐφέπεται
3418 1624 3432 1637 ⁶
3465 1605 3555 1661 καὶ
3594 1607 3775 1660 τοίνυν

2051 1734 2097 1799 Β
2128 1693 2310 1771 ὥσπερ
2344 1696 2544 1757 σκοπὸς
2585 1698 2742 1750 παντὶ
2798 1693 3133 1767 διδασκάλῳ,
3166 1693 3241 1756 ὥς
3285 1695 3337 1769 γ’
3363 1693 3580 1772 ἐφικτὸν
3632 1692 3783 1747 ἐκεί-

2277 1789 2302 1799 ..
2381 1790 2404 1799 ..
2560 1787 2582 1799 λ
2697 1784 2705 1795 .
3057 1783 3067 1799 .
3179 1785 3190 1798 ς
3365 1786 3388 1799 η
3481 1784 3494 1799 .
3577 1784 3588 1799 .
3711 1787 3736 1797 -

2133 1807 2210 1857 νῳ
2239 1789 2306 1858 τῇ
2339 1790 2446 1840 τῶν
2483 1784 2818 1858 μαθημάτων
2847 1783 3104 1854 κοινωνίᾳ
3140 1785 3230 1838 τὸν
3286 1784 3535 1855 μαθητὴν
3569 1784 3782 1854 ὁμοιῶ-

2137 1895 2278 1928 σαι·
2341 1874 2483 1929 οὕτω
2542 1879 2620 1944 τῷ
2677 1873 2823 1936 ὄντες
2884 1872 2994 1927 ὄντι
3063 1874 3388 1948 ὑπεραγάοῳ
3467 1869 3783 1944 διδασκάλῳ

2139 1965 2319 2034 Ἰησοῦ
2398 1967 2651 2039 Χριστοῦ,
2724 1963 2848 2017 ὅσον
2929 1961 3241 2036 ἀνθρωπίνῃ
3324 1960 3530 2040 ἐφεῖται
3609 1960 3782 2038 φύσει,

2139 2053 2314 2124 ἑαυτῷ
2372 2053 2465 2108 τὸν
2523 2050 2610 2106 διὰ
2686 2058 2784 2107 τοῦ
2853 2049 3185 2128 Εὐαγγελίου
3260 2051 3559 2126 προσιόντα
3615 2051 3789 2106 πάντα

2143 2143 2344 2203 σκοπὸς
2405 2144 2672 2213 ὁμοιοῦν⁶
2718 2140 2863 2196 οῦτω
2921 2139 2968 2196 δ’
3026 2141 3470 2213 ἐξομοιωθέντας,
3501 2137 3664 2195 τέκνα
3709 2144 3788 2210 τῷ

2139 2229 2347 2286 ἐκείνου
2400 2229 2670 2301 ἀναδεῖξαι
2730 2231 2944 2304 Πατρί·
3010 2228 3395 2303 κληρονόμους
3469 2229 3563 2302 μὶν
3635 2232 3790 2298 Θεοῦ,

2142 2321 2638 2396 συγκληρονόμους
2687 2317 2745 2374 δέ
2793 2317 2881 2374 διά
2935 2325 3036 2388 τῆς
3084 2319 3221 2374 κατὰ
3287 2320 3452 2392 χάριν
3517 2318 3792 2378 υἱοθεσίας

2145 2413 2477 2473 καταστῆσαι
2534 2409 2700 2463 αὐτοῦ
2755 2413 2851 2462 τοῦ
2913 2411 3238 2481 μονογενοῦς
3294 2405 3386 2460 καὶ
3436 2406 3792 2473 πρωτοτόκου

2144 2501 2327 2570 Ἰησοῦ
2358 2501 2614 2571 Χριστοῦ.
2649 2499 2830 2553 Ἔνθεν
2863 2517 2947 2552 τοι
2975 2498 3060 2552 καὶ
3109 2496 3244 2570 πρὸς
3289 2496 3384 2549 τὸν
3433 2494 3580 2550 οὕτω
3629 2495 3792 2568 μέγαν

2143 2591 2234 2644 καὶ
2294 2591 2538 2667 ὑπερφυᾶ
2593 2592 2688 2642 τοῦ
2749 2586 3078 2662 Εύαγγελίου
3141 2587 3368 2653 σκοπὸν,
3397 2585 3485 2638 καὶ
3538 2584 3675 2658 πρὸς
3733 2584 3795 2638 τὸ

2142 2686 2242 2748 τῆς
2319 2677 2660 2748 τηλικαύτης
2731 2676 3000 2737 υἱοθεσίας
3085 2675 3530 2734 ἀποσκοποῦντας
3613 2673 3795 2747 γέρας,

2140 2770 2229 2824 καὶ
2289 2769 2382 2827 τὰς
2435 2768 2552 2822 καθ’
2603 2764 2826 2821 ἕκαστον
2884 2763 3111 2827 ἐντολὰς
3163 2765 3364 2837 ἐνάγειν
3413 2763 3504 2817 καὶ
3563 2764 3790 2834 θεωρεῖν

2144 2857 2224 2913 δεῖ
2248 2876 2260 2888 ·
2297 2859 2370 2919 ὡς
2406 2857 2458 2911 αἱ
2493 2857 2587 2929 μὶν
2620 2856 2796 2911 αὐτῶν
2823 2856 2886 2911 τὸ
2937 2853 3245 2930 λογιστικὸν
3292 2851 3639 2928 ῥυθμίζουσαι
3686 2851 3781 2904 καί

2143 2948 2616 3022 ἀνακαθαίρουσαι,
2651 2946 2857 3020 μακράν
2891 2965 2994 2999 που
3035 2941 3294 2998 διωθοῦσι
3346 2948 3504 2997 πᾶσαν
3556 2941 3776 3013 ἄγνοιαν

2142 3039 2230 3091 καὶ
2281 3035 2620 3112 ἀφροσύνην·
2672 3036 2763 3090 καὶ
2811 3036 2935 3089 ὅσον
2985 3037 3081 3098 τῆς
3119 3032 3481 3106 ματαιότητος
3529 3027 3575 3082 ἐν
3622 3027 3775 3102 λογι-

2521 3122 2676 3180 6οῦσι
2724 3126 2815 3180 καὶ
2847 3123 3212 3180 ἀπελαύνουσι
3238 3142 3251 3155 ·
3301 3120 3533 3198 θεοφιλῆ
3563 3117 3618 3174 δέ
3643 3122 3780 3194 γνῶ-

2148 3239 2230 3271 σιν
2290 3215 2379 3270 καί
2436 3217 2698 3292 φρόνησιν
2731 3212 2956 3288 εὔλογον
2999 3211 3394 3284 ἀντεισάγουσιν
3423 3227 3437 3240 ·
3480 3211 3537 3264 αἱ
3583 3206 3641 3263 δὶ
3684 3211 3789 3261 τῶν

2148 3305 2383 3361 ἐντολῶν
2435 3306 2496 3358 τὸ
2547 3301 2830 3376 θυμοειδὲς
2875 3303 3151 3369 τάττουσι,
3195 3299 3286 3354 καὶ
3341 3299 3607 3353 ἀτακτοῦν
3670 3295 3798 3351 ἀνα-

2151 3395 2455 3468 σειράζουσι
2507 3392 2675 3466 θυμόν
2733 3413 2792 3446 τε
2846 3397 3018 3446 πᾶσαν
3074 3390 3316 3464 κραυγήν
3376 3408 3435 3442 τε
3482 3387 3574 3440 καὶ
3631 3384 3796 3460 βλασ·

2153 3483 2363 3560 φημίαν
2443 3481 2728 3556 ἐξαίρουσι,
2793 3485 3038 3554 μειοῦσαι
3095 3478 3130 3548 ἢ
3191 3480 3507 3551 ἀναιροῦσαι
3552 3496 3566 3508 ·
3628 3473 3799 3547 πραό-

2151 3595 2290 3644 τητα
2367 3570 2423 3627 δὲ
2489 3577 2657 3627 πᾶσαν
2730 3571 2820 3626 καὶ
2893 3567 3180 3625 ἐπιείκειαν
3241 3567 3294 3622 ἐν
3363 3564 3554 3641 ἀνδρίᾳ
3611 3568 3796 3640 ψυχῆς

2154 3664 2530 3736 κατορθοῦσιν.
2579 3659 2780 3717 ’Ἁλλαι
2865 3657 2922 3713 δὲ
2989 3653 3228 3732 ἀκριϐῶς
3312 3655 3677 3729 τηρούμεναι,
3737 3653 3796 3707 τὸ

2157 3751 2552 3823 ἐπιθυμητικὸν
2595 3752 2911 3820 καθιστῶσι,
2945 3746 3190 3822 πορνείαν
3237 3746 3327 3799 καὶ
3387 3747 3559 3797 πᾶσαν
3618 3740 3794 3810 ἄλλην

2157 3839 2509 3916 ἀκαθαρσίαν,
2549 3840 2638 3894 καὶ
2695 3841 2907 3911 σύμπαν
2969 3837 3158 3898 ἁπλῶς
3229 3835 3397 3890 εἰπεῖν
3455 3835 3630 3894 πάθος
3676 3851 3798 3906 καρο

2161 3929 2277 3994 δίας
2315 3933 2670 4005 μαραίνουσαι
2715 3930 2805 3984 καὶ
2856 3928 3260 4006 ἐξαφανίζουσαι
3292 3945 3304 3958 ’
3341 3926 3552 4002 ἁγνείαν
3603 3923 3662 3979 δὲ
3709 3921 3795 3978 καὶ

2161 4019 2510 4096 σωφροσύνην
2557 4020 2645 4075 καὶ
2691 4020 2972 4088 ἀπάθειαν,
3004 4018 3094 4073 καὶ
3145 4017 3312 4072 οἱονεὶ
3359 4016 3560 4078 παντὸς
3617 4014 3798 4086 μολυ-

2164 4115 2304 4182 σμοῦ
2363 4110 2561 4184 σαρκὸς
2619 4109 2708 4164 καὶ
2779 4109 3082 4181 πνεύματος
3152 4105 3496 4180 καθαρότητα
3570 4103 3658 4159 καὶ
3719 4123 3800 4158 σεο

2167 4199 2407 4271 μνότητα
2437 4198 2816 4268 εἰσοικίζουσιν
2846 4219 2856 4229 ·
2909 4199 2963 4252 αἱ
2995 4194 3051 4251 δέ
3100 4194 3275 4264 ἄλλην
3327 4193 3575 4264 α⁸ίσθησιν
3608 4189 3804 4247 παιδα-

2161 4293 2420 4364 γωγοῦσι,
2453 4289 2542 4343 καὶ
2593 4289 2692 4356 τὴν
2741 4292 2996 4364 γλῶσσαν
3043 4286 3384 4360 ῥυθμίζουσι.
3419 4289 3591 4340 Πᾶσαι
3642 4280 3689 4335 δ’
3715 4280 3805 4334 οὖν

2163 4377 2346 4440 καλῶς
2397 4379 2477 4450 τῷ
2535 4381 2800 4450 πνεύματι
2851 4376 3234 4453 ἐνεργούμεναι
3296 4373 3468 4429 ε’ίτουν
3518 4370 3809 4446 κατορθού-

404 4455 894 4514 vehementiorem
947 4466 1118 4530 atque
1163 4461 1570 4517 deformiorem
1610 4477 1863 4530 omnem,
1891 4479 2034 4534 prae-

2167 4489 2321 4541 μεναι
2356 4470 2488 4540 μετά
2516 4465 2831 4542 διακρίσεις,
2863 4463 3197 4539 πρακτικοὺς
3241 4465 3368 4525 τοὺς
3418 4463 3596 4517 αὐτῶν
3649 4481 3814 4528 ποιη-

406 4550 558 4603 terea
613 4547 1035 4619 blasphemiam
1094 4555 1151 4606 et
1222 4551 1678 4608 maledictionem
1745 4551 1830 4607 vel
1889 4551 2054 4607 dimi-

409 4650 670 4717 nuenlia,
718 4649 806 4704 vel
849 4666 1085 4720 prorsus
1118 4651 1432 4706 eximentia
1489 4651 1706 4707 tollunt
1755 4668 1767 4704 :
1831 4666 2048 4709 morem

403 4754 536 4796 vero
577 4740 779 4796 mitem
810 4753 862 4797 et
892 4750 1282 4810 mansuetum,
1316 4741 1694 4812 animumque
1743 4758 1965 4812 aequum
1992 4746 2049 4796 et

405 4828 634 4897 fortem,
698 4829 805 4886 rite
864 4836 1038 4902 atque
1110 4831 1313 4886 ordine
1373 4832 1570 4885 omnia
1617 4839 2048 4902 exsequentem,

407 4918 792 4975 substituunt.
860 4919 1154 4975 Nonnulla
1204 4924 1418 4981 autem,
1459 4935 1590 4974 cum
1633 4935 1772 4974 cura
1819 4923 1876 4974 et
1921 4920 2050 4974 dili-

409 5009 604 5082 gentia
635 5013 883 5074 servata,
918 5015 1140 5079 partem
1172 5009 1381 5066 animae
1410 5009 1713 5079 cupihitati
1746 5009 2053 5064 obnoxiam

411 5102 737 5170 erudentia,
772 5105 1134 5172 componunt
1172 5115 1185 5154 :
1221 5103 1506 5169 stuprum,
1539 5113 1889 5168 omnemque
1917 5096 2056 5152 alim

413 5201 815 5272 impuritatem
866 5207 924 5256 et
985 5199 1438 5263 immunditiem,
1485 5206 1538 5253 et
1587 5199 1678 5268 (ut
1735 5213 1846 5252 uno
1886 5195 2058 5250 verbo

411 5292 761 5364 simpliciter
800 5291 1014 5359 dicam)
1064 5288 1520 5358 omnemjcordis
1555 5290 1769 5344 malam
1809 5285 2061 5342 affectio-

414 5397 549 5438 nem
631 5383 831 5453 atque:
858 5379 1354 5452 perturbationem
1423 5377 1657 5434 abolent
1730 5385 1783 5433 et
1843 5375 2060 5432 exstin-

420 5470 787 5546 guunt:95
847 5471 1158 5544 puritatem
1215 5485 1370 5538 vero,
1431 5468 2063 5538 sobrietatem,tempe-

420 5563 697 5633 rantiam,
729 5561 1034 5636 pudorem,
1092 5561 1367 5633 omnique
1395 5558 1652 5632 appetitu
1679 5558 1831 5618 malo
1869 5571 2068 5616 σαι-ους

2161 4560 2254 4620 τὰς
2305 4556 2640 4631 ἐνεργοῦσιν
2692 4556 2922 4632 ἀγαθούς
2965 4577 3023 4610 τε
3070 4555 3160 4610 καὶ
3213 4551 3480 4622 δικαίους,
3531 4551 3808 4626 χρηστούς

2157 4668 2214 4702 τε
2268 4648 2380 4720 ἅμα
2427 4647 2516 4700 καὶ
2574 4646 2852 4712 ἐπιεικεῖς,
2885 4645 3189 4717 ἐλεήμονάς
3246 4663 3303 4698 τε
3350 4641 3439 4697 καὶ
3478 4640 3805 4718 φιλοθέους·

2157 4737 2248 4792 καὶ
2292 4735 2533 4796 συνόλως
2585 4735 2774 4804 εἰπεῖν,
2824 4740 2997 4790 πᾶσαν
3047 4731 3256 4788 ἀδικίαν
3299 4731 3390 4787 καὶ
3467 4730 3805 4805 παρανομίαν

2162 4828 2236 4889 εἰς
2283 4827 2440 4888 τέλος
2519 4827 2578 4881 ἐκ
2646 4823 2871 4900 καρδίας
2957 4823 3386 4900 ἀποστρέφεσθαι
3472 4821 3814 4893 παρασκευά-

2163 4923 2348 4986 ζουσι·
2385 4913 2750 4986 ζιδικαιοσύνην
2809 4913 2865 4969 δὲ
2940 4919 3110 4970 πᾶσαν
3170 4913 3260 4967 καὶ
3317 4911 3511 4986 ἀρετὴν
3563 4910 3698 4964 κατᾶ
3754 4910 3815 4963 τὸ

2166 5004 2470 5079 ἀναλογοῦν
2525 5010 2625 5073 τῆς
2665 5004 2800 5078 πρὸς
2843 5023 2934 5058 τον
2975 4999 3302 5057 διδάσκαλον
3335 5000 3659 5073 ὁμοιώσεως
3705 4997 3819 5067 ἐξα-

2169 5100 2347 5149 σκεῖν·
2381 5094 2456 5155 ὡς
2515 5092 2752 5148 ἐντεῦθεν
2810 5093 2899 5148 καὶ
2951 5092 3026 5153 εἰς
3078 5088 3310 5146 διάθεσιν
3357 5085 3582 5162 καρδίας
3640 5085 3814 5142 ε’ίτουν

2166 5181 2271 5255 ἕξιν
2322 5183 2562 5256 τάγαθοῦ
2613 5182 2974 5260 πεφθακότας,
3036 5181 3125 5234 καὶ
3203 5180 3276 5240 ὡς
3335 5177 3452 5232 ἐνόν
3507 5197 3568 5251 γε
3627 5172 3817 5245 διατη.

2171 5276 2417 5345 ροῦντας,
2481 5271 2671 5344 μηκέθ’
2730 5271 3054 5345 ἁμαρτάνειν
3127 5266 3382 5324 δύνασθαι
3453 5265 3822 5336 κατηρτισμέ-

2170 5383 2291 5423 νους
2326 5361 2400 5422 είς
2424 5359 2764 5430 τελειότητα,
2799 5361 2873 5420 ὡς
2925 5360 3198 5433 ἀνθρώπῳ
3244 5355 3471 5428 δύναμις
3520 5354 3776 5428 πάρεστιν
3805 5375 3818 5386 ·

2175 5452 2355 5527 ὥσπερ
2404 5451 2431 5505 ὁ
2474 5455 2580 5506 τῶν
2638 5450 2950 5506 καλλίστων
3007 5448 3192 5510 αὐτοῖς
3239 5447 3464 5523 ἡγεμὼν
3509 5445 3601 5499 καὶ
3660 5441 3817 5498 διδά-

2176 5538 2399 5604 σκαλος.
2432 5538 2586 5597 Οὕτω
2645 5539 2703 5598 δὲ
2757 5540 3091 5598 τελειωθεῖσι
3152 5534 3242 5595 διὰ
3295 5543 3396 5608 τῆς
3444 5538 3552 5591 τῶν
3582 5531 3822 5592 ἐντολῶν
