4096 6284
289 334 410 394 ’101
1345 335 1957 400 ECCLESIASTICE

2084 339 2389 402 STORLE
2427 339 2582 400 LIB.
2627 336 2676 397 Ι.
3610 335 3727 398 702

289 475 629 542 πρακτικῆς
671 468 946 544 γνώσεως,
982 465 1029 536 ἐξ
1063 466 1284 539 ἑτοίμου
1316 467 1450 522 εἶναι
1499 467 1682 532 αὐτοῖς
1731 467 1820 525 διὰ
1869 477 1968 540 τῆς

2084 477 2196 528 tem
2225 471 2628 540 constantiam,
2656 470 2912 543 denique
2940 470 3338 526 innocentiam
3389 473 3446 526 et
3485 469 3728 525 mundi-

289 564 631 630 πρακτικῆς
679 557 767 611 καὶ
818 559 914 625 τὴν
968 564 1067 624 τῆς
1118 555 1345 631 θεωρίας
1395 554 1668 618 ἐπιϐασιν,
1704 560 1801 613 Καὶ
1833 565 1962 636 γοῦν

2084 563 2238 629 tiem,
2323 568 2496 632 atque
2593 561 2756 616 omni
2833 560 3024 615 carnis
3093 558 3267 614 simul
3357 563 3414 614 et
3493 558 3727 629 spiritus

2080 651 2577 706 contaminatione
2608 655 2664 705 et
2715 649 3156 722 inquinamento
3193 663 3439 703 vacuam
3490 649 3726 702 castita-

2079 745 2193 795 tem
2261 740 2653 796 introducunt.
2725 739 2929 794 Omnia
2995 739 3262 806 denique,
3333 735 3490 791 aliud
3547 735 3724 790 alium

2080 847 2332 898 sensum,
2367 831 2811 902 paedagogorum
2856 845 3034 894 more,
3081 828 3354 883 erudiunt
3413 830 3588 895 atque
3636 828 3726 882 in-

2080 924 2332 988 struunt,
2364 928 2418 974 et
2448 919 2708 989 linguam
2754 923 2907 973 recte
2947 917 3196 972 formant
3243 922 3419 986 atque
3475 917 3724 972 frenant.

2079 1009 2285 1064 Omnia
2315 1008 2488 1063 etiam
2520 1024 2586 1062 ea
2618 1011 2922 1078 praecepta,
2958 1022 3058 1076 per
3096 1004 3367 1075 spiritum
3407 1004 3725 1060 efficaciam

2080 1114 2248 1152 suam
2280 1104 2606 1162 consecuta,
2640 1097 2862 1167 riteque
2909 1100 2966 1151 et
3017 1111 3149 1149 cum
3177 1094 3395 1162 judicio
3434 1094 3494 1148 in
3525 1093 3721 1149 animo

286 667 378 707 τις
445 642 627 719 φόϐῳ
680 646 879 722 Κυρίου
926 647 1022 708 τὰς
1069 645 1292 708 ἐντολάς
1342 646 1452 702 ἐστι
1530 652 1825 722 κατορθῶν,
1877 650 1967 704 καί

286 735 411 808 ἅμα
442 740 557 800 τῆς
597 734 742 796 θείας
788 735 1126 809 γλυκύτητος
1172 737 1261 789 καὶ
1311 736 1523 811 ἀγάπης
1572 742 1916 810 καταξιοῦται
1952 759 1966 772 ο

289 824 383 877 καὶ
450 825 650 898 ὥσπερ
709 846 759 879 τι
818 818 1054 878 ἔπαθλον
1109 823 1311 895 ταύτης
1367 829 1484 880 κατ’
1524 826 1820 901 ἀναλογίαν
1869 836 1966 896 τῆς

290 921 635 986 προκοπῆς,
697 917 805 968 τῶν
865 913 1020 966 θείων
1100 915 1412 988 μυστηρίων
1489 922 1787 989 καρποῦται
1868 919 1967 986 τήν

291 1001 673 1076 ἀποκάλυψιν
720 1021 732 1033 ·
799 1001 885 1058 καὶ
946 1003 1018 1054 ὧν
1081 1000 1204 1056 οὐδὲ
1257 1002 1474 1056 ἀκούειν
1535 1003 1648 1066 οἷός
1704 1005 1762 1060 τέ
1806 1006 1966 1069 ἐστιν,

292 1089 602 1165 ἄπρακτος
647 1091 742 1159 ὢν,
779 1090 864 1147 διὰ
919 1098 1019 1160 τῆς
1070 1093 1313 1165 πράξεως
1362 1094 1531 1161 ἥκων,
1580 1098 1762 1172 σαφῶς
1809 1117 1966 1150 κατα-

295 1184 420 1254 θρεῖ
457 1199 471 1212 ·
545 1182 628 1235 ὧν
683 1203 740 1236 τε
790 1183 850 1236 οὐ
929 1181 1167 1249 συνίησιν
1246 1183 1716 1256 ἑρμηνευομένων,
1776 1185 1971 1261 πόρρω

2084 1194 2376 1257 concepta,
2427 1185 2646 1241 alacres
2702 1190 2758 1238 et
2813 1183 3033 1239 vividos
3090 1187 3460 1238 exsecutores
3518 1198 3723 1237 eorum

295 1273 570 1341 πράξεως
656 1271 751 1341 ὢν,
805 1271 965 1334 αὐτὸς
1023 1271 1284 1344 ἑρμηνεὺς
1360 1274 1674 1329 καθίσταται
1731 1273 1970 1349 ἄριστος,

2084 1275 2362 1340 efﬁciunt,
2395 1273 2576 1330 bonos
2621 1274 2839 1328 scilicet
2883 1276 2938 1326 et
2961 1272 3176 1341 justos,
3228 1269 3483 1342 placidos
3545 1271 3723 1327 simul

2081 1372 2136 1420 et
2166 1381 2382 1434 mquos,
2415 1365 2554 1419 item
2590 1361 2992 1418 misericordes
3013 1367 3067 1416 et
3115 1360 3216 1416 Dei
3273 1365 3537 1416 amantes
3571 1378 3584 1412 :
3645 1368 3722 1428 et,

2083 1457 2148 1509 ut
2193 1453 2540 1508 summatim
2590 1452 2803 1516 dicam,
2853 1450 3202 1520 injustitiam
3256 1454 3313 1504 et
3352 1449 3720 1521 iniquitatem

2083 1557 2371 1613 quamque
2411 1557 2512 1596 nos
2543 1541 2782 1596 omnino
2812 1556 2884 1595 ex
2912 1542 3082 1595 corde
3112 1540 3337 1609 ejicere,
3395 1543 3569 1610 atque
3629 1557 3726 1594 eas

296 1363 404 1430 τὴν
454 1363 775 1434 πρακτικὴν
827 1362 1048 1433 μετιών.
1103 1362 1205 1417 Καί
1255 1363 1307 1435 γ’
1340 1358 1618 1431 ἐπήϐολος
1663 1371 1770 1418 τῶν
1803 1366 1970 1441 ἀρῥῆ-

294 1451 399 1518 τήν
433 1451 759 1523 πρακτικὴν
796 1450 1016 1520 μετιών.
1055 1452 1151 1504 Καὶ
1208 1451 1258 1526 γ’
1307 1447 1588 1521 ἐπήϐολος
1635 1459 1741 1508 τῶν
1791 1454 1972 1530 ἀρρή-

300 1562 412 1595 των
469 1538 548 1612 τῇ
616 1538 811 1610 θεωρίᾳ
869 1536 1073 1612 κομιδῇ
1124 1539 1373 1613 γίνεται·
1422 1542 1510 1595 καὶ
1556 1544 1618 1596 τὸ
1663 1548 1770 1597 τῶν
1812 1544 1968 1599 θείων

304 1630 478 1703 βάθος
545 1623 903 1691 παραϐαλὼν,
947 1627 1154 1702 ἐρεύνᾷ,
1203 1630 1291 1682 καὶ
1350 1629 1634 1692 ἀκλύστως
1691 1638 1808 1694 τοῖς
1871 1638 1970 1703 τῆς

304 1718 512 1792 σοφίας
579 1719 765 1790 βυθοῖς
812 1717 1163 1791 ἁνανήχεται.
1218 1714 1539 1793 Παραϐολας
1591 1719 1680 1774 οὖν
1724 1724 1751 1775 ὁ
1789 1728 1969 1777 τοιοῦ-

303 1829 399 1869 τος
433 1809 533 1862 καὶ
571 1807 857 1882 αἰνίγματα
895 1809 1030 1880 πρὸς
1083 1805 1381 1880 οἰκοδομὴν
1427 1814 1533 1862 τῶν
1589 1813 1970 1885 μαθητευομέ-
2007 1830 2053 1893 Β

1471 1900 1559 1952 καὶ
1601 1896 1880 1963 ἀναϐάσεις
1925 1903 1976 1956 ἐν

312 1986 521 2059 καρδίᾳ
598 1989 799 2059 νοερῶς
864 1983 1238 2056 ἐποικοδομεῖ,
1287 1987 1352 2040 τᾶ
1424 1994 1522 2054 τῆς
1591 1993 1724 2043 Θεοῦ
1793 1991 1980 2068 σοφίας

307 1920 415 1951 νων
464 1901 554 1968 τῷ
613 1895 721 1968 ’ίσῳ
770 1897 1033 1968 πνεύματι
1073 1897 1414 1965 προτίθησι·

314 2074 508 2145 ἄδηλά
567 2095 626 2128 τε
682 2076 769 2128 καὶ
816 2073 1014 2148 κρύφια
1070 2075 1230 2148 ἱερῶς
1287 2097 1346 2129 τε
1407 2077 1518 2149 ἅμα
1559 2079 1648 2131 καὶ
1702 2086 1978 2152 μυστικῶς

317 2169 572 2238 θεωρῶν.
607 2161 767 2220 Ἀλλ’
811 2166 844 2232 ἡ
899 2164 993 2234 μὲν
1052 2167 1160 2218 τῶν
1209 2163 1579 2239 εύαγγελικῶν
1622 2165 1856 2222 ἐντολῶν
1889 2161 1974 2224 καἱ

319 2250 686 2330 παραϐολῶν,
737 2254 810 2312 ὡς
866 2252 916 2305 ἐν
973 2254 1168 2330 βραχεῖ
1213 2254 1371 2330 φάναι
1425 2251 1674 2327 δύναμις,
1743 2257 1794 2312 ἐν
1844 2260 1976 2312 τού-

319 2366 448 2405 τοις
484 2363 497 2375 ·
533 2342 867 2416 πρακτικούς
897 2363 953 2396 τε
997 2342 1101 2417 γὰρ
1150 2342 1236 2395 καὶ
1282 2343 1652 2416 θεωρητικοὺς
1691 2346 1780 2400 καὶ
1815 2347 1974 2420 φιλο-

327 2435 531 2511 σόφους
597 2436 677 2502 τῷ
744 2426 876 2499 ὄντι,
939 2432 1029 2484 καὶ
1104 2430 1466 2486 ἀποστολικὸν
1533 2433 1976 2509 ἐπανῃρημένους

335 2521 480 2595 βίον,
512 2519 778 2596 ἀδελφοὺς
808 2541 863 2574 τε
893 2519 981 2573 καὶ
1014 2522 1383 2593 συμμεριστὰς
1422 2526 1518 2575 τοῦ
1569 2531 1800 2595 Χριστοῦ
1847 2527 1974 2588 τοὺς

334 2613 454 2665 κατ’
514 2610 710 2673 ἐκείνας
760 2608 1010 2676 ἐντελεῖς,
1073 2611 1485 2684 ἀποφαίνουσιν.
1557 2613 1703 2667 Ἐπεὶ
1767 2611 1813 2668 δ’
1880 2616 1972 2669 οὖν

343 2705 455 2752 τῶν
512 2701 796 2772 ἆμηκάνων
851 2701 961 2753 ἐστὶ
991 2701 1080 2754 καὶ
1126 2704 1233 2754 τῶν
1267 2702 1342 2772 μή
1373 2697 1611 2756 δυνατῶν
1643 2705 1741 2772 τήν
1773 2704 1975 2776 ἀνθρω-

347 2789 509 2857 πίνην
556 2789 705 2865 ιρύσιν
751 2789 969 2844 θ’ίκοθεν
1021 2789 1349 2862 κινουμένην
1405 2795 1473 2862 τῇ
1542 2797 1741 2863 φυσικῇ
1812 2794 1970 2868 ῥώμη

352 2875 426 2937 εἰς
462 2878 516 2930 τὸ
545 2875 750 2932 τέλειον
788 2886 887 2947 τῆς
920 2879 1162 2950 πράξεως
1195 2875 1465 2946 ἐπιϐῆναι.
1579 2885 1657 2952 τῷ
1706 2883 1827 2954 ὕψει
1872 2891 1973 2952 τῆς

346 2967 565 3040 θεωρίας
611 2963 907 3037 ἐπιϐαλεῖν,
958 2968 1003 3021 εἰ
1039 2970 1114 3040 μή
1164 2989 1246 3029 τις
1295 2975 1412 3029 τοῖς
1462 2977 1560 3038 τῆς
1607 2969 1828 3042 καρδίας
1875 2995 1975 3043 μυ-

339 3060 458 3129 χοῖς
485 3058 572 3110 τὸν
605 3063 837 3131 Σωτῆρα
890 3056 1080 3128 Κύριον
1120 3057 1193 3117 ὡς
1250 3058 1376 3110 Θεὸν
1429 3056 1637 3112 τέλειον
1696 3059 1786 3113 καὶ
1845 3062 1974 3132 ὁμο-

2083 1631 2358 1697 aversari,
2384 1629 2680 1700 justitiam
2706 1645 2838 1684 vero
2880 1645 3113 1684 omnem
3146 1633 3201 1683 et
3229 1628 3524 1697 virtutem,
3563 1629 3726 1697 juxta

2085 1717 2514 1790 proportionem
2545 1715 3019 1771 conformationis
3067 1719 3124 1770 et
3181 1714 3588 1770 similitudinis
3651 1717 3723 1769 ad

2085 1809 2376 1863 doctorem
2408 1807 2624 1878 ipsum,
2670 1821 2932 1861 exercere
2963 1809 3019 1860 et
3069 1803 3334 1859 meditari
3359 1803 3569 1860 docent
3601 1821 3614 1858 :
3670 1812 3730 1857 ut

2089 1898 2317 1963 deinde,
2351 1912 2483 1950 cum
2509 1896 2633 1965 jam
2665 1895 2734 1949 ad
2779 1894 3218 1964 dispositionem
3251 1893 3731 1964 ati'ectionemque

2089 1985 2300 2051 cordis,
2331 1989 2503 2055 atque
2535 1984 2677 2040 adeo
2700 1984 2771 2038 ad
2804 1983 2940 2038 boni
2973 1982 3236 2037 habitum
3272 1981 3631 2052 pertigerint,
3677 1985 3734 2037 et

2088 2093 2155 2132 ea
2186 2081 2464 2147 quantum
2499 2074 2622 2128 ﬁeri
2655 2078 2842 2144 potest
2870 2072 3246 2138 observarint,
3308 2089 3423 2127 non
3473 2071 3730 2142 amplius

2090 2181 2327 2237 peccare
2358 2164 2620 2236 possint:
2657 2163 2872 2234 quippe
2892 2164 2960 2216 ad
2987 2162 3416 2231 perfectionem,
3437 2177 3616 2233 quam
3641 2160 3728 2214 vis

2089 2256 2349 2309 humana
2379 2253 2549 2324 capit,
2591 2251 2896 2322 compositi
2965 2259 3138 2321 atque
3185 2250 3440 2317 deducti,
3488 2249 3728 2321 perinde

2088 2344 2309 2400 scilicet
2341 2348 2519 2413 atque
2552 2341 2673 2412 ipse
2714 2341 2816 2412 qui
2855 2341 2937 2396 eis
2988 2340 3175 2411 praeiit
3232 2356 3421 2394 rerum
3471 2338 3726 2409 Optima-

2087 2451 2217 2490 rum
2253 2432 2524 2504 magister
2553 2436 2610 2487 et
2632 2435 2966 2504 praeceptor.
2991 2431 3270 2484 Caeterum
3302 2429 3374 2484 ad
3435 2444 3568 2484 eum
3602 2444 3726 2482 mo-

2085 2527 2223 2579 dum
2257 2540 2358 2595 per
2387 2522 2732 2577 effectricem
2757 2521 3151 2592 cognitionem
3196 2523 3616 2590 praeceptorum
3650 2519 3722 2573 ad

2085 2613 2496 2685 perfectionem
2574 2610 2884 2683 perductis,
2956 2609 3228 2680 proclivis
3283 2608 3580 2678 facilisque
3637 2607 3719 2672 tit,

2085 2719 2186 2774 per
2215 2702 2560 2757 effectricem
2591 2717 2715 2755 eam
2739 2701 2876 2765 vim,
2927 2700 2998 2754 ad
3048 2697 3579 2769 contemplatricem
3611 2713 3718 2752 su-

2085 2791 2426 2847 blimitatem
2458 2791 2765 2846 transitus.
2798 2789 2855 2842 Si
2889 2789 3020 2860 quis
3051 2787 3206 2843 enim
3239 2792 3522 2858 precepts
3569 2791 3718 2841 recte

2084 2881 2471 2950 exsequendo,
2506 2894 2608 2950 per
2628 2878 2896 2933 timorem
2921 2876 3170 2941 Domini,
3204 2876 3425 2947 implet,
3459 2892 3591 2930 eum
3621 2874 3720 2930 ille

2084 2971 2260 3024 simul
2294 2968 2489 3023 divina
2509 2967 2816 3024 dulcedine
2846 2972 2904 3021 et
2934 2967 3216 3022 charitate
3233 2966 3526 3037 dignatur.
3563 2966 3649 3019 lta
3673 2964 3724 3019 is

2084 3061 2319 3115 demum
2348 3057 2652 3113 etfectricis
2692 3072 2932 3128 operum
2965 3056 3218 3124 virtutis,
3250 3059 3530 3126 tanquam
3571 3071 3722 3124 prm-

337 3147 490 3214 σθενῆ
557 3150 635 3216 τῷ
695 3147 861 3219 Πατρῖ
922 3145 1012 3199 καὶ
1064 3145 1350 3218 ἄνθρωπον
1410 3145 1620 3200 τέλειον
1689 3149 1780 3202 οἷά
1854 3171 1971 3203 τινα

2087 3149 2289 3216 mium,
2314 3151 2479 3219 juxta
2525 3147 2812 3217 profectus
2845 3145 3292 3217 proportionem,
3353 3143 3721 3208 revelationis

337 3234 583 3306 θεμέλιον
646 3235 857 3310 ἀρῥαγῆ
919 3231 1320 3308 προϐάλλοιτο,
1383 3235 1471 3288 καί
1548 3237 1695 3309 αὐτῷ
1770 3239 1973 3312 ἀρωγῷ

334 3324 677 3399 κεχρημένος
725 3324 1114 3398 προσεύχοιτο,
1175 3325 1310 3398 πρός
1364 3345 1421 3379 τε
1468 3327 1657 3395 πρᾶξιν
1707 3327 1798 3381 καὶ
1831 3331 1970 3382 θεω-

336 3411 454 3485 ρίαν
488 3413 759 3483 εύθυνθείη
798 3432 809 3444 ·
845 3414 873 3466 ὃ
905 3410 970 3480 δή
1004 3414 1128 3466 τότε
1162 3413 1255 3483 μὲν
1291 3412 1450 3473 αὐτὸς
1504 3411 1572 3468 δι’
1623 3416 1814 3470 ἑαυτοῦ
1857 3423 1972 3480 τοῖς

337 3498 490 3563 ἰδίοις
545 3504 572 3555 ὁ
625 3501 820 3575 Κύριος
869 3502 1077 3569 Ἰησοῦς
1131 3503 1369 3574 ὑπέφηνε
1419 3503 1731 3573 θιασώταις,
1765 3504 1884 3574 ἑξῆς
1918 3505 1972 3560 δὲ

332 3592 418 3644 καὶ
475 3593 672 3650 πάσαις
729 3596 847 3651 ταῖς
904 3594 1009 3644 τῶν
1068 3590 1368 3663 ἀνθρώπων
1427 3599 1633 3666 γενεαῖς
1703 3591 1792 3647 δια
1863 3600 1970 3649 τῶν

329 3680 490 3753 ἱερῶν
547 3679 896 3754 Εὐαγγελίων
965 3682 1050 3734 καὶ
1121 3678 1361 3735 διδάσκει
1437 3683 1526 3735 καὶ
1584 3683 1966 3757 καταγγέλλει,

331 3769 457 3822 Θεὸν
522 3768 612 3822 καὶ
667 3767 952 3838 ἄνθρωπον
1009 3769 1141 3822 εἶναι
1205 3767 1414 3823 τέλειον
1477 3771 1664 3824 ἑαυτὸν
1725 3771 1973 3844 ἐμφανῶς

330 3863 624 3932 παριστῶν.
674 3861 840 3910 Τοῦτο
884 3858 994 3930 χρὴ
1054 3857 1144 3910 καὶ
1195 3860 1342 3928 ἡμᾶς
1393 3859 1496 3931 πρὸ
1528 3862 1726 3921 παντὸς
1760 3859 1974 3915 ἐνεθοοῦν

330 3968 450 4016 τας,
483 3949 612 4002 Θεόν
643 3967 700 4000 τε
730 3947 818 4000 καὶ
860 3948 964 4000 ὑπὸ
993 3951 1103 4000 τῶν
1137 3947 1330 4001 τούτου
1362 3947 1602 4004 ἐντολῶν
1653 3959 1977 4026 καταρτιζο-

334 4039 549 4107 μὲνους,
607 4035 916 4110 ἀνατρέχειν
977 4036 1111 4110 πρὸς
1169 4037 1268 4105 τὴν
1327 4035 1506 4092 ἔνθεον
1593 4037 1803 4111 ἐκείνην
1888 4062 1975 4096 τε-

2087 3239 2411 3294 divinorum
2447 3237 2860 3309 mysteriorum
2892 3234 3136 3306 percipit
3167 3235 3412 3288 fructus.
3460 3238 3525 3288 Et
3572 3250 3721 3304 quas

2085 3343 2179 3383 res
2233 3343 2304 3382 ne
2361 3326 2559 3381 audire
2591 3325 2823 3396 quidem
2878 3328 3086 3395 potest,
3137 3340 3271 3378 cum
3333 3322 3403 3378 ab
3430 3322 3718 3378 eﬂ'ectrice

2080 3419 2293 3474 virtute
2326 3418 2547 3473 otiosus
2576 3418 2761 3484 abest,
2794 3431 2909 3481 eas,
2944 3431 3044 3486 per
3082 3428 3258 3485 opera
3325 3413 3551 3468 aditum
3612 3412 3726 3467 sibi

2083 3509 2322 3574 faciens,
2364 3506 2516 3562 clare
2558 3513 2613 3560 et
2660 3506 2954 3561 evidenter
2993 3501 3447 3572 contemplatur.
3480 3501 3546 3556 Et
3593 3517 3722 3571 quae

2083 3595 2459 3667 intelligendo
2511 3611 2626 3649 non
2664 3592 2995 3663 assequitur
3035 3608 3135 3664 per
3188 3589 3723 3661 interpretationem

2085 3685 2362 3756 exposita,
2395 3682 2466 3738 ab
2497 3698 2737 3753 operum
2771 3682 3057 3737 eti‘ectrice
3083 3686 3362 3747 remotus,
3396 3695 3460 3734 ea
3491 3677 3727 3733 eﬂ'ectri-

2085 3790 2208 3829 cem
2241 3788 2591 3844 persequens
2623 3771 2742 3841 ipse
2791 3787 2967 3843 quam
3017 3771 3236 3840 optime
3288 3768 3722 3838 interpretatur,

2087 3877 2442 3932 composque
2488 3860 2552 3914 fit
2608 3876 2800 3915 rerum
2837 3875 3180 3914 arcanarum
3238 3863 3294 3912 et
3341 3855 3726 3912 ineffabilium

2088 3951 2328 4007 omnino
2361 3967 2458 4021 per
2483 3948 3025 4019 contemplationem
3061 3965 3073 4003 :
3100 3964 3168 4003 ac
3186 3947 3518 4002 divinarum
3538 3944 3724 4000 scien-

2087 4041 2296 4096 tiarum
2353 4039 2723 4095 altitudinem
2777 4054 3106 4110 aggressus,
3164 4054 3263 4093 eas
3311 4035 3574 4107 inquirit,
3633 4049 3728 4088 sa-

331 4124 570 4182 λείωσιν.
2089 4130 2433 4202 pientiaaque
2488 4128 2774 4201 profundo
2821 4127 2999 4182 libere
3066 4132 3242 4199 atque
3300 4126 3424 4181 sine
3473 4121 3727 4196 periculo

333 4219 552 4274 innata.
599 4220 799 4290 Itaque
855 4219 904 4273 is
958 4219 1264 4290 parabolas
1320 4224 1377 4276 et
1434 4220 1744 4291 aenigmata
1797 4224 1868 4278 ad
1913 4221 2348 4280 mdiﬁcationem
2407 4219 2758 4276 discentium
2807 4220 3008 4274 eodem
3066 4217 3332 4289 proponit
3383 4217 3612 4287 spiritu,
3671 4229 3701 4266 e

330 4311 499 4381 quasi
530 4311 748 4381 gradus
805 4314 863 4364 et
917 4326 1196 4366 ascensus
1255 4311 1315 4366 in
1372 4311 1542 4367 corde
1572 4313 1676 4368 sibi
1729 4329 1829 4385 per
1883 4315 2093 4369 mentis
2125 4329 2373 4369 acumen
2423 4312 2750 4368 construit:
2804 4327 2892 4366 res
2947 4311 3249 4379 obscuras,
3309 4311 3611 4365 abstrusas
3669 4310 3726 4361 et

328 4401 558 4456 abditas
634 4399 933 4471 sapientiae
1015 4399 1136 4461 Dei.
1189 4405 1391 4456 sancte
1449 4401 1625 4457 simul
1679 4407 1736 4458 et
1805 4405 2047 4476 mystice
2103 4403 2525 4474 contemplans.
2603 4401 2868 4456 Sedenim
2959 4405 3248 4472 pracepta
3318 4403 3374 4454 et
3441 4398 3725 4470 parabolae

330 4489 800 4562 Evangeliorum,
836 4493 1123 4560 quatenus
1150 4506 1231 4545 ea:
1262 4490 1508 4545 breviter
1537 4491 1650 4546 dici
1679 4499 1940 4562 possunt,
1976 4493 2033 4548 in
2083 4493 2174 4547 his
2222 4509 2350 4562 quae
2402 4492 2856 4562 perstrinximus
2904 4497 3044 4545 sunt
3075 4490 3218 4545 sitae.
3267 4489 3368 4543 96
3421 4490 3728 4544 Etl‘ectores

328 4595 588 4652 namque
616 4595 863 4650 operum
921 4583 1100 4649 atque
1156 4580 1667 4651 contemplatores,
1719 4598 1999 4654 verosque
2040 4581 2438 4653 philosOphos,
2500 4581 2597 4651 qui
2657 4579 3038 4651 apostolicam
3099 4578 3269 4648 plane
3314 4579 3490 4632 vitam
3543 4576 3729 4647 degen

328 4670 464 4725 dam
497 4668 738 4738 eligant,
771 4669 889 4724 imo
919 4668 1122 4725 fratres
1151 4669 1327 4724 etiam
1349 4673 1407 4725 et
1437 4670 1746 4740 participes
1771 4671 2006 4732 Christi,
2042 4687 2137 4726 eos
2169 4671 2268 4742 qui
2283 4671 2452 4740 juxta
2494 4686 2561 4724 ea
2619 4674 2908 4741 praecepta
2946 4669 3017 4724 ad
3069 4667 3474 4738 perfectionem
3508 4667 3726 4735 pertin-

327 4761 497 4832 gunt,
528 4759 812 4814 efﬁciunt.
857 4758 1030 4814 Porro
1062 4759 1186 4815 ﬁeri
1217 4759 1486 4830 efficique
1510 4776 1626 4816 non
1667 4764 1874 4830 potest,
1911 4765 1972 4816 ut
2027 4760 2283 4816 hominis
2343 4767 2546 4814 natura
2606 4765 2661 4814 et
2711 4759 2981 4824 tenuitas,
3043 4757 3271 4828 proprio
3331 4757 3551 4810 concita
3601 4772 3724 4809 mo—

325 4853 390 4904 tu
419 4857 473 4904 et
511 4848 567 4904 vi
617 4848 832 4918 nativa,
878 4849 967 4903 vel
1015 4849 1087 4902 ad
1145 4849 1555 4918 perfectionem
1612 4849 1916 4906 eﬂectricis
1965 4849 2193 4905 virtutis
2244 4849 2559 4920 pertingat,
2589 4849 2673 4903 vel
2727 4849 2798 4903 ad
2859 4846 3225 4902 altitudinem
3291 4843 3729 4915 contemplatio-

325 4953 471 4994 num
504 4936 742 5008 aspiret,
778 4937 889 4992 nisi
917 4938 1049 5008 quis
1080 4938 1287 4994 intimo
1313 4938 1484 4994 corde
1513 4954 1617 4994 suo
1648 4939 2002 4994 Salvatorem
2035 4938 2367 5006 Dominum,
2391 4943 2456 4993 ut
2489 4939 2668 4993 Deum
2719 4938 3058 5008 perfectum,
3119 4940 3290 5005 atque
3341 4933 3540 4988 eadem
3592 4949 3724 4986 cum

323 5032 494 5083 Patre
524 5026 784 5098 potentia
813 5035 868 5082 et
912 5027 1141 5097 virtute,
1190 5030 1578 5100 eumdemque
1634 5028 1928 5084 hominem
1975 5029 2316 5100 perfectum,
2377 5032 2660 5098 tanquam
2714 5027 3006 5098 quoddam
3069 5025 3479 5080 ﬁrmissimum
3513 5025 3725 5078 funda-

327 5121 596 5172 mentum
619 5116 824 5186 jecerit
855 5132 869 5171 :
904 5121 1076 5188 atque
1093 5133 1158 5172 eo
1199 5117 1465 5187 adjutore
1499 5122 1692 5187 utens,
1725 5117 1926 5173 sedulo
1956 5121 2099 5185 oret,
2156 5122 2217 5172 ut
2253 5117 2305 5172 ei
2335 5117 2511 5173 simul
2569 5122 2625 5172 et
2683 5133 2920 5187 operum
2963 5115 3210 5183 effectio,
3268 5118 3326 5169 et
3381 5129 3723 5168 arcanorum

325 5204 739 5276 contemplatio
769 5209 920 5261 recte
949 5207 1237 5262 succedet.
1272 5207 1432 5273 Quod
1460 5223 1604 5263 sana
1633 5211 1756 5263 tum
1787 5207 2024 5278 quidem
2074 5208 2198 5278 ipse
2256 5223 2358 5278 per
2419 5208 2678 5278 seipsum
2738 5205 3018 5262 Domiuus
3075 5204 3246 5260 Jesus
3299 5203 3420 5260 suis
3473 5203 3726 5258 ostendit

329 5295 713 5350 sectatoribus
747 5310 760 5350 :
793 5294 1066 5366 deinceps
1097 5311 1229 5350 vero
1259 5300 1317 5351 et
1363 5311 1565 5352 omnes
1605 5297 1870 5353 omnium
1928 5295 2230 5352 hominum
2286 5295 2567 5366 nationes,
2625 5311 2722 5365 per
2779 5311 2944 5350 sacra
2999 5292 3306 5364 Evangelia
3361 5292 3577 5357 docuit,
3639 5292 3723 5346 vi-

328 5383 556 5452 delicet,
601 5389 785 5440 Deum
816 5400 880 5440 se
934 5388 992 5440 et
1048 5383 1224 5440 simul
1283 5385 1577 5442 hominem
1629 5387 1948 5456 perfectum
1987 5401 2116 5441 esse
2175 5385 2324 5440 clare
2373 5391 2429 5440 et
2485 5385 2698 5440 diserte
2747 5389 3034 5438 astruens.
3094 5382 3154 5437 1d
3213 5399 3318 5437 nos
3374 5397 3607 5453 quoque
3662 5381 3721 5435 in

327 5473 536 5544 primis
607 5473 1060 5542 considerantes,
1113 5473 1292 5529 Deum
1344 5473 1534 5544 ipsum
1585 5480 1645 5530 et
1695 5475 2029 5544 Dominum,
2079 5476 2468 5545 eumdemque
2525 5475 2816 5530 hominem
2879 5474 3195 5544 perfectum
3254 5471 3511 5543 proﬁteri
3553 5488 3725 5541 opor—

327 5566 431 5632 tet,
488 5570 540 5619 et
599 5579 702 5635 per
755 5567 1041 5635 praecepta
1095 5564 1224 5634 ejus
1280 5563 1455 5635 probe
1511 5563 1848 5636 instructos,
1907 5565 1980 5621 ad
2029 5564 2284 5620 divinam
2342 5563 2500 5620 illam
2547 5563 2892 5620 contendere
2972 5568 3030 5618 et
3094 5562 3365 5619 anhelare
3422 5560 3724 5633 perfectio-

330 5665 484 5710 nam.
