4096 6284
337 297 456 360 ’703
1614 299 1953 363 NICEPHO

2116 294 2457 360 lALLISTl.
3614 296 3733 358 704

921 434 1156 491 CAPUT
1192 434 1399 492 XXIII.
2010 444 2062 510 Α

2010 444 2062 510 Α
2706 429 3124 484 KE¢AA.Kr2

341 541 613 626 Quaenam.
659 556 821 626 opera
874 542 951 626 in
1000 543 1300 626 Evangelia
1356 543 1647 626 descripta,
1693 543 1958 626 giaristun

2121 536 2398 626 ilva‘riby
2429 535 2493 626 ἐν
2541 539 2630 608 τῷ
2667 530 3343 626 Ἐὐαγγελὶίῳυὲργῶν
3391 536 3738 626 ἅνθρωπρςι

407 607 711 739 ger/130m?
739 614 1036 682 hominem,
1064 607 1184 687 quae
1216 614 1345 671 item
1359 607 1671 685 perfectum
1687 615 1857 672 Deum
1877 630 1986 669 esse

448 701 506 741 ec
564 700 662 740 ren
693 724 708 739 .

2201 607 2426 664 ἐλειον
2473 607 2887 698 ἐμφαίνουσι
2929 607 3053 662 τὸν
3086 607 3379 682 Χριστόν
3416 628 3429 641 ·
3480 607 3630 664 τίνα
3671 607 3740 663 δὲ
3798 669 3807 676 ε

2190 679 2375 737 ιαλιν
2423 687 2579 736 Θεον
2623 677 2914 734 τέλειον.

409 787 623 844 Verum
648 787 965 860 enimvero,
991 792 1140 861 quod
1204 790 1495 862 perfectus
1544 795 1756 847 natura
1811 790 1985 846 homo

2164 787 2324 846 Ἀλλ’
2365 789 2448 842 ὅτι
2497 788 2591 860 μὲν
2642 785 2924 862 ἄνθρωπος
2971 784 3178 848 τὲλειος
3229 788 3329 856 τὴν
3373 787 3532 865 φύσιν
3566 787 3594 841 ὁ
3626 786 3742 842 Κύ-

339 877 622 933 Dominus
670 876 765 946 sit,
799 877 943 933 citra
974 883 1169 935 tamen
1203 885 1424 935 natura:
1448 880 1908 951 inquinationem
1932 894 1956 934 e

2120 900 2232 947 ιιος,
2282 877 2433 939 ἐκτὸς
2483 874 2701 946 δηλαδή
2751 880 2861 931 τῶν
2905 882 3005 944 τῆς
3055 874 3266 955 φύσεως
3342 876 3737 950 μολυσμάτων,

339 968 559 1035 sordes,
590 975 781 1038 aperte
810 969 1020 1024 astruit
1048 986 1248 1024 novem
1285 970 1382 1024 illa
1422 971 1730 1040 mensium,
1772 986 1885 1041 qua
1926 970 1956 1023 i1

2119 966 2387 1042 παρίστησι
2437 968 2621 1042 σαφῶς
2668 967 2703 1033 ἡ
2754 963 3083 1036 ἐννεάμηνος
3122 963 3334 1035 κύησις,
3384 970 3419 1035 ἡ
3464 965 3736 1040 γέννησις,

339 1056 504 1110 utero
532 1058 790 1123 gestatus
843 1060 952 1124 est,
1015 1057 1223 1112 fmtura
1250 1058 1520 1114 nativitas
1581 1059 1732 1129 ejus,
1792 1058 1956 1113 educe

2123 1085 2127 1125 ι
2180 1056 2478 1130 ἀνατροφή,
2528 1056 2590 1110 τὸ
2656 1054 2957 1130 βάπτισμα,
2998 1054 3048 1107 οἱ
3105 1054 3423 1129 πειρασμοὶ,
3473 1056 3508 1123 ἡ
3558 1059 3740 1121 πεῖνα,

338 1142 438 1209 tio,
472 1143 820 1215 baptismus,
853 1145 1229 1216 tentationes,
1262 1147 1464 1216 fames,
1523 1147 1675 1214 sitis,
1732 1146 1955 1202 labores

2120 1169 2128 1214 ι
2162 1142 2314 1218 δίψα,
2349 1144 2377 1198 ὁ
2433 1141 2626 1213 κόπος,
2658 1143 2719 1197 τὸ
2768 1139 3019 1216 δάκρυον,
3053 1143 3087 1212 ἡ
3139 1142 3369 1216 ἀγωνία,
3401 1144 3430 1196 ὁ
3469 1142 3660 1211 ὕπνος,
3698 1146 3737 1212 ἡ

339 1233 726 1303 fatigationes,
760 1232 1049 1306 lacrymas,
1088 1252 1354 1305 angores,
1391 1252 1658 1301 somnus,
1715 1237 1953 1292 tasdium

2123 1231 2311 1305 κηδία,
2370 1233 2458 1288 καὶ
2517 1232 2614 1287 ὅσα
2668 1233 2868 1309 φυσικὰ
2916 1237 3033 1293 τοῖς
3092 1230 3409 1306 ἀνθρώποις
3454 1234 3604 1301 πάθη
3646 1233 3740 1286 καὶ

335 1326 392 1377 et
419 1337 784 1395 quaecunque
813 1328 949 1378 sunt
980 1323 1286 1380 hominum
1318 1326 1609 1381 naturales
1658 1330 1716 1381 et
1752 1326 1952 1395 irreprt

2125 1317 2402 1391 ηδιάϐλητα
2436 1343 2449 1354 ·
2481 1322 2617 1395 πρὸς
2658 1319 2872 1383 τούτοις
2903 1321 2969 1376 τὰ
3008 1320 3344 1394 ῥαπίσματα,
3393 1322 3462 1377 τὰ
3507 1319 3742 1398 κολαφί-

334 1410 657 1466 hensibiles
690 1412 1023 1469 affectiones
1057 1432 1069 1469 :
1105 1415 1298 1469 adhzec
1350 1414 1548 1485 alapae,
1589 1414 1838 1485 colapbi,
1889 1414 1951 1468 ﬂe

2124 1432 2292 1484 ματη,
2343 1412 2396 1466 αἱ
2448 1412 2723 1487 μάστιγες,
2775 1412 2825 1465 οἱ
2876 1407 3198 1482 ἄνειδισμοὶ,
3249 1411 3298 1465 οἳ
3355 1409 3618 1485 γέλωτες,
3671 1408 3741 1463 τὰ

336 1516 463 1572 gra,
514 1501 905 1568 contumelias,
958 1503 1299 1570 irrisiones;
1361 1508 1570 1574 sputus
1626 1504 1731 1575 (1),
1794 1519 1953 1559 sanna

2125 1501 2475 1574 μπτύσματα,
2530 1501 2557 1554 ὁ
2611 1500 3011 1574 μυκτηρισμὸς,
3042 1501 3076 1568 ἡ
3138 1497 3339 1574 χλεύίι,
3364 1500 3455 1554 καὶ
3504 1499 3572 1554 τά
3611 1498 3740 1553 λοι-

337 1590 612 1661 ludibria,
671 1597 730 1647 et
788 1592 1013 1664 reliqua
1084 1594 1424 1665 ejusmodi:
1496 1598 1772 1664 praeterea
1827 1609 1954 1649 crux

2122 1590 2169 1643 τά
2203 1606 2217 1620 ·
2250 1591 2387 1663 πρὸς
2419 1586 2475 1643 δὲ
2506 1590 2533 1642 ὁ
2566 1588 2823 1660 σταυμὸς,
2858 1589 2909 1642 οἱ
2957 1586 3109 1658 ⁵ἧλοι,
3143 1587 3288 1658 ὄξος,
3321 1587 3493 1662 χολή,
3526 1586 3739 1662 λόγχη,

338 1680 506 1751 clavi,
565 1685 818 1748 acetum,
879 1683 975 1751 fel,
1031 1682 1275 1738 lancea:
1346 1687 1642 1752 postrema
1713 1682 1955 1753 denique

2125 1684 2186 1733 ,αἱ
2216 1679 2278 1732 τὸ
2332 1678 2666 1749 τελευταῖον,
2698 1680 2942 1748 θάνατος,
2974 1674 3167 1748 κηδεία
3214 1698 3273 1731 τε
3311 1678 3402 1732 καὶ
3430 1679 3599 1756 ταφή.
3635 1675 3742 1733 Καὶ

339 1784 515 1838 mors,
548 1770 748 1838 funus,
779 1775 837 1824 et
883 1771 1202 1841 sepultura.
1254 1772 1438 1843 Atque
1495 1771 1617 1825 haec
1678 1772 1956 1842 quidemn

2130 1773 2263 1823 αὔτα
2313 1770 2406 1842 μὲν
2451 1773 2567 1830 τοῖς
2621 1769 2893 1840 μαθηταῖς
2941 1765 3195 1837 τηνικάδε
3242 1769 3451 1841 ἑωρᾶτο
3515 1768 3591 1829 εἷς
3644 1767 3742 1821 πί-

341 1817 515 1838 --π-ι
548 1817 748 1838 ----··-ι
782 1817 836 1824 *⁷
883 1817 1202 1841 *νιν-υ---νν
1254 1817 1437 1843 ’·“ι“·ν
1496 1817 1616 1825 κ’·-ν
1681 1817 1919 1842 -ινυνηη-

338 1858 646 1928 discipulis
675 1863 822 1928 tum,
854 1860 924 1914 ad
955 1860 1409 1916 conﬁrmandam
1427 1861 1617 1916 carnis
1642 1862 1767 1930 ejus
1790 1861 1955 1916 ﬁdem

2131 1817 2262 1823 ⁷““’”
2313 1817 2398 1842 Γν⁷
2463 1817 2566 1830 ’⁷’Ἰ
2621 1817 2891 1840 [⁷⁷⁷⁷⁷⁷1⁷⁷⁷’Ἵ
2953 1817 3193 1837 ““Ι’”’““”⁷
3245 1817 3446 1841 ’⁷⁷⁸⁷⁷⁷⁷⁷
3516 1817 3589 1829 τ’*
3651 1817 3700 1821 ’⁷⁷

2121 1879 2290 1913 τιωσιν
2316 1864 2417 1926 τῆς
2467 1858 2661 1931 σαρκός
2692 1876 2705 1889 ’
2750 1861 2875 1910 πᾶσι
2929 1854 2986 1911 δὲ
3013 1861 3130 1918 τοῖς
3162 1855 3345 1926 ἐσεεῆς
3373 1858 3406 1925 ἡ
3438 1859 3551 1911 τῶν
3582 1856 3738 1910 θείων

343 1954 479 2006 sunt
506 1954 782 2019 spectata,
825 1950 1068 2021 posteris
1111 1957 1302 2005 autem
1336 1966 1401 2005 ex
1441 1950 1643 2007 ordine
1691 1950 1960 2007 omnibus

2120 1945 2443 2024 Ξύτγγελίων
2494 1948 2804 2022 παριστάνει
2849 1949 3027 2024 γραφή
3066 1966 3079 1978 '
3131 1947 3217 2001 καὶ
3267 1950 3436 2001 ταῦτα
3493 1947 3611 2019 μὲν,
3656 1949 3737 2002 ὅτι

343 2057 413 2097 ea
440 2057 732 2098 sacrorum
761 2042 1207 2113 Evangeliorum
1239 2044 1457 2114 scripta
1507 2042 1785 2098 exhibent
1820 2047 1954 2113 atqu

2119 2035 2312 2101 τέλειος
2337 2034 2621 2109 ἅνθρωπος
2667 2038 2694 2091 ὁ
2748 2038 2942 2109 Σωτήρ
2979 2055 2992 2068 ·
3028 2035 3110 2090 ὅτι
3143 2032 3200 2090 δὲ
3230 2036 3258 2090 ὁ
3288 2035 3453 2097 αὐτὸς
3485 2035 3581 2090 καὶ
3610 2036 3736 2098 Θεὸς

344 2133 777 2203 repraesentant.
814 2130 1015 2202 Itaque
1062 2130 1184 2186 haec
1232 2131 1450 2197 omnia,
1500 2131 1859 2186 Servatorcm
1904 2148 1961 2187 νε

2115 2126 2331 2195 τέλειος,
2374 2125 2685 2201 σογχύσεως
2736 2123 2866 2200 δίχα
2909 2124 2998 2179 καὶ
3048 2129 3284 2201 φυρμοῦ,
3316 2120 3643 2198 ἀδιαιρέτως
3671 2128 3732 2198 τῇ

345 2233 479 2274 rum
508 2233 636 2274 esse
664 2217 982 2287 hominem,
1014 2218 1157 2273 satis
1194 2219 1478 2274 indicant.
1513 2217 1628 2274 9⁷
1665 2218 1824 2281 Quod
1858 2235 1962 2273 veri

2119 2220 2293 2271 εαυτοῦ
2342 2216 2624 2278 ὑποστάςει
2673 2217 2772 2285 τήν
2820 2214 3165 2290 ἀνθρωπίνην
3215 2208 3592 2288 προσελάϐετο
3641 2217 3736 2290 φύ-

343 2306 500 2362 idem
560 2308 847 2377 perfectus
905 2306 981 2362 sit
1019 2307 1196 2374 Deus,
1279 2319 1438 2364 extra
1498 2308 1894 2363 confusionem
1934 2324 1960 2362 e

2116 2327 2205 2373 rw,
2237 2305 2327 2360 καὶ
2382 2304 2446 2359 τὰ
2494 2302 2769 2377 ἰδιώματα
2815 2302 3016 2374 ταύτης
3063 2305 3554 2377 προσῳκειώσατο,
3608 2301 3733 2375 μηδ’

344 2396 899 2453 contaminationem
933 2413 1162 2453 omnem
1195 2402 1285 2467 (ut
1307 2399 1405 2468 qui
1437 2400 1506 2452 ad
1543 2397 1961 2454 subsistentian

2122 2393 2247 2456 ἰλως
2300 2395 2352 2449 ἐν
2403 2394 2669 2469 αἰσχύνης
2718 2392 2868 2467 λόγῳ
2914 2393 3255 2465 πτιούμενος.
3292 2393 3397 2449 Καὶ
3428 2393 3531 2447 ὅσα
3576 2394 3739 2460 ταύτῃ

339 2502 508 2542 suam
537 2486 815 2553 divinam,
848 2486 1167 2542 humanam
1200 2486 1570 2557 inseparabili
1611 2488 1783 2543 modo
1822 2492 1956 2542 natu

2124 2485 2352 2561 πρόσεστι
2409 2483 2554 2551 πάθη
2604 2484 2803 2561 φυσικά
2843 2504 2903 2537 τε
2947 2483 3037 2537 καὶ
3076 2478 3405 2552 ἀδιάϐλητα,
3438 2484 3741 2559 σαφέστατα

334 2591 461 2630 ram
493 2576 838 2646 susceperit,
873 2576 1314 2647 peculiaresque
1344 2577 1472 2647 ejus
1527 2582 1744 2632 naturae
1786 2577 1951 2632 condi

2125 2575 2393 2648 ταρίστητι
2435 2577 2652 2648 πρῶτον
2720 2574 2755 2641 ἡ
2806 2569 3041 2645 ἄσπορος
3106 2572 3164 2625 ἐκ
3227 2570 3492 2644 παρθένου
3549 2573 3742 2645 γέννη-

339 2664 527 2720 tiones
558 2664 668 2720 sibi
699 2665 962 2736 proprias
1005 2665 1344 2733 reddiderit,
1391 2680 1581 2738 neque
1610 2667 1884 2722 dedecere
1924 2683 1952 2721 s

2119 2684 2199 2731 nc,
2230 2661 2319 2716 καὶ
2350 2664 2386 2730 ἡ
2438 2661 2524 2716 ἐπ’
2569 2660 2704 2735 αὐτῇ
2756 2657 3047 2735 δοξολογία
3094 2666 3192 2729 τῆς
3225 2658 3484 2734 οὐρανίου
3515 2661 3607 2714 καὶ
3639 2662 3736 2737 ἀγ-

342 2757 682 2828 quicunque
712 2755 797 2810 illi
829 2758 967 2811 sunt
999 2756 1296 2812 naturales
1337 2760 1393 2812 et
1449 2756 1956 2826 irreprebensibile

2117 2750 2324 2824 τελικῆς
2374 2754 2646 2827 στρατιᾶς,
2696 2750 2867 2823 ἀστὴρ
2915 2747 3175 2827 ποδηγῶν
3248 2750 3491 2824 Μάγους,
3552 2750 3641 2806 καὶ
3700 2753 3734 2819 ἡ

338 2845 581 2899 affectus
634 2844 948 2916 putaverit)
1019 2845 1329 2901 manifesto
1376 2845 1659 2901 declarat:
1732 2847 1955 2916 primun

2113 2840 2310 2897 κείνων
2365 2840 2497 2913 μετὰ
2545 2835 2899 2913 συμϐολικῶν
2947 2836 3139 2915 δώρων
3205 2837 3589 2912 προσκύνησιν,
3640 2839 3730 2894 καί

339 2948 541 3002 expers
585 2933 827 2989 seminis
857 2949 889 2988 e
940 2933 1160 3006 virgine
1207 2934 1501 3005 nativitas,
1557 2942 1613 2991 et
1676 2935 1774 3007 qui
1831 2935 1956 2991 circ;

2097 2933 2129 3002 ἡ
2189 2931 2277 2986 επὶ
2331 2931 2394 2986 τὸ
2454 2932 2736 3005 βάπτισμα
2795 2927 3062 3005 μαρτυρία
3112 2926 3207 2983 τοῦ
3256 2929 3521 2999 Ἰωάννου,
3551 2928 3639 2981 καί
3683 2931 3714 2996 ἡ

340 3036 468 3076 eam
529 3021 714 3076 auditi
772 3026 928 3089 sunt,
995 3021 1247 3078 caelestis
1302 3028 1360 3078 et
1416 3022 1688 3094 angelicae
1737 3024 1957 3079 militia!

2098 3021 2297 3093 μείζων
2359 3020 2508 3081 αὖθις
2573 3018 2763 3090 αὐτῆς,
2820 3020 2854 3088 ἠ
2908 3024 3016 3073 τῶν
3092 3017 3335 3093 οὐρανῶν
3414 3017 3713 3091 ἆνεῳγότων

339 3108 586 3181 gloriam
608 3110 883 3176 canentis,
919 3111 1210 3182 magniﬁci
1248 3111 1451 3183 hymni
1486 3128 1499 3167 :
1545 3111 1714 3168 stella
1758 3112 1951 3169 itineri

2102 3108 2495 3185 καταρραγεῖσα
2551 3108 2701 3184 φωνὴ
2743 3106 3012 3181 Πατρική,
3042 3106 3132 3160 καὶ
3186 3106 3249 3161 τὸ
3306 3108 3612 3180 περιστερᾶς
3668 3103 3719 3158 ὲν

342 3196 643 3269 Magorum
673 3199 809 3265 dux,
843 3181 1167 3270 horumque
1191 3181 1410 3255 secreto
1440 3217 1529 3256 res
1559 3216 1803 3271 magnas
1847 3201 1959 3257 insi

2112 3195 2229 3253 είδει
2259 3197 2457 3252 ἐκεῖθεν
2496 3196 2857 3276 ὲφιπτάμενον
2900 3200 3137 3269 Πνεῦμα,
3167 3196 3266 3266 τήν
3319 3196 3504 3272 φωνὴν
3552 3193 3729 3269 ὥσπερ

339 3301 533 3342 nuans
593 3287 1000 3343 muneratio‘et
1029 3289 1287 3344 adoratio
1317 3306 1331 3345 :
1367 3294 1643 3360 printerea
1674 3290 1827 3346 circa
1875 3291 1956 3346 ba-

2117 3285 2254 3342 ,λκον
2314 3287 2399 3341 ἐπὶ
2452 3287 2544 3340 τὸν
2606 3284 3027 3361 βαπτιζόμενον.
3080 3286 3204 3341 Υἱὸν
3264 3285 3546 3360 ἀγαπητὸν
3603 3285 3734 3340 εἶναι

341 3375 623 3446 ptismum
656 3378 867 3434 eximia
906 3378 1149 3434 Joannis
1181 3380 1502 3435 testiﬁcatio
1534 3398 1548 3435 :
1585 3396 1771 3453 eaque
1808 3381 1958 3454 longe

2118 3381 2283 3431 τοῦτον
2316 3377 2658 3451 βροντήσασα
2686 3373 2879 3430 ἄνωθεν
2917 3394 2929 3407 ·
2962 3373 3052 3429 καὶ
3085 3372 3266 3429 τᾶλλα
3296 3371 3329 3428 ἃ
3383 3375 3521 3429 κατά
3572 3373 3735 3451 μέρος

339 3466 668 3533 sublimior,
736 3482 861 3537 qua:
910 3466 1067 3522 caelis
1126 3469 1342 3537 apertis
1398 3469 1685 3540 prorupit,
1741 3474 1956 3540 paterna

2132 3465 2337 3535 ιεξιὲναι
2414 3466 2477 3519 οὐ
2560 3467 2660 3533 τῆς
2741 3465 3021 3539 παρούσης
3113 3465 3487 3538 πραγματείας
3571 3464 3738 3520 ἐστίν.

340 3572 483 3615 vox:
515 3560 573 3612 et
608 3556 710 3628 qui
739 3557 875 3614 inde
900 3559 959 3613 in
991 3557 1272 3614 columbae
1321 3559 1512 3629 specie
1568 3576 1745 3624 super
1791 3560 1957 3632 ipsun

2122 3556 2267 3613 [κανά
2322 3555 2415 3628 μὲν
2479 3552 2570 3608 οὖν
2618 3554 2708 3608 καὶ
2764 3556 2931 3608 ταῦτα
2982 3557 3098 3617 τοῖς
3145 3550 3374 3614 ἐντελῶς
3422 3553 3551 3625 ὁρᾷν
3579 3550 3739 3609 δυνα-

339 3646 637 3702 descendit
665 3646 939 3717 Spiritus,
973 3663 1167 3703 vocem
1200 3664 1328 3703 eam
1364 3648 1421 3703 in
1453 3665 1585 3704 eum
1648 3649 1744 3721 qui
1801 3649 1956 3722 hapti

2119 3643 2284 3706 ιένοις
2341 3643 2416 3706 εἷς
2476 3643 2736 3698 πίστωσιν
2792 3649 2894 3712 τῆς
2954 3643 3209 3712 θεότητος
3241 3659 3257 3676 ·
3312 3639 3405 3697 ’ίνα
3453 3639 3512 3697 δὲ
3578 3644 3670 3697 καὶ
3708 3645 3736 3698 ὁ

340 3736 577 3791 zabatur
588 3736 957 3806 peculiariter
970 3736 1231 3805 trahens,
1248 3736 1453 3793 Filium
1468 3737 1742 3795 dilectum
1761 3738 1952 3795 cmlitu

2118 3733 2281 3809 ταχὺς
2327 3734 2417 3788 καὶ
2448 3734 2643 3787 ὡσανεὶ
2696 3731 2748 3787 ἐν
2786 3732 2965 3805 σκότῳ
3020 3731 3270 3805 κείμενος
3318 3731 3524 3805 κόσμος
3577 3728 3735 3787 διαυ-

342 3823 615 3880 intonans
649 3841 663 3880 :
697 3830 755 3882 et
785 3825 897 3882 alia
931 3826 1133 3896 multa,
1179 3843 1307 3899 quae
1351 3827 1652 3898 sigillatim
1695 3844 1959 3883 recenser

2121 3826 2290 3897 ιασθῇ,
2343 3823 2431 3878 καὶ
2478 3823 2541 3877 τὸ
2594 3822 2729 3898 μέγα
2773 3829 2873 3892 τῆς
2921 3822 3278 3897 ὑπεραπείρου
3327 3819 3738 3897 φιλανθρωπίας

344 3913 649 3984 praesentis
679 3931 863 3983 cperie
895 3932 1008 3971 non
1033 3924 1139 3971 est.
1169 3916 1320 3971 Satis
1351 3932 1519 3987 porro
1550 3933 1618 3972 ea
1666 3934 1797 3988 qua:
1831 3918 1961 3973 dict:

2121 3919 2217 3991 ρῶς
2247 3912 2298 3966 οἶ
2330 3912 2380 3968 ἐν
2415 3913 2564 3991 ζόφῳ
2594 3911 2835 3984 κείμενοι
2865 3913 3342 3986 καταθεωρήσωσι,
3373 3911 3463 3965 καὶ
3496 3912 3523 3965 ὁ
3554 3912 3738 3967 πλοῦ-

348 4005 505 4069 sunt,
541 4002 864 4060 divinitatis
892 4005 1016 4074 ejus
1044 4005 1219 4059 ﬁdem
1245 4005 1481 4060 fecerint
1513 4004 1650 4073 illis,
1711 4007 1812 4076 qui
1853 4023 1965 4077 per-

2123 4024 2195 4065 τος
2225 4004 2499 4078 γνωρισθῇ
2555 4007 2654 4070 τῆς
2712 4002 3112 4075 χρηστότητος,
3139 4000 3227 4054 καὶ
3281 4000 3533 4073 σημείοις
3562 4021 3621 4056 τε
3649 4000 3740 4055 καὶ

345 4090 571 4163 spicere
598 4108 727 4147 eam
749 4096 806 4148 et
831 4093 1152 4165 intelligere
1184 4092 1367 4149 solide
1400 4093 1646 4165 possint.
1679 4099 1960 4151 Ceterum

2122 4092 2325 4167 πείρασιν
2384 4092 2661 4164 ἐξαισίοις,
2720 4091 2973 4164 φωτίζων
3027 4110 3085 4145 τε
3142 4089 3283 4163 ὁμοῦ
3339 4089 3427 4143 καὶ
3468 4090 3739 4164 στηρίζων

347 4189 407 4236 ut
439 4196 671 4237 crassus
703 4197 935 4253 quoque
964 4182 1077 4238 iste
1106 4187 1161 4238 et
1181 4183 1437 4238 tenebris
1469 4183 1691 4239 obsitus
1734 4187 1955 4240 mundu

2204 4186 2404 4251 πίστει,
2456 4180 2658 4259 ἐκφανῆ
2686 4180 2777 4235 καὶ
2830 4179 2917 4234 διὰ
2963 4178 3170 4234 τούτων
3201 4180 3229 4233 ὁ
3260 4179 3606 4253 θεάνθρωπος
3642 4180 3744 4235 Λό-

341 4270 759 4338 illustraretur,
793 4278 845 4328 et
879 4272 1144 4329 homines
1175 4272 1233 4327 in
1266 4272 1516 4344 caligine
1564 4279 1861 4331 versantes
1893 4275 1958 4330 in

1564 4279 1861 4331 versantes
1893 4275 1993 4330 im-
2102 4293 2200 4347 γος
2226 4272 2325 4340 τὴν
2359 4269 2522 4325 αὐτοῦ
2552 4270 2779 4339 θεότητα
2810 4267 3165 4324 ἐπιστώσατο.

344 4376 608 4417 mensam
635 4361 991 4418 incredibilis
1024 4367 1082 4418 et
1103 4362 1411 4435 plusquam
1435 4362 1651 4418 inﬁniti
1682 4364 1861 4419 divini
1884 4364 1942 4419 in
1975 4380 2160 4436 genus
2216 4363 2540 4418 humanum
2591 4362 2805 4417 amoris
2873 4360 3062 4416 lucem
3110 4360 3534 4431 conspicerent,
3597 4359 3740 4414 divi.

340 4453 569 4522 tiaeque
598 4452 873 4508 bonitatis
904 4453 1034 4524 ejus
1077 4457 1511 4525 cognoscerent,
1544 4454 1823 4526 prodigiis
1862 4460 1917 4509 et
1975 4453 2273 4509 miraculis
2332 4453 2501 4525 longe
2550 4452 2820 4507 maximis
2874 4451 3136 4518 edendis,
3198 4452 3368 4506 ﬁdem
3434 4450 3739 4506 hominum

341 4541 696 4600 luculentius
716 4544 1010 4615 adaugens
1042 4548 1100 4599 et
1119 4545 1494 4614 conﬁrmans,
1527 4544 1716 4617 magis
1736 4549 1908 4616 atque
1953 4545 2142 4618 magis
2197 4559 2297 4616 per
2353 4560 2419 4600 ea
2478 4543 2630 4599 Deus
2687 4543 2960 4614 idemque
3004 4543 3178 4597 homo
3227 4540 3484 4598 Verbum
3530 4540 3740 4597 divini-

342 4634 524 4688 tatem
556 4648 721 4689 suam
759 4633 1175 4704 comprobavit.

945 4742 1172 4799 CAPUT
1211 4742 1409 4800 XXIV.
1861 4802 1865 4806 .
2029 4745 2072 4807 D

1861 4802 1865 4806 ,
2029 4745 2072 4807 D
2712 4740 3129 4794 KE¢AA.KA2

341 4849 530 4922 Brevis
577 4851 1014 4906 commemoratio
1060 4850 1512 4906 admirandorum
1566 4859 1619 4904 et
1662 4856 1958 4922 supematu

2130 4853 2341 4922 Επιτο
2362 4846 2452 4917 μὴ
2483 4850 2620 4922 τῶᾼν
2646 4843 2706 4899 ἐν
2736 4842 3695 4922 τοῖςτέσσᾼαρ-σινβύα-γγελιοι
3717 4864 3743 4905 ς

415 4921 624 4995 talium
654 4922 1323 4995 miracolorumUDomini
1362 4923 1536 4977 nostri
1583 4915 1741 4978 Jesu'
1769 4923 1993 4987 Christi,

2172 4915 2540 4995 ὑπερφυῶν
2574 4916 2936 4995 θαυμάτων
2966 4920 3084 4970 τοῦ
3115 4915 3365 4995 ξίυρίον
3397 4915 3585 4995 ἡμῶν
3612 4916 3745 4985 Ἰη-

416 4994 497 5065 in!
535 4997 782 5065 quatuor
825 4992 1136 5063 Evangelii:
1185 5009 1587 5063 expressorum,
1621 5008 1745 5065 qua
1772 4986 1995 5065 quidem

2171 4986 2616 5065 σοῦ’Χριστοῦ
2644 4986 2763 5058 τῆν
2791 4988 3035 5043 τούτου
3068 4986 3483 5064 πληροφορο
3509 4986 3743 5054 ύντων,

416 5062 698 5137 miracula
765 5062 1132 5120 certissimum
1208 5062 1490 5121 divinitati
1541 5062 1660 5137 ejus
1714 5062 1996 5137 perhibent
2171 5062 2199 5115 0
2216 5082 2239 5115 ε
2253 5062 2280 5116 ό
2293 5082 2321 5116 τ
2337 5062 2413 5131 ητ
2428 5081 2479 5116 α.

416 5134 822 5192 testimonium.

423 5259 494 5313 Et
523 5259 756 5332 singula
785 5260 1022 5332 quidem
1054 5261 1292 5316 seorsim
1317 5260 1618 5329 miracula,
1650 5261 1868 5333 quibus
1899 5262 1995 5316 di-

2174 5262 2280 5324 Τὰς
2341 5260 2435 5333 μὲν
2491 5258 2582 5317 οὖν
2636 5262 2755 5317 καθ’
2812 5259 3007 5318 ἕκαστα
3057 5265 3163 5317 τῶν
3221 5260 3384 5316 αὐτοῦ
3431 5261 3745 5335 θεοσημιῶν

347 5348 558 5405 vinitas
611 5350 737 5419 ejus
774 5352 857 5405 est
896 5349 1210 5420 declarata,
1267 5348 1328 5405 in
1379 5351 1683 5422 praesentia
1738 5351 1963 5408 oration

2137 5351 2164 5405 6
2194 5371 2258 5424 γε
2287 5354 2379 5405 νῦν
2436 5351 2514 5422 τῷ
2564 5349 2720 5427 λόγῳ
2779 5349 3093 5428 διατρανοῦν
3147 5353 3310 5425 μήτοι
3352 5371 3413 5427 γε
3461 5353 3598 5424 ἡμῖν
3629 5355 3747 5414 τοῖς

354 5436 662 5508 complecti
698 5441 756 5492 et
785 5437 1091 5510 explicare,
1142 5441 1370 5495 tantum
1422 5439 1586 5495 abest
1641 5443 1703 5495 ut
1760 5446 1971 5497 nostrae

2125 5437 2301 5511 πολλῷ
2332 5440 2411 5513 τῷ
2460 5439 2647 5516 χρόνῳ
2692 5441 2784 5496 καὶ
2829 5440 3019 5517 τρόπῳ
3065 5447 3164 5511 τῆς
3207 5439 3426 5494 ἐκείνων
3472 5437 3742 5513 ἀφεστῶσι

427 5610 509 5684 (ί)
544 5630 576 5661 «
608 5609 895 5683 Imputato
916 5627 1015 5671 ore
1033 5617 1320 5686 exspuent
1336 5615 1655 5672 venenatos
1675 5616 1908 5687 sputus.
1956 5637 1986 5667 »
2019 5614 2328 5691 (Lactant.)
