4096 6284
253 337 380 397 ’105

1304 330 1920 394 ECCLESIASTICE
1963 330 2354 391 HISTORIE
2396 331 2543 392 LIB.
2592 333 2637 392 Ι.

3568 333 3688 392 706

256 460 506 536 Θεωρίας
583 458 906 536 δυσέφικτα·
967 459 1092 513 ἀλλ’
1151 457 1265 512 οὐδ’
1329 459 1512 520 αὐτοῖς
1584 463 1699 519 τοῖς
1759 457 1923 517 θείοις

2048 458 2138 528 qui
2169 463 2226 513 et
2256 459 2610 530 temporibus
2640 463 2696 514 et
2726 460 2985 516 moribus
3017 460 3358 532 longissime
3389 462 3459 517 ab
3484 476 3684 517 eorum

258 549 691 624 εὐαγγελισταῖς
738 547 933 604 ἓκαστα
962 553 1068 602 τῶν
1120 549 1420 622 ὁραθέντων
1469 548 1670 619 ὑπῆρξε
1719 545 1920 615 διεξελ-

261 641 376 693 θεῖν
418 657 431 668 ⁸

263 723 473 796 ϐολάς,
522 726 788 802 δυσχερὲς
837 730 1138 782 παντάπασι
1188 729 1410 799 θεωρεῖν
1460 728 1546 779 καὶ
1598 727 1928 798 ἀναμετρεῐν.

501 637 692 710 ὥσπερ
750 638 982 708 ἡλιακὰς
1039 641 1250 696 ἁκεῖνας
1300 639 1389 692 καὶ
1439 637 1696 709 κυμάτων
1757 635 1926 706 ἐπεμ-

262 817 549 879 Ἐκείνοις
611 819 701 871 καὶ
751 819 851 892 γάρ
908 819 974 872 τά
1040 817 1414 889 ἐπισημότατα
1472 818 1558 870 καὶ
1619 815 1694 876 εἷς
1760 813 1931 868 πειθὼ

266 904 662 981 εὐπαράδεκτα
725 913 841 967 τοῖς
907 907 1191 960 ἁκούουσιν
1279 905 1444 959 εἰπεῖν
1515 907 1803 978 ἐξεγένετο,
1867 904 1934 957 τά

268 997 455 1052 πλείω
514 997 949 1070 παραλυποῦσιν,
1004 999 1083 1051 ἅτ’
1138 993 1306 1050 εἰδόσι
1355 998 1430 1069 μὴ
1484 994 1642 1070 ῥάδιά
1686 1017 1746 1069 γε
1795 995 1929 1048 εἶναι

272 1093 344 1159 τῷ
388 1089 603 1160 κόσμῳ
633 1087 995 1154 πιστεύεσθαι,
1025 1087 1112 1140 καὶ
1147 1091 1260 1147 τοῖς
1299 1087 1366 1140 τὰ
1408 1085 1604 1140 τούτου
1649 1089 1929 1159 φρονοῦσι,

271 1178 358 1231 καὶ
398 1176 748 1253 παχυτέροις
786 1177 878 1230 τὸν
926 1179 1066 1231 νοῦν.
1101 1175 1190 1236 Εἰς
1237 1175 1396 1228 τοῦτο
1443 1173 1544 1250 γὰρ
1593 1176 1750 1246 οἶμαι
1804 1193 1933 1226 συν-

271 1266 435 1320 τείνει
497 1266 595 1319 mi
654 1267 736 1328 τὸ,
799 1266 918 1319 Ἐὰν
973 1263 1249 1338 γράφηται
1306 1266 1422 1317 καθ’
1478 1259 1551 1330 ἓν,
1606 1259 1735 1333 μηδ’
1771 1261 1929 1315 αὐτὸν

274 1357 391 1408 οἷόν
429 1375 492 1408 τε
524 1355 625 1408 τὸν
669 1355 876 1425 κόσμον
924 1357 1200 1427 χωρήσειν
1237 1355 1303 1406 τά
1351 1353 1664 1427 γραφόμενα
1718 1346 1928 1425 βιϐλία.

277 1450 368 1498 Διὸ
426 1445 521 1498 καὶ
581 1446 770 1515 ἡμεῖς,
829 1443 926 1497 ὅσα
977 1444 1112 1516 πρὸς
1168 1445 1266 1511 τήν
1325 1441 1596 1516 ἀφήγησιν
1657 1439 1933 1512 ἐπιτόμως

277 1532 520 1588 διελθεῖν
588 1534 921 1588 συντείνοντα
965 1532 1257 1607 ᾑρημένοι,
1307 1532 1440 1605 πρὸς
1491 1532 1556 1585 τά
1595 1531 1784 1606 ἐφεξῆς
1834 1534 1931 1583 τοῦ

277 1622 447 1697 λόγου
511 1625 878 1697 χωρήσομεν.
937 1623 1064 1677 Τίνα
1119 1624 1296 1676 τοίνυν
1359 1621 1491 1674 εἰσὶν
1532 1621 1564 1677 ἃ
1599 1622 1698 1688 τὴν
1749 1623 1931 1688 Ἰησοῦ

279 1711 714 1790 πληροφοροῦσι
773 1713 1046 1781 θεότητα;
1106 1709 1283 1784 Ὓδιυρ
1341 1711 1415 1771 εἰς
1485 1712 1623 1764 οἶνον
1683 1710 1733 1763 ἐν
1792 1714 1933 1778 Κανᾷ

280 1804 448 1878 γάμῳ
507 1802 673 1876 λόγῳ
733 1802 885 1873 μόνῳ
947 1797 1282 1873 μεταϐληθέν
1319 1820 1331 1831 ·

285 1890 720 1964 δραπετεύοντος
767 1891 939 1963 λόγῳ,
988 1897 1086 1958 τῆς
1144 1910 1203 1943 τε
1254 1892 1510 1961 πενθερᾶς
1559 1890 1785 1959 Πέτρου,
1845 1886 1931 1940 καὶ

283 1986 376 2035 τοῦ
424 1979 629 2041 παιδὸς
673 1983 770 2035 τοῦ
820 1978 1145 2053 βασιλικοῦ·
1209 1977 1421 2052 λεπρῶν
1473 1979 1726 2051 κάθαρσις
1780 1978 1932 2049 μόνῳ

289 2070 560 2143 θελήματι
598 2089 612 2102 ·
677 2070 844 2142 ῥῶσις
901 2066 1104 2142 χωλῶν
1166 2067 1214 2120 ἐν
1297 2067 1448 2138 μόνῳ
1500 2067 1927 2140 προστάγματι·

285 2160 504 2235 τυφλῶν
538 2157 772 2213 πολλῶν
825 2157 914 2212 καὶ
962 2155 1021 2210 ἐκ
1069 2163 1288 2233 γενετῆς
1333 2150 1662 2228 ἀνάϐλεψις·
1713 2159 1931 2223 κωφῶν,

287 2246 508 2302 ἀλάλων
544 2249 635 2300 καὶ
672 2244 996 2320 μογιλάλων
1029 2245 1287 2321 γλώσσης
1335 2265 1392 2298 τε
1421 2246 1507 2298 καὶ
1554 2244 1723 2312 ἀκοῆς
1775 2241 1934 2316 διάρ-

290 2339 488 2408 θρωσις
517 2357 577 2390 τε
606 2335 698 2389 καὶ
738 2337 1001 2407 τράνωσις
1028 2353 1040 2363 ·
1093 2331 1368 2405 συνδρομή
1426 2333 1606 2406 μελῶν
1637 2333 1688 2394 ἐς
1739 2336 1930 2387 ταυτό-

294 2447 431 2494 τητα
478 2425 663 2500 χρόνῳ
713 2423 1064 2478 διαλυθεῖσα·
1115 2421 1362 2490 ἔδειξενὸ
1401 2421 1459 2475 ἐκ
1507 2423 1760 2494 κεράμων
1811 2424 1932 2475 τέσ-

302 2534 453 2586 σαρσι
501 2513 794 2589 χαλασθεὶς
849 2514 1140 2586 σχοινίοις,
1188 2512 1276 2565 καὶ
1310 2513 1337 2565 ὁ
1378 2510 1462 2565 έπῖ
1502 2517 1569 2585 τῇ
1600 2517 1696 2565 τοῦ
1749 2511 1933 2566 Σολο-

311 2605 518 2671 μῶντος
575 2596 876 2674 προϐατικῇ
937 2600 1024 2670 λη’
1081 2598 1172 2669 ἔτη
1227 2598 1652 2673 ταλαιπωρήσας
1687 2621 1698 2632 ο
1759 2604 1935 2672 ξηρῶν

314 2695 514 2761 χε,ρῶν
561 2692 625 2742 τά
676 2688 839 2762 δεσμὰ
900 2689 1187 2760 ἀνιέμενα·
1231 2689 1408 2762 χαμαὶ
1459 2689 1720 2743 νευόντων
1777 2685 1934 2763 ἀνόρ-

323 2778 518 2837 θωσις·
577 2778 833 2833 πλείστων
898 2774 1226 2851 παρεμϐολὴ
1296 2775 1568 2850 δαιμόνων
1633 2779 1801 2848 ἁθρόα
1861 2779 1936 2838 εἰς

329 2869 496 2940 φυγὴν
525 2868 816 2941 τρεπομένη
844 2889 856 2900 ·
891 2873 997 2922 τῶν
1030 2867 1080 2922 ἐν
1131 2866 1364 2936 σελήνης
1413 2868 1693 2922 παθὸντων
1733 2869 1940 2940 καοαρ-

321 2973 443 3015 σις’
497 2955 600 3030 ἀφῇ
659 2955 960 3028 κρασπέδου
1019 2956 1170 3032 ρόσις
1233 2956 1492 3028 ἱσταμένη
1554 2956 1783 3029 λαθραία
1841 2962 1938 3011 τοῦ

318 3037 579 3113 αἵματος·
615 3045 643 3098 ὁ
691 3049 788 3098 τοῦ
845 3045 1243 3117 ἑκατοντάρχου
1296 3050 1420 3104 παῖς
1468 3048 1565 3096 τοῦ
1610 3041 1936 3116 προσδοκω-

318 3129 468 3198 μένου
519 3131 771 3188 κινδύνου
823 3133 1120 3207 ῥυόμενος·
1178 3134 1408 3206 Ἰαείρου
1453 3133 1736 3207 θυγάτριον
1782 3133 1940 3187 θανά-

1393 1799 1532 1862 ἷάσις
1585 1821 1642 1852 τε
1700 1802 1932 1872 πυρετοῦ
1969 1831 2012 1894 Β

2039 548 2322 603 absumus
2377 548 2884 619 contemplatione,
2919 551 2994 605 sit
3038 550 3347 617 facultatis,
3383 556 3448 605 ut
3476 567 3548 606 ne
3578 549 3689 620 ipsi

2040 637 2275 706 quidem
2309 636 2487 691 divini
2536 639 2898 707 evangelista:
2931 655 3171 709 quasque
3205 640 3526 710 sigillatim,
3562 657 3686 708 quae

2041 727 2332 793 viderunt,
2367 729 2576 782 referre
2627 729 2919 798 potuerint
2954 746 2966 782 :
3001 730 3241 799 perinde
3288 738 3460 801 atque
3504 732 3692 784 radio-

2042 833 2170 870 rum
2204 816 2365 875 solis,
2396 821 2452 869 et
2498 817 2733 871 fluctum
2767 818 2877 872 sibi
2909 819 3052 888 ipsis
3083 819 3387 874 confertim
3419 819 3692 890 ingruen-

2042 905 2209 969 tium,
2243 905 2526 960 rationem
2558 911 2615 960 et
2645 922 2954 961 numerum
2989 907 3133 961 inire
3162 908 3393 962 omnino
3423 925 3536 962 non
3579 916 3689 964 est.

2044 993 2164 1048 Illis
2211 995 2493 1064 siquidem
2545 992 2925 1050 celeberrima
2963 1012 3230 1065 quisque,
3264 1002 3326 1051 ut
3357 1012 3485 1066 qum
3516 997 3691 1052 fidem

2043 1083 2291 1137 maxime
2333 1083 2488 1152 apud
2535 1083 2827 1138 auditores
2880 1084 3144 1139 habitura
3189 1091 3402 1152 essent,
3451 1101 3694 1141 comme-

2042 1189 2269 1228 morare
2318 1173 2460 1228 satis
2509 1174 2617 1227 fuit
2651 1190 2664 1227 :
2696 1175 3005 1229 maximam
3055 1191 3254 1230 eorum
3305 1180 3529 1245 partem
3563 1191 3688 1247 quin

2043 1279 2158 1317 non
2191 1262 2356 1317 facile
2387 1262 2443 1316 in
2476 1262 2682 1332 vulgus
2713 1263 3038 1332 probabilia
3065 1269 3280 1330 essent,
3303 1265 3613 1333 mundove,
3637 1267 3695 1319 et

2041 1351 2141 1421 qui
2209 1352 2382 1420 hujus
2447 1352 2658 1405 studiis
2717 1357 3002 1416 tenentur,
3061 1354 3447 1424 crassiorique
3503 1361 3694 1408 mente

2042 1446 2201 1506 sunt,
2236 1445 2300 1494 ut
2347 1441 2732 1507 crederentur,
2768 1442 3100 1510 persuaderi
3133 1449 3391 1511 possent,
3423 1443 3695 1512 persequi

2042 1529 2572 1599 supersedentibus.
2608 1530 2730 1584 Huc
2777 1532 2931 1584 enim
2975 1530 3174 1585 referri
3209 1530 3352 1585 illud
3393 1531 3643 1586 arbitror
3677 1549 3691 1584 :

2042 1619 2100 1672 Si
2151 1619 2350 1673 omnia
2397 1618 2697 1689 sigillatim
2751 1619 3202 1688 perscribantur,
3234 1618 3353 1675 98
3390 1635 3460 1675 ne
3497 1621 3696 1692 ipsum

2043 1707 2277 1776 quidem
2329 1708 2616 1762 mundum
2667 1714 3034 1776 recepturum
3086 1725 3234 1768 esse,
3269 1710 3370 1779 qui
3409 1708 3698 1764 scribendi

2044 1802 2256 1864 essent,
2291 1795 2485 1851 libros.
2520 1797 2764 1852 Proinde
2814 1803 2870 1852 et
2919 1813 3025 1851 nos
3069 1813 3271 1852 eorum
3307 1815 3434 1869 quas
3465 1799 3537 1852 ad
3571 1814 3702 1866 prie-

2045 1892 2269 1940 sentem
2330 1885 2718 1940 narrationem
2777 1895 2913 1941 sunt
2945 1887 3402 1954 accommodata,
3435 1903 3704 1958 compen-

2048 1975 2208 2029 diose
2263 1977 2735 2042 exponendorum
2797 1975 3020 2030 delectu
3080 1976 3302 2044 habito,
3349 1977 3420 2031 ad
3476 1976 3702 2047 reliqua

2045 2063 2299 2118 instituti
2347 2062 2528 2117 nostri
2571 2064 2774 2118 ordine
2805 2067 3204 2134 persequenda
3235 2065 3698 2135 progrediamur.

2045 2152 2320 2214 Quanam
2353 2151 2533 2221 igitur
2563 2159 2723 2217 sunt,
2756 2170 2881 2222 quae
2913 2157 3130 2208 certam
3183 2153 3532 2223 plenamque
3558 2153 3702 2207 divi-

2047 2243 2240 2297 nilalis
2280 2240 2419 2295 Jesu
2471 2240 2691 2296 faciunt
2740 2241 2963 2297 fidem?
3006 2244 3168 2312 Aqua
3214 2243 3273 2296 in
3325 2245 3524 2296 vinum
3579 2241 3703 2297 solo

2045 2333 2214 2386 verbo
2245 2347 2408 2385 versa
2439 2331 2495 2384 in
2530 2331 2748 2400 nuptiis
2781 2332 2836 2384 in
2873 2332 3049 2390 Cana,
3085 2331 3259 2386 febris
3289 2331 3460 2385 verbo
3500 2331 3698 2384 itidem

2047 2422 2413 2491 propulsatm,
2464 2435 2577 2488 qua
2625 2420 2775 2488 apud
2841 2420 2991 2474 Petri
3063 2436 3319 2487 socrum,
3371 2436 3488 2489 qua
3542 2419 3700 2490 apud

2045 2510 2185 2578 regii
2218 2508 2472 2563 hominis
2500 2524 2768 2579 puerum,
2800 2509 3019 2564 curatio
3055 2527 3068 2574 ;
3101 2511 3462 2580 leprosorum
3504 2508 3705 2563 volun-

2047 2604 2161 2654 tate
2209 2598 2331 2653 sola
2383 2599 2687 2667 purgatio;
2721 2600 3061 2654 claudorum
3094 2598 3232 2653 item
3273 2599 3547 2653 mandato
3579 2597 3703 2653 solo

2045 2690 2307 2754 sanatio;
2361 2688 2680 2743 multorum
2731 2688 2906 2743 etiam
2968 2707 3001 2742 a
3060 2689 3359 2744 nativitate
3414 2703 3698 2743 caecorum

2047 2779 2419 2842 illuminatio,
2445 2779 2781 2843 surdorum,
2805 2781 3253 2850 eorumdemque
3274 2779 3358 2834 vel
3390 2776 3701 2833 difﬁculter

2048 2868 2134 2920 vel
2174 2867 2408 2921 omnino
2458 2882 2567 2920 non
2617 2865 3004 2936 loquentium,
3040 2865 3252 2936 linguae
3303 2865 3480 2921 simul
3519 2874 3575 2920 et
3605 2881 3708 2920 au-

2050 2955 2206 3010 ditus
2255 2955 2564 3010 articulate
2611 2959 2667 3009 et
2713 2955 2870 3009 clara
2915 2955 3240 3024 expeditio;
3272 2956 3532 3009 membra
3571 2969 3698 3024 quas

2049 3045 2307 3116 longiore
2337 3044 2613 3115 temporis
2645 3046 2828 3114 spatio
2859 3044 3043 3099 soluta
3074 3045 3324 3112 fuerant,
3346 3045 3416 3098 ad
3439 3044 3699 3099 officium

2047 3151 2222 3191 suum
2271 3134 2525 3200 reducta,
2559 3150 2688 3189 cum
2720 3135 2779 3188 in
2809 3149 2875 3189 eo
2907 3134 3006 3204 qui
3051 3151 3084 3188 a
3113 3140 3366 3205 quatuor
3393 3133 3605 3205 bajulis
3631 3149 3702 3188 ex

313 3239 402 3273 του
449 3219 854 3296 λυτρούμενον·
907 3222 1180 3277 παντοίων
1229 3223 1318 3275 καὶ
1367 3221 1636 3276 ποικίλων
1687 3228 1935 3294 πονηρῶν

2053 3230 2198 3279 tecto
2235 3240 2331 3294 per
2379 3225 2598 3293 tegulas
2648 3224 2888 3279 funibus
2919 3225 3214 3279 demissus
3242 3225 3452 3290 fuerat,
3482 3229 3609 3278 tum
3641 3223 3704 3277 in

315 3313 624 3382 πνευμάτων
673 3312 856 3380 δίωξις
887 3315 974 3366 καὶ
1026 3313 1308 3379 ἀπέλασις,
1358 3313 1446 3365 καὶ
1480 3311 1570 3364 σὺν
1604 3311 1768 3386 ἀγέλη
1812 3312 1940 3385 χοί-

318 3417 431 3469 ρων,
474 3401 890 3477 ἀποπνιγομένῃ
941 3409 1060 3461 τοῖς
1111 3400 1313 3456 ὕδασιν.
1350 3403 1468 3455 Ἐπὶ
1521 3400 1737 3461 τούτοις
1787 3401 1942 3456 πέντε

315 3485 455 3559 ἄρτοι
503 3491 595 3543 καὶ
667 3490 850 3563 ἰχθύες
921 3488 1037 3558 δύο,
1105 3489 1582 3563 πεντακισχιλίους
1646 3491 1720 3551 εἰς
1781 3490 1940 3563 κόρον

314 3577 611 3652 τρέφοντες,
679 3580 769 3632 καὶ
827 3581 861 3646 ἡ
917 3578 1120 3633 τούτων
1191 3579 1462 3652 περισσεία
1519 3576 1728 3632 δώδεκα
1785 3580 1943 3655 κόφι-

313 3683 424 3716 νοι·
480 3666 529 3720 ἐν
593 3666 728 3721 ἑπτα
787 3665 842 3720 δὲ
902 3667 1066 3722 πάλιν
1128 3667 1565 3741 τετρακισχίλιοι
1619 3668 1943 3740 τρεφόμενοι

311 3748 497 3826 ἕτεροι,
555 3757 650 3811 καὶ
709 3757 840 3810 ἑπτὰ
910 3755 1160 3831 σπυρίδες
1217 3758 1541 3829 θαυμαστῶς
1597 3758 1946 3831 περιττεύου-

316 3861 430 3894 σαι·
489 3845 766 3913 θαλάττης
801 3847 874 3906 ὡς
924 3844 1011 3899 ἐπὶ
1067 3844 1382 3918 στερρότητι
1434 3845 1660 3924 ἐδάφους
1707 3846 1945 3919 περίπα-

312 3950 419 4000 τος,
451 3935 549 3989 οὐκ
601 3934 765 3988 αὐτοῦ
821 3935 1012 4007 μόνου,
1058 3934 1204 3989 ἀλλὰ
1250 3936 1339 3989 καὶ
1385 3935 1590 4008 Πέτρου
1635 3936 1732 3989 τοῦ
1781 3956 1941 4010 κορυ-

315 4019 463 4095 ςαίου
493 4028 603 4078 τῶν
661 4025 939 4096 μαθητῶν,
992 4025 1127 4078 κατὰ
1174 4025 1488 4098 προτροπὴν
1537 4027 1755 4093 Ἰησοῦ·
1810 4046 1949 4098 σφο-

317 4103 437 4180 δρᾶς
488 4111 808 4183 ἐπιτίμησις
863 4111 1193 4187 καταιγίδος,
1253 4113 1596 4189 φιμουμένης
1654 4113 1947 4184 θαλάσσης,

316 4197 399 4250 καὶ
444 4203 580 4273 πρὸς
638 4201 836 4275 ἀθρόαν
901 4197 1389 4274 μεταϐαλλομένης
1447 4201 1693 4278 γαλήνην
1732 4201 1793 4256 ἐκ
1820 4202 1950 4257 κλύ-

319 4281 476 4346 δωνος
512 4309 523 4320 ·
591 4287 904 4363 ὑδρωπικοῦ
950 4311 1008 4344 τε
1050 4293 1258 4364 γαστήρ
1320 4290 1640 4345 συσταλεῖσα
1695 4293 1772 4362 τῷ
1830 4291 1948 4346 νεό-

322 4395 443 4443 ματι
467 4397 478 4409 ·
512 4379 606 4434 καὶ
643 4381 772 4432 Ναὶν
804 4379 861 4433 δὲ
957 4379 1119 4440 πόλις
1168 4380 1259 4434 τόν
1309 4402 1365 4435 τε
1412 4382 1588 4454 χήρας
1635 4382 1750 4434 υἱὸν
1800 4381 1952 4457 ἐκρο-

322 4464 574 4535 ρούμενον
637 4463 873 4539 ἔμπνουν
930 4467 1079 4531 αὖθις
1129 4469 1244 4544 ὁρᾷ.
1299 4470 1401 4524 Καὶ
1458 4470 1702 4532 συνόλως
1759 4470 1950 4539 εἰπεῖν,

2051 3329 2116 3368 eo
2161 3329 2390 3384 quoque
2439 3313 2540 3384 qui
2582 3315 2651 3368 ad
2705 3313 3070 3368 Probaticam
3105 3313 3434 3368 Solomonis
3466 3312 3706 3381 triginta

2051 3407 2108 3456 et
2137 3412 2262 3457 octo
2295 3419 2479 3457 annos
2511 3418 2659 3470 aeger
2687 3403 3043 3458 decubuerat
3069 3421 3080 3468 ;
3104 3403 3400 3457 aridarum
3425 3416 3702 3456 manuum

2051 3492 2242 3546 laxata
2287 3491 2552 3556 vincula;
2587 3508 2785 3546 eorum
2830 3495 2930 3561 qui
2981 3493 3038 3546 in
3086 3497 3296 3546 terram
3337 3490 3594 3559 corporis
3624 3488 3709 3542 in-

2054 3585 2364 3640 clinatione
2385 3589 2704 3654 vergerent,
2729 3584 2943 3638 directa
2967 3584 3253 3639 restitutio
3278 3600 3292 3648 ;
3318 3582 3708 3652 plurimorum

2054 3675 2384 3727 daemonum
2419 3673 2686 3742 praesidia
2719 3678 2775 3726 et
2804 3679 2996 3728 castra
3027 3689 3141 3727 uno
3173 3673 3392 3742 impetu
3424 3670 3484 3724 in
3517 3671 3708 3739 fugam

2054 3779 2257 3827 versa;
2298 3761 2530 3815 lunatici
2585 3761 2771 3815 morbi
2821 3762 3110 3832 expiatio;
3165 3761 3356 3815 ﬂuxus
3405 3757 3710 3827 sanguinis

2055 3850 2278 3906 occulto
2328 3850 2570 3904 fimbrias
2619 3850 2798 3904 vestis
2846 3856 3116 3904 contactu
3166 3849 3542 3913 consistens;
3584 3862 3713 3902 cen-

2055 3940 2302 3994 turionis
2337 3955 2480 4010 puer
2508 3943 2838 4008 exspectato
2862 3944 2918 3993 et
2939 3939 3064 4008 jam
3089 3938 3432 3992 imminente
3455 3935 3708 4006 periculo

2059 4029 2337 4083 liberatus
2366 4045 2379 4093 ;
2411 4026 2553 4082 Jairi
2585 4027 2700 4080 tilia
2732 4044 2765 4081 a
2797 4034 2979 4082 morte
3027 4027 3301 4097 reducta;
3337 4024 3713 4080 multifariam

2059 4116 2469 4186 variorumque
2533 4115 2817 4170 malorum
2867 4116 3183 4186 spirituum
3243 4113 3602 4186 propulsatio
3659 4115 3717 4166 et

2061 4206 2286 4274 ejectio,
2318 4214 2489 4275 atque
2535 4221 2651 4259 una
2696 4221 2829 4259 cum
2879 4220 3052 4275 grege
3092 4219 3401 4275 porcorum
3449 4203 3506 4256 in
3542 4200 3716 4257 undis

2063 4294 2411 4350 submersio.
2443 4293 2574 4349 Jam
2624 4294 2884 4366 quinque
2935 4293 3203 4363 panibus,
3249 4293 3596 4362 duobusque
3641 4290 3719 4360 pi-

2065 4383 2262 4440 scibus
2312 4384 2625 4453 quinquies
2673 4381 2831 4437 mille
2873 4381 2980 4435 viri
3031 4383 3099 4437 ad
3153 4383 3473 4436 satietatem
3531 4396 3718 4450 usque

2067 4473 2283 4535 refecti,
2318 4472 2642 4541 horumque
2690 4470 2944 4541 reliquis:
2994 4471 3303 4526 duodecim
3335 4469 3570 4540 caphini
3606 4485 3618 4522 :
3650 4485 3717 4524 ac

319 4553 488 4624 πάσης
526 4558 621 4612 καὶ
678 4556 934 4619 παντοίας
992 4562 1258 4631 σωμάτων
1323 4557 1590 4630 μαλακίας
1649 4559 1738 4612 καὶ
1795 4558 1935 4612 ἀσθε-

2061 4569 2281 4631 septem
2336 4577 2570 4614 rursum
2622 4561 2869 4628 panibus
2909 4565 3114 4629 quater
3143 4559 3302 4615 mille
3337 4557 3482 4628 pasti
3508 4557 3630 4624 alii,
3662 4564 3719 4611 et

319 4641 454 4704 νείας
489 4645 746 4720 θεραπεία
775 4646 862 4699 καὶ
897 4645 1060 4708 ἷάσις.

2061 4655 2272 4720 sportae
2302 4653 2544 4718 septem,
2570 4664 2696 4718 quas
2719 4649 2933 4719 insigni
2956 4649 3368 4719 superfuerunt
3399 4645 3674 4702 miraculo
3699 4661 3713 4699 :

319 4730 374 4784 in
421 4739 565 4792 mari
622 4754 735 4792 non
788 4737 902 4792 alia
949 4754 1121 4809 quam
1163 4739 1222 4794 in
1273 4738 1453 4794 solido
1493 4739 1817 4810 pavimento
1877 4738 2295 4803 deambulatio,
2330 4755 2433 4793 nec
2464 4738 2649 4809 ipsius
2698 4755 2766 4793 ea
2807 4742 3062 4805 tantum,
3091 4752 3300 4794 verum
3344 4735 3520 4792 etiam
3562 4736 3716 4790 Petri

320 4819 730 4895 discipulorum
777 4827 1076 4898 principis,
1137 4828 1320 4899 ipsius
1383 4829 1522 4884 Jesu
1594 4828 1987 4883 cohortatione
2061 4833 2332 4898 suscepta
2380 4847 2394 4894 ;
2457 4827 2811 4881 vehementis
2872 4827 3190 4898 increpatio
3245 4824 3530 4895 procellae,
3588 4840 3715 4894 quae

323 4923 473 4968 mare
532 4918 782 4984 pacavit,
814 4926 988 4987 atque
1040 4934 1107 4972 ex
1156 4922 1499 4988 tempestate
1547 4933 1696 4972 saeva
1744 4918 1815 4970 ad
1869 4917 2175 4972 malaciam
2226 4924 2282 4971 et
2327 4915 2816 4986 tranquillitatem
2848 4931 3142 4970 summam
3190 4912 3453 4980 reduxit;
3507 4914 3717 4985 hydro-

323 5000 431 5067 pici
484 5013 704 5076 venter,
752 5013 898 5061 nutu
950 5013 1296 5074 contractus,
1346 5017 1515 5076 atque
1563 5007 1632 5060 ad
1683 5011 1896 5060 statum
1951 5023 2125 5061 suum
2179 5007 2495 5070 reductus;
2549 5004 2749 5060 civitas
2799 5020 3030 5075 quoque
3078 5004 3264 5070 Naim,
3322 5019 3443 5072 qua:
3501 5003 3718 5056 elatum

322 5089 498 5147 viduae
546 5097 731 5151 ﬁlium
778 5095 1098 5152 redivivum
1151 5099 1486 5168 conspexit;
1521 5102 1716 5167 atque,
1751 5101 1815 5150 ut
1861 5097 2038 5150 semel
2085 5096 2294 5166 dicam,
2328 5095 2471 5151 varii
2520 5100 2575 5150 et
2623 5094 2814 5150 omnis
2860 5097 3088 5166 generis
3135 5109 3443 5166 corporum
3479 5092 3719 5165 languo-

327 5177 415 5234 ris
444 5188 497 5237 et
523 5185 950 5240 imbecillitatis
979 5180 1258 5242 auxilium
1294 5201 1546 5256 praesens
1577 5190 1633 5238 et
1665 5185 1907 5240 curatio.
