4096 6284
397 358 514 422 7οῚ
1120 339 1127 348 ’
1695 353 2014 420 NICEPHC

2192 358 2515 422 lALLlSTI
3681 365 3809 429 108

933 490 1046 549 90
1076 489 1307 548 CAPUT
1335 490 1508 548 XXV.
2080 492 2136 558 Α

2080 492 2136 558 Α
2776 499 3030 551 ΚΕΦΑΛ.
3074 497 3197 554 KE'.

391 607 470 661 De
498 602 686 659 divina
735 601 1224 680 {raizsﬁgaratimie
1269 599 1598 680 βενυιιτονίεἰ
1627 597 1786 680 etde
1813 597 2008 668 miri/it

2197 599 2314 674 [ερὶ
2374 602 2722 680 τῆςθείγας
2776 605 3366 680 μετα-μοριείώσεως
3411 610 3526 661 τοῦ
3578 613 3814 680 Σωτῆ-

677 673 945 729 mz'racuio
973 675 1033 726 in
1063 673 1237 728 amico
1265 673 1475 727 Lazaro
1504 671 1766 727 exhibito.
2232 671 2294 755 ρέ

2232 671 2375 755 ρος,
2407 672 2515 726 καὶ
2545 679 2721 755 τ“οῖ’›⁸κ
2739 671 2861 755 αι’τά
2888 671 3003 730 τὸν
3032 671 3147 750 ᾠίλ
3166 697 3232 732 ον
3261 677 3377 734 αὐτ
3395 683 3467 732 οὖ
3509 671 3813 755 Λάζαρον

2233 743 2397 818 ὑπερ
2429 749 2640 821 τρυοῦς
2670 743 3046 820 θαύματος,

461 855 734 912 Sedenim
786 853 1116 910 divinorum
1175 853 1590 910 miraculorum
1651 853 1911 909 omnium
1976 852 2050 908 ad

2233 850 2332 904 Καὶ
2360 851 2423 906 τὸ
2453 851 2670 907 πάντων
2717 853 3002 928 κράτιστόν
3049 875 3108 909 τε
3149 854 3241 909 καὶ
3271 853 3489 931 ἄριστον
3518 856 3657 931 πρὸς
3699 859 3811 925 τήν

390 942 566 1000 fidem
610 943 930 1000 divinitatis
978 943 1106 1014 ejus
1149 941 1476 999 faciendam
1521 941 1923 1014 potissimum,
1953 957 2007 996 m

2196 946 2258 1010 ἧς
2289 941 2547 1012 θεότητος
2595 942 2856 1000 πίστωσιν
2907 944 3282 1020 ἐναργέστατον
3327 950 3432 1000 τῶν
3483 948 3813 1020 θεοσημιῶν

388 1032 614 1088 ximum
661 1035 718 1088 et
771 1029 1268 1089 evidentissimum
1325 1035 1434 1100 est,
1480 1031 1542 1086 in
1603 1035 1858 1086 montem
1915 1047 2005 1086 οιιι

2225 1030 2361 1104 πρὸς
2389 1031 2452 1085 τὸ
2483 1029 2610 1104 ὅρος
2649 1033 2784 1105 μετὰ
2808 1037 2915 1088 τῶν
2963 1035 3220 1106 μαθητῶν
3269 1032 3484 1102 ἄνοδος,
3525 1036 3618 1090 καὶ
3663 1037 3819 1111 πρὸς

391 1123 698 1197 discipulis
744 1140 1023 1182 ascensus
1067 1123 1185 1189 ille,
1225 1127 1284 1180 et
1329 1123 1592 1194 corporis
1623 1125 1693 1180 ad
1725 1123 1934 1180 divinas
1967 1124 2008 1180 si

2200 1116 2480 1180 ὸθεοειδὲς
2520 1127 2621 1189 τῆς
2683 1129 2898 1198 μορφῆς
2949 1127 3052 1177 τοῦ
3103 1123 3363 1195 σώματος
3409 1123 3631 1200 ἀλλαγή
3669 1143 3685 1157 θ
3739 1127 3817 1194 ἧς

392 1213 593 1270 milem
645 1213 891 1269 formam
942 1214 1227 1282 mutatio;
1263 1213 1434 1284 cujus
1479 1215 1832 1284 spectatores
1861 1215 1928 1268 ut
1954 1216 2009 1268 te

2199 1207 2420 1264 ὖτὸπται
2454 1206 2721 1284 ἀμυδροῖς
2765 1209 2972 1289 ἴχνεσιν
3017 1211 3070 1266 οἱ
3118 1216 3228 1266 τῶν
3277 1215 3536 1284 μαθητῶν
3585 1218 3816 1290 πρῶτοι

391 1302 610 1359 auibus
665 1303 980 1359 admodum
1048 1301 1310 1374 vestigiis
1371 1301 1599 1370 ﬁerent,
1653 1301 1932 1374 praecipui
1982 1315 2008 1357 ε

2198 1297 2588 1369 ατηξιώθησαν,
2649 1298 2853 1374 Πέτρος
2899 1301 2989 1379 καὶ
3047 1301 3104 1355 οἱ
3166 1305 3264 1356 τοῦ
3320 1297 3607 1358 Ζεϐεδαίου
3667 1305 3815 1360 υἱοί.

391 1391 716 1463 discipulis,
747 1391 967 1449 honore
1024 1397 1190 1447 tanto
1237 1390 1400 1461 digni
1451 1391 1727 1461 reputati,
1774 1390 2008 1447 obtinue

2202 1389 2608 1463 Ῑροσευχομένου
2668 1389 2762 1461 μὲν
2811 1390 2917 1463 γὰρ
2965 1388 3152 1458 αὐτοῦ,
3197 1390 3275 1452 εἰς
3305 1387 3451 1453 εἶδος
3497 1391 3665 1462 ἡλίου
3719 1393 3819 1447 καὶ

392 1485 552 1548 runt,
606 1480 812 1536 Petrus
867 1484 926 1536 et
981 1479 1240 1535 Zebedmi
1299 1478 1426 1534 filii.
1477 1479 1695 1536 Orante
1744 1479 1902 1536 enim
1957 1495 2009 1536 et

2203 1475 2358 1549 ολλῴ
2391 1482 2577 1550 μεῖζον
2604 1477 2668 1532 τὸ
2705 1480 2999 1552 πρόσωπον
3050 1478 3216 1534 αὒτοῦ
3263 1478 3580 1555 ἀνέλαμψε·
3628 1483 3701 1536 τὰ
3755 1479 3819 1537 δὲ

393 1569 584 1626 instar
631 1568 796 1635 solis,
839 1568 1139 1640 multoque
1185 1568 1364 1624 etiam
1413 1567 1651 1637 clarius,
1701 1569 1877 1624 facies
1920 1569 2010 1640 eju

2202 1569 2354 1623 ιάτια
2381 1569 2548 1624 αὖτοῦ
2595 1569 2786 1640 οἷάπερ
2818 1573 2934 1646 φῶς
2981 1569 3373 1646 περιηύγαζον.
3425 1573 3520 1628 Ἐκ
3563 1577 3674 1626 τῶν
3709 1575 3819 1626 τοῦ

392 1657 621 1724 reluxit,
655 1674 722 1714 ac
763 1663 955 1714 vestes
1005 1657 1246 1728 perinde
1291 1661 1468 1728 atque
1517 1655 1617 1712 lux
1661 1657 2008 1728 resplendue

2204 1655 2291 1712 δου
2323 1655 2381 1712 δὲ
2411 1658 2700 1730 πυθμένων
2728 1656 2818 1713 καὶ
2850 1657 2877 1712 6
2906 1661 3004 1712 τοῦ
3034 1659 3210 1732 νόμου
3253 1660 3500 1735 χορηγὸς
3547 1659 3821 1738 ἀνέτρεχε

394 1751 547 1802 runt.
581 1747 662 1802 Ex
707 1747 824 1802 imo
871 1749 1064 1802 autem
1115 1745 1434 1802 inferorum
1482 1762 1716 1802 recessu
1769 1745 1916 1818 legis
1944 1747 2011 1802 ad

2200 1753 2422 1815 [ωϋσῆς,
2470 1746 2559 1800 καὶ
2607 1745 2800 1809 Ἠλίας
2845 1753 2946 1817 τῆς
2995 1742 3322 1821 ἀποκροόῆς
3379 1747 3642 1818 ἀποστὰς,
3705 1747 3817 1822 ἒμ-

395 1835 666 1891 minister
703 1837 889 1892 Moses
938 1851 1244 1907 apparens,
1277 1839 1334 1890 et
1377 1835 1555 1890 simul
1604 1834 1798 1891 Helias
1847 1851 1919 1890 ex
1950 1850 2012 1892 oc

2202 1837 2332 1905 ανὴς
2379 1833 2706 1890 ἀνεδείκνυτο
2733 1857 2746 1868 ·
2778 1837 2867 1890 καὶ
2914 1833 3080 1914 ἄμφω
3121 1833 3177 1890 δὲ
3207 1844 3568 1912 συμπαρῆσαν
3621 1835 3819 1910 ὃιομι-

395 1923 568 1980 eultis
619 1923 857 1980 latebris
919 1923 1222 1993 exsistens,
1282 1928 1494 1996 praesto
1555 1924 1735 1980 fuere.
1800 1925 2012 1996 Uterqu

2199 1925 2421 1998 οὖμενοι
2451 1926 2574 1998 περὶ
2605 1930 2704 1994 τῆς
2754 1925 2869 1979 κατ’
2917 1925 3083 1980 αὐτὸν
3133 1927 3358 2000 πορείας
3405 1923 3496 1980 διὰ
3547 1931 3813 2002 σταυροῦ,

393 2029 564 2085 porro
613 2029 749 2068 cum
796 2029 863 2069 eo
911 2012 1184 2070 collocuti
1235 2016 1376 2070 sunt
1421 2013 1492 2068 de
1540 2013 1893 2086 migratione
1921 2015 2010 2085 eju

2198 2037 2220 2068 ν
2274 2013 2478 2088 ἔμελλε
2529 2014 2643 2087 μετ’
2691 2012 2886 2091 ἀλίγον
2961 2013 3233 2090 περαίνειν
3291 2015 3684 2091 Ἰερουσαλήμ.
3745 2017 3815 2074 ’Ὁ

393 2121 495 2177 per
542 2120 802 2172 crucem,
833 2121 1010 2178 quam
1060 2105 1220 2162 brevi
1270 2108 1619 2176 peracturus
1649 2108 1835 2162 fuerat
1865 2105 1924 2161 in
1954 2109 2010 2162 Je

2195 2105 2224 2172 ἠ
2283 2103 2408 2158 τότε
2458 2103 2552 2174 μὲν
2600 2103 2652 2156 οἱ
2709 2107 2906 2175 μῦσται
2953 2101 3416 2179 καταπλαγέντες,
3462 2104 3604 2166 τέως
3649 2105 3812 2184 εἶχον

397 2195 678 2252 rusalem.
709 2195 1013 2264 Caeterum,
1047 2195 1144 2266 qui
1185 2210 1288 2266 per
1318 2191 1437 2250 tam
1477 2193 1747 2252 sublimis
1777 2195 2014 2253 miracul

2195 2198 2308 2268 ιγῇ,
2358 2193 2620 2270 ὑπερφυὲς
2672 2191 3029 2267 λογιζόμενοι
3059 2212 3073 2224 ο
3119 2191 3210 2248 ὅτε
3257 2214 3320 2270 γε
3368 2195 3476 2267 μὴν
3517 2195 3580 2249 τὸ
3615 2201 3808 2266 μεῖζον

395 2291 776 2356 conspectum
837 2283 1068 2340 arcanis
1116 2283 1276 2340 illius
1334 2284 1516 2340 sacris
1561 2284 1772 2340 initiati
1829 2287 2012 2342 essent

2196 2283 2257 2351 ἦν
2307 2281 2376 2352 ἐκ⁸
2426 2287 2630 2356 νεκρῶν
2685 2280 2969 2336 ἀνάστασιν
3029 2281 3330 2352 ἐθεάσαννο,
3396 2279 3654 2354 τηνικάδε
3721 2282 3813 2339 καὶ

395 2373 797 2446 magnitudine
842 2373 970 2444 eius
1017 2373 1400 2442 consternati,
1434 2377 1562 2429 tum
1609 2373 1664 2428 id
1700 2374 1934 2445 quidem
1967 2373 2012 2429 si

2197 2376 2320 2427 οὓτο
2352 2373 2488 2446 πρὸς
2517 2377 2634 2434 τοῖς
2686 2370 2884 2434 ἄλλοις
2934 2371 3012 2433 εἰς
3041 2371 3218 2428 πίστιν
3267 2372 3586 2447 τρανότερον
3643 2374 3814 2429 ἅπασι

395 2463 572 2520 lentio
619 2471 828 2529 texere,
859 2479 1038 2534 supra
1089 2466 1309 2518 natura;
1340 2469 1574 2533 captum
1606 2463 1663 2517 id
1697 2463 2012 2519 arbitrante

2196 2463 2502 2536 ιεκήρυξαν.
2536 2460 2635 2516 Καὶ
2667 2460 2774 2535 πρό
2813 2481 2874 2536 γε
2919 2462 3140 2530 τούτου,
3174 2461 3203 2516 '6
3236 2459 3302 2532 δὴ
3336 2462 3472 2536 πρὸς
3499 2463 3594 2517 τὸν
3647 2463 3812 2541 φίλον

397 2567 545 2608 esse.
579 2553 724 2608 Cum
755 2555 947 2608 autem
981 2555 1180 2622 postea
1209 2567 1276 2606 eo
1307 2551 1502 2621 majus
1545 2551 1829 2606 vidissent
1868 2551 2010 2622 prod

2194 2550 2304 2622 ὖτῷ
2353 2549 2619 2625 ἐνήργησε
2667 2551 2936 2624 Λάζαρον,
2993 2551 3099 2604 ἀπὸ
3146 2550 3418 2620 Βηθανίας
3459 2558 3563 2621 τῆς
3607 2554 3809 2625 κώμης

397 2641 579 2712 gium,
595 2641 779 2713 ipsam
796 2641 1022 2696 scilicet
1035 2641 1359 2696 exmortuis
1383 2641 1862 2696 resurrectionem
1885 2641 2010 2711 ejus

2194 2639 2505 2712 ρμώμενον,
2564 2637 2889 2713 κασίγνητόν
2955 2660 3014 2712 γε
3074 2641 3180 2710 μὴν
3238 2635 3367 2694 ὅντα
3436 2641 3660 2714 Μάρθας
3717 2641 3807 2696 καὶ

401 2738 524 2787 tum
550 2733 788 2786 demum
813 2735 866 2786 et
889 2730 998 2786 hoc
1024 2747 1141 2786 una
1162 2746 1294 2785 cum
1317 2729 1468 2798 aliis,
1493 2729 1914 2785 manifestioris
1937 2745 2018 2784 cel

2192 2729 2368 2802 Ῑαρίας
2393 2726 2449 2782 α”ί
2509 2725 2794 2796 διηκόνουν
2849 2728 3016 2800 αὐτῷ.
3067 2729 3278 2783 Τούτου
3335 2730 3512 2784 θανεῖν
3567 2727 3809 2806 ἐγγίζον-

406 2821 686 2891 tiorisque
709 2820 842 2876 ﬁdei
867 2819 1142 2875 faciendae
1166 2825 1223 2874 et
1253 2818 1670 2875 confirmanda
1700 2819 1910 2890 gratia,
1935 2833 2023 2873 om

2188 2839 2273 2884 ος,
2322 2819 2377 2873 αἱ
2437 2817 2685 2892 σύγγονοι
2737 2817 3018 2890 πέμψασαι
3076 2817 3471 2890 ὑπεσήμαινον,
3523 2819 3614 2873 καὶ
3667 2819 3805 2891 ἀμύ-

402 2905 582 2966 nibus
613 2908 1085 2980 promulgarunt.
1117 2907 1399 2964 Prsacellit
1421 2923 1588 2978 porro
1618 2912 1674 2963 et
1703 2908 1874 2974 illud,
1899 2923 2016 2979 quo

2180 2929 2266 2962 νειν
2301 2906 2488 2980 ἐκείνῳ
2517 2905 2775 2968 ἱκέτευον,
2819 2907 2875 2961 Ὃ
2925 2904 3000 2974 δὲ,
3052 2907 3188 2980 πρὸς
3225 2903 3379 2980 δόξαν
3429 2906 3563 2962 εἷναί
3609 2907 3660 2960 οἱ
3705 2905 3797 2959 αὖ·

408 2999 471 3054 in
500 2999 678 3054 amico
710 2998 944 3062 Lazaro,
977 3013 1042 3052 ex
1075 2997 1199 3052 vico
1239 2996 1522 3052 Bethania
1551 3001 1700 3063 orto,
1730 2997 1967 3052 Martha;
1998 3013 2025 3051 e

2166 3002 2264 3070 τῷ,
2297 2994 2622 3070 διωμιλεῖτο
2649 3000 2768 3058 τοῖς
2821 2997 3089 3067 μαθηταῖς
3113 3015 3124 3026 ·
3164 2997 3278 3068 μετ’
3330 2993 3518 3072 ὀλίγον
3544 2993 3598 3048 δὲ
3627 2993 3783 3071 φάναι

414 3088 627 3155 Mariae,
679 3104 806 3159 quas
853 3087 905 3143 ei
953 3087 1362 3154 inserviebant,
1413 3087 1586 3144 fratre
1643 3089 1928 3160 praestitit.
1977 3089 2031 3143 Et

2168 3086 2526 3158 κεκοιμῆσθαι
2567 3085 2662 3140 τὸν
2711 3085 2978 3158 Λάζαρον,
3027 3084 3117 3138 καὶ
3166 3087 3382 3160 χαίρειν
3429 3082 3630 3140 ἐκείνων
3682 3080 3785 3156 χά-

405 3178 658 3248 jamjam
680 3175 982 3244 morituro,
1001 3176 1074 3232 ad
1094 3176 1296 3232 Jesum
1319 3192 1610 3248 germanae
1631 3178 1902 3232 nuntium
1927 3178 2022 3233 mit

2174 3195 2250 3252 ριν
2281 3179 2360 3248 τῷ
2415 3176 2489 3247 μὴ
2541 3179 2806 3248 παρεῖναι.
2859 3177 2947 3235 Ὦς
2981 3169 3026 3227 δ’
3056 3171 3261 3235 ἐκεῖνος
3310 3173 3488 3227 θανὼν
3527 3175 3606 3244 τῶ
3647 3172 3791 3250 τάφῳ

413 3239 570 3335 tunt,
602 3265 704 3337 qui
751 3265 805 3321 ei
851 3264 908 3320 id
942 3239 1257 3337 significet,
1289 3239 1572 3336 opemque
1600 3267 1730 3332 eius
1759 3265 2030 3337 imploret

2182 3269 2478 3337 τεταρταῖος
2537 3261 2924 3338 περιεκλείετο,
3011 3262 3289 3338 ἐφίσταται
3348 3263 3442 3336 μὲν
3498 3263 3526 3316 6
3590 3262 3799 3334 Σωτὴρ,

411 3355 484 3410 At
525 3354 644 3422 ille,
675 3354 870 3426 gloriae
921 3353 983 3409 id
1029 3354 1142 3409 sibi
1191 3354 1310 3410 fore
1340 3353 1553 3422 sciens,
1583 3370 1716 3410 cum
1747 3353 2028 3427 discipuli:

2184 3355 2255 3410 ιαῖ
2303 3352 2490 3410 πολλὰ
2537 3357 2644 3408 τῶν
2694 3353 2973 3428 συγγόνων
3017 3349 3226 3407 ἒλεεινὰ
3260 3353 3354 3406 σὺν
3397 3349 3656 3426 δάκρυσιν
3685 3349 3801 3406 ἐπι-

409 3445 757 3502 familiarius
807 3445 1180 3516 colloquitur,
1239 3460 1304 3500 ac
1360 3443 1529 3516 paulo
1586 3449 1719 3516 post
1770 3445 2026 3501 Lazarnn

2185 3449 2462 3518 ιεγουσῶν,
2509 3440 2670 3504 τέλος
2727 3439 2815 3496 ἕπὶ
2872 3442 2965 3496 τὸν
3021 3441 3187 3519 τάφον
3237 3438 3514 3518 ἐφίστατο,
3571 3441 3664 3494 καὶ
3717 3440 3802 3494 τὸν

408 3535 852 3602 obdormivisse,
886 3534 1186 3606 lmtarique
1216 3549 1280 3590 se
1308 3533 1393 3590 eis
1441 3532 1586 3588 dixit
1621 3549 1822 3590 eorum
1853 3550 2025 3590 causa

2185 3534 2312 3589 λίθον
2342 3531 2510 3606 αἶ’ρειν
2564 3528 2920 3587 διεκελεύετο.
2973 3534 3029 3583 Ὃ
3077 3528 3135 3584 δὲ
3186 3527 3370 3603 μυδῶν
3415 3531 3482 3599 ἦν
3529 3531 3620 3584 καὶ
3668 3527 3802 3600 ὄζων

406 3625 562 3698 quod
611 3625 691 3680 ibi
742 3629 869 3680 tum
912 3639 1029 3680 non
1067 3621 1316 3678 affuerit.
1351 3621 1422 3678 Ut
1453 3638 1583 3677 vero
1614 3622 1925 3678 defunctus
1956 3622 2023 3677 illi

2187 3626 2360 3693 ῖεινὸν,
2390 3619 2498 3692 ἢδη
2547 3624 2657 3675 τῶν
2704 3619 2875 3674 τόνων
2920 3626 3020 3688 τῆς
3065 3625 3381 3692 σωματικῆς
3430 3617 3804 3693 ἀπορρυέντων

403 3723 677 3788 quartum
717 3713 847 3782 jam
901 3713 1055 3768 diem
1113 3713 1172 3767 in
1232 3711 1498 3783 sepulcro
1554 3711 1794 3768 clausus
1840 3711 2020 3783 jacuit

2185 3713 2507 3787 πυμπήξεως.
2557 3709 2716 3784 Εὖχῇ
2776 3709 2832 3765 δὲ
2884 3706 3010 3773 δοὺς
3056 3708 3264 3780 ἑαυτὸν,
3314 3703 3802 3783 ἐμϐριμησάμενός

404 3812 605 3874 praesto
636 3802 804 3858 adest
852 3802 1126 3858 Servstor
1155 3817 1169 3856 :
1204 3805 1260 3856 et
1292 3817 1422 3857 cum
1454 3816 1681 3856 sorores
1712 3799 1898 3856 multa
1933 3801 2021 3856 mi

2187 3824 2216 3858 ε
2269 3802 2358 3856 καὶ
2413 3799 2612 3854 ἄνωθεν
2667 3800 2766 3868 τὴν
2825 3799 3092 3872 πατρικὴν
3155 3798 3407 3872 βοήθειαν
3469 3795 3804 3851 ἐπικαλεσά-

401 3895 720 3951 serabiliter
748 3910 882 3950 cum
913 3893 1188 3964 lacrymis
1222 3894 1531 3964 prolocuta;
1561 3897 1772 3959 essent,
1805 3893 1878 3948 ad
1917 3909 2018 3949 mo

2182 3911 2338 3960 ιενος,
2399 3890 2630 3963 Λάζαρε,
2689 3887 2846 3964 δεῦρο
2904 3884 3026 3957 ἔξω,
3086 3887 3226 3960 βοᾷ’
3275 3885 3366 3940 καὶ
3424 3885 3452 3940 6
3499 3887 3799 3955 τεθνηκὼς,

401 3987 752 4039 numentum
813 3983 1049 4038 tandem
1107 3982 1332 4038 accedit
1393 3985 1450 4038 et
1502 3981 1756 4052 lapidem
1815 3982 2018 4038 auferri

2184 3980 2341 4053 ἇσπερ
2372 3983 2478 4048 ζῶν
2511 3981 2588 4049 τῷ
2618 3976 2766 4055 φίλῳ
2804 3976 2894 4030 καὶ
2947 3975 3029 4030 ἀεὶ
3074 3973 3371 4050 συμπαρὼν
3404 3972 3592 4030 ε’ίπετο
3618 3995 3632 4008 ·
3685 3995 3801 4030 κει-

393 4073 582 4144 jubet.
609 4071 708 4128 Ille
730 4077 956 4137 autem,
977 4071 1170 4126 nervis
1203 4072 1258 4126 in
1289 4085 1567 4141 compage
1597 4074 1655 4126 et
1683 4072 2010 4128 connexion.

2184 4069 2298 4124 ιίαις
2329 4089 2387 4122 τε
2425 4065 2752 4146 ἐσφιγμένος
2807 4064 3028 4140 προῄει,
3077 4068 3238 4118 πᾶσιν
3279 4062 3600 4134 ἐξάκουστου
3651 4065 3801 4138 γινό-

399 4161 657 4232 corporis
678 4159 1103 4226 diffluentibus,
1119 4160 1242 4230 jam
1267 4160 1651 4230 putrescebat,
1674 4162 2016 4234 graviterqut

2183 4177 2319 4219 ιενος
2373 4156 2547 4230 θέαμα
2579 4174 2593 4188 ·
2647 4155 2736 4209 καὶ
2785 4153 2971 4216 λυθεὶς
3021 4157 3131 4209 τῶν
3181 4151 3528 4228 σπαργάνων,
3579 4151 3690 4210 οῗκ.
3743 4151 3800 4208 δὲ

399 4251 610 4308 elebat.
661 4249 929 4306 Servator
959 4265 1152 4321 porro,
1197 4264 1334 4304 cum
1383 4247 1625 4304 orationi
1655 4249 2016 4307 incubuisset

2181 4268 2265 4302 ετο
2288 4266 2302 4281 ο
2336 4251 2443 4302 τῶν
2473 4265 2534 4321 γε
2570 4244 2674 4316 μὴν
2720 4242 2908 4318 ὄχλων
2961 4241 3396 4318 ταραττομένων,
3426 4241 3516 4297 καὶ
3545 4247 3654 4297 τῶν
3702 4244 3798 4314 ἆρ-

397 4344 573 4412 atque
603 4341 795 4396 acrius
824 4337 1237 4403 infremuisset,
1258 4337 1520 4393 invocato
1549 4322 1770 4393 ccelitus
1803 4343 2014 4410 paterni

2184 4337 2385 4412 [ιερὲων
2443 4334 2604 4389 αὐτόν
2650 4353 2708 4387 τε
2757 4333 2850 4386 καὶ
2904 4331 2998 4386 τὸν
3059 4331 3303 4406 Λάξαρον
3353 4336 3552 4386 κτεῖναι
3606 4353 3801 4387 ποιου-

397 4428 638 4497 auxilio,
659 4449 687 4479 ‹‹
713 4427 946 4497 Lazare,
971 4427 1102 4484 veni
1135 4427 1308 4488 foras,
1333 4446 1360 4478 ι
1392 4426 1687 4482 inclamat.
1715 4427 1912 4500 Itaque
1943 4428 2014 4486 de

2187 4427 2327 4482 ιένων
2383 4423 2640 4498 μελέτην,
2690 4420 2847 4482 αὖθις
2889 4423 2988 4489 τήν
3035 4419 3400 4496 Ἰερουσαλὴμ
3444 4421 3619 4496 ἀφεὶς,
3669 4422 3804 4476 ἓκεῖ-

395 4519 654 4584 functus,
697 4516 941 4589 perinde
987 4520 1162 4588 atque
1199 4515 1415 4579 vivens,
1462 4523 1515 4573 et
1563 4517 1749 4572 amico
1810 4533 2010 4590 sempe

2185 4537 2236 4572 εν
2265 4515 2504 4590 ἐχώρει·
2555 4512 2646 4567 καὶ
2692 4511 2817 4586 περὶ
2863 4515 3049 4586 χῶρον
3095 4510 3158 4572 ὃς
3209 4510 3484 4589 Ἐσφραῒμ
3526 4508 3800 4578 καλεῖται,

397 4606 694 4677 assistens,
729 4605 1146 4677 consequitur;
1183 4603 1360 4660 100
1403 4609 1460 4661 et
1497 4604 1924 4677 sepulcralibus
1955 4607 2011 4662 ia

2182 4605 2434 4674 ,ὖλίζετο.
2496 4601 2594 4656 Καὶ
2651 4600 2720 4654 τὰ
2787 4601 2882 4674 μὲν
2950 4603 3058 4654 τῶν
3126 4597 3288 4668 ξένων
3357 4600 3448 4653 καὶ
3507 4599 3799 4678 ὑπερφυῶν

395 4697 534 4753 sciis
583 4695 820 4763 ligatus,
855 4693 1301 4751 celeberrimum
1341 4693 1615 4750 omnibus
1644 4695 2012 4766 spectaculnn

1355 4693 1615 4750 amnibus
1644 4695 2040 4766 spectaculum
2151 4692 2446 4769 τεραστίων
2479 4689 2530 4746 ἒν
2561 4689 2778 4752 τούτοις
2810 4688 2972 4757 ἦσαν.

401 4785 618 4858 prodit,
682 4783 1049 4856 vinculisque
1111 4783 1196 4840 eis
1255 4783 1482 4839 solutus
1537 4785 1776 4839 domum
1831 4787 2014 4854 vadit.
2063 4783 2431 4844 Multitudine
2489 4786 2683 4838 autem
2742 4778 3160 4847 tumultuante,
3219 4795 3285 4835 ac
3322 4778 3698 4852 pontiﬁcibus
3749 4785 3804 4834 et

399 4877 590 4949 ipsius
635 4879 692 4932 et
739 4873 938 4930 Lazari
987 4873 1291 4930 occidendi
1342 4873 1660 4929 consilium
1707 4875 2104 4948 rationemque
2155 4873 2572 4948 quaerentibus,
2618 4869 3036 4944 Hierosolymis
3084 4871 3318 4942 relictis,
3352 4871 3487 4926 inde
3537 4873 3801 4928 secedit:

399 4971 455 5022 et
485 4965 824 5032 ﬁnitimum,
857 4963 958 5035 qui
1013 4962 1264 5035 Ephrem
1309 4961 1540 5033 dicitur,
1573 4963 1773 5021 incolit
1799 4964 2016 5023 locum.
2044 4967 2124 5022 Ac
2154 4981 2302 5022 nova
2330 4963 2570 5036 quidem
2610 4968 2665 5017 et
2703 4977 2876 5032 supra
2908 4964 3176 5017 naturam
3209 4975 3441 5016 omnem
3472 4961 3664 5032 posita
3695 4959 3803 5016 mi-

399 5055 598 5114 racula
626 5055 710 5112 sic
735 5069 798 5111 se
827 5053 1062 5111 habent.

985 5195 1215 5254 CAPUT
1253 5197 1464 5254 XXVI.

2751 5200 3005 5252 ΚΕΦΔΛ.
3048 5195 3194 5269 Kg'.

402 5307 810 5366 Parabolarum
878 5306 1130 5362 omnium
1203 5305 1514 5363 Servatorz’s
1579 5307 2019 5364 commemoratio

2182 5304 2321 5377 Ιερὶ
2369 5306 2599 5358 πασῶν
2645 5296 3244 5444 τῶηπακραϐοέῶν
3295 5303 3418 5356 τοῦ
3484 5307 3799 5377 Σωτῆρος

2784 5385 3090 5444 ἐπιορομ
3157 5415 3172 5429 .

2784 5394 3172 5448 επιορομη.

475 5507 746 5562 Fortasse
793 5506 983 5560 autem
1032 5519 1148 5560 non
1191 5503 1662 5577 intempestivum
1691 5505 1885 5576 fuerit,
1912 5521 2046 5560 ora-

2226 5502 2340 5558 Οὐκ
2367 5498 2591 5578 ἄκαιρον
2623 5497 2840 5563 δὲτίσως
2892 5499 3142 5572 συντόμῳ
3189 5496 3346 5572 λόγῳ
3393 5498 3486 5552 καὶ
3526 5499 3646 5572 περὲ
3693 5500 3794 5553 τῶν

403 5597 564 5652 tione
615 5592 767 5649 brevi
814 5600 870 5648 et
913 5609 983 5649 ea
1027 5607 1150 5664 quos
1198 5591 1299 5651 ille
1347 5611 1450 5666 per
1485 5593 1788 5666 parabolas
1815 5593 2020 5651 locutu:

2178 5587 2548 5668 ταραϐολικῶς
2578 5589 2726 5664 αὐτῷ
2762 5589 3086 5667 εἷ’ρημὲνων,
3135 5585 3211 5649 ὥς
3241 5589 3290 5663 γ’
3321 5585 3458 5657 ἒνὸν,
3507 5587 3795 5666 σαφηνείας

404 5690 508 5756 est,
538 5681 730 5757 quoad
777 5680 906 5752 ejus
951 5680 1076 5738 ﬁeri
1124 5685 1333 5754 potest,
1366 5681 1623 5740 clarioris
1651 5681 2021 5756 intelligentia

2171 5681 2322 5758 χάριν
2359 5677 2669 5754 διεξελθεῖν.
2703 5679 2854 5755 Παρὰ
2887 5678 2980 5753 μὲν
3031 5675 3124 5734 οὖν
3167 5679 3250 5750 τῷ
3292 5675 3550 5750 Ματθαίῳ
3597 5677 3788 5752 πρώτῃ
