4096 6284
289 302 414 365 ’109

1319 302 1954 369 ECCLESIASTICE
1994 298 2391 364 HISTORIIE
2429 300 2583 362 LIB.
2631 298 2681 359 Ι.

3583 299 3703 363 HO

296 441 325 494 6
362 439 552 494 πεσὼν
608 434 670 493 ἐκ
722 439 822 492 τοῦ
876 437 1221 511 παρήκοντος
1270 439 1472 514 σπόρος
1529 438 1608 501 εἷς
1664 446 1803 513 γῆν·
1834 440 1863 495 6
1892 439 1948 494 ἐΑ

2080 453 2236 493 :ausa
2266 435 2496 492 referre.
2532 435 2732 505 Itaque
2781 433 2974 505 prima
3000 432 3152 504 apud
3181 432 3510 489 Matthaum
3541 449 3713 505 para-

298 528 350 584 λ¹
378 528 728 602 βλαστήσας,
783 528 827 595 ξ’
855 546 912 581 τε
940 525 1031 580 καὶ
1080 528 1288 583 ἑκατόν.
1340 528 1595 600 Δεύτερος
1624 530 1652 582 6
1701 530 1958 599 ζιξανίοις

2080 525 2191 582 iola
2229 530 2341 593 est,
2382 540 2606 589 semen,
2638 539 2741 596 pro
2798 538 2865 579 eo
2896 526 3073 593 atque
3105 522 3367 590 decebat,
3400 522 3460 579 in
3493 527 3704 579 terram

296 617 584 696 ἀναφυείς,
644 617 735 671 καὶ
780 613 870 670 διὰ
917 620 1082 673 τοῦτο
1126 613 1343 694 φειδοῦς
1398 616 1737 691 ἀξιούμενος.
1789 618 1888 674 Καὶ
1929 618 1956 671 6

2080 616 2290 682 :adens,
2357 614 2570 686 partim
2638 610 3053 684 trigecuplum,
3112 612 3324 682 partim
3389 627 3707 683 sexagecu-

295 712 394 761 τοῦ
454 708 672 767 νάπυος
726 705 924 768 κόκκος
983 705 1059 767 εἷς
1120 702 1339 782 δένδρον
1403 707 1539 783 μέγα
1598 707 1904 781 ὑψούμενυς
1940 723 1956 737 ⁸

296 795 331 864 ἢ
363 816 424 850 τε
476 794 721 869 ἀλεύρου
780 794 924 867 ζύμη
978 790 1368 868 παραϐυομένη
1419 798 1595 871 τρισίν
1625 816 1638 829 ·
1690 796 1854 871 ἀγρός
1899 815 1958 850 τε

299 884 506 956 πολλῷ
539 883 756 959 χρυσίῳ
787 881 1103 956 ἐωνημένος
1132 888 1231 939 τοῦ
1280 883 1452 940 ἐκεῖσέ
1481 906 1557 955 πη
1590 885 1751 960 χάριν
1797 906 1961 940 κατο-

303 973 672 1048 ρωρυγμένου
720 978 969 1047 χρυσοῖν
1016 973 1104 1028 καὶ
1154 974 1182 1028 6
1227 972 1541 1048 πολύτιμος
1591 976 1956 1049 μαργαρίτης,

302 1063 359 1118 ’ὸν
389 1061 485 1119 ἐπὶ
533 1060 716 1135 κέρδει
768 1061 1021 1132 ὠνήσατο
1066 1057 1314 1138 ἔμπορος
1337 1081 1353 1097 ·
1384 1064 1659 1139 πάναγρόν
1687 1085 1747 1119 τε
1788 1065 1959 1119 ἀσπα-

305 1151 472 1213 λιέως
534 1153 747 1226 σαγήνῃ
821 1150 1301 1224 περικλειομενον·
1363 1154 1475 1208 εἶτα
1527 1155 1562 1222 ἡ
1615 1158 1723 1209 τῶν
1770 1152 1958 1209 ἑκατὸν

305 1236 608 1315 προϐάτων
666 1238 858 1315 ἀγέλη,
912 1239 1002 1294 καὶ
1048 1241 1111 1295 τὸ
1161 1240 1358 1297 ἐκεῖθεν
1410 1241 1601 1318 πόῤῥω
1647 1243 1864 1318 γεγονὸς
1906 1241 1962 1297 ’ὲν

305 1331 393 1385 καὶ
423 1334 509 1402 τῷ
541 1328 701 1400 καλῷ
730 1329 951 1402 ποιμένι
982 1329 1250 1386 ἀνασωθέν
1274 1349 1287 1361 θ
1322 1332 1350 1385 6
1378 1335 1486 1386 τῶν
1529 1331 1734 1406 μυρίων
1780 1350 1960 1407 χρεω-

304 1417 577 1497 φειλέτης
625 1416 905 1473 ταλάντων
940 1437 953 1450 ⁸
1005 1418 1040 1487 ἢ
1089 1440 1149 1493 γε
1197 1423 1303 1474 τῶν
1360 1419 1599 1495 ἐργατῶν
1654 1420 1960 1495 μισθαρνία,

306 1508 360 1569 ἐν
415 1508 597 1581 ἀνίσῳ
652 1504 863 1578 ἰσότητι
918 1506 1198 1563 δικαιοῦσα
1254 1511 1314 1563 τὸ
1371 1507 1564 1565 δοκοῦν
1628 1508 1834 1568 ἄδικον.
1901 1512 1963 1564 Οἱ

312 1597 489 1654 διττοί
528 1618 594 1653 τε
646 1594 836 1659 παίδες
893 1595 1315 1672 ἐνηλλαγμένως
1380 1598 1822 1673 διαπραξάμενοι,
1866 1604 1964 1653 τοῦ

312 1688 519 1761 πατρὸς
568 1686 905 1756 κεκληκότος
964 1684 1052 1741 ἐπὶ
1111 1687 1203 1742 τὸν
1266 1685 1403 1742 ἴδιον
1461 1686 1786 1760 ἀμπελῶνα.
1846 1689 1965 1744 Ἐπὶ

314 1777 539 1839 τούτοις
574 1778 628 1831 οἱ
658 1778 909 1832 κάκιστοι
938 1776 1194 1852 γεωργοὶ,
1226 1781 1388 1857 φόνον
1417 1783 1495 1848 τῷ
1526 1779 1629 1850 υἱῷ
1657 1783 1755 1834 τοῦ
1778 1777 1961 1835 δεσπό-

315 1887 411 1921 του
468 1864 894 1942 ἐγκερασάμενοι
926 1884 941 1898 ’
1002 1866 1091 1921 καὶ
1152 1865 1409 1940 βασιλεὺς
1465 1886 1536 1943 γα
1592 1889 1683 1931 ους
1729 1874 1808 1941 τῷ
1858 1870 1962 1940 υἱῷ

320 1955 653 2019 πολυτελεῖς
708 1955 966 2032 ἐνεργῶν,
1014 1956 1103 2011 καὶ
1154 1954 1473 2030 δαιτυμόσιν
1516 1957 1576 2013 ἐκ
1621 1963 1719 2015 τοῦ
1768 1957 1960 2034 σχεδὸν

324 2048 703 2121 παρευρεθεῖσι
762 2047 1187 2120 συνεστιώμενος
1217 2064 1232 2079 ·
1283 2045 1338 2102 αἳ
1378 2068 1436 2103 τε
1483 2046 1799 2104 πενταδικαὶ
1853 2055 1961 2105 τῶν

327 2135 613 2211 φρονίμων
642 2136 734 2191 καὶ
789 2140 988 2210 μωρῶν
1036 2136 1315 2210 παρθένων
1367 2135 1673 2211 λαμπάδες,
1722 2139 1967 2212 ἡμμέναι

326 2245 384 2278 τε
419 2225 512 2280 καὶ
542 2218 1047 2297 ἀποσϐεννύμεναι·
1098 2226 1366 2297 δεσπότης
1407 2227 1573 2302 τέχνῃ
1622 2228 1801 2301 νέμων
1850 2234 1969 2293 τοῖς

330 2313 604 2392 σφετέροις
664 2311 887 2376 δούλοις
930 2313 998 2368 τὰ
1042 2313 1301 2384 τάλαντα,
1346 2315 1436 2371 καὶ
1484 2318 1694 2390 ποιμὴν
1742 2315 1967 2393 διαιρῶν

332 2400 606 2477 ἐπιστήμῃ
637 2402 707 2458 τὰ
729 2397 978 2476 πρόϐατα
1008 2401 1068 2458 ἐκ
1099 2401 1283 2476 δεξιῶν
1308 2424 1366 2460 τε
1412 2405 1503 2460 καὶ
1550 2404 1600 2477 ἐξ
1649 2405 1964 2479 εὐωνύμων.

333 2490 533 2553 Ταύτας
580 2494 675 2564 μὶν
704 2492 734 2546 6
765 2493 1041 2554 Ματθαῖος
1068 2512 1081 2524 °
1136 2493 1341 2568 Μάρκῳ
1385 2491 1443 2548 δὲ
1474 2492 1517 2548 δ’
1550 2495 1688 2567 μόνα
1733 2495 1793 2549 ἐκ
1838 2496 1970 2550 τού·-

340 2599 447 2631 των
480 2579 703 2649 ἐπῆλθεν
752 2579 922 2635 εἷ’πεῖν
949 2599 964 2612 ⁸
1000 2579 1197 2636 διττῶν
1246 2582 1465 2656 σπόρων
1509 2584 1609 2650 τήν
1640 2583 1825 2638 ἄνισον
1872 2581 1969 2639 δύα

351 2688 431 2720 σιν
478 2674 572 2736 τῆς
622 2668 909 2745 είσφορᾶςο
961 2671 1052 2724 καὶ
1108 2672 1215 2724 τῶν
1264 2669 1463 2742 ἔκαπᾷν
1512 2672 1577 2726 τὰ
1618 2673 1826 2742 ζιζάνια
1879 2675 1971 2729 τὸν

359 2752 611 2827 δεσπότην
661 2755 1111 2814 ἐκδυσωπούντων
1148 2779 1161 2793 ⁸
1222 2760 1284 2815 τό
1332 2780 1391 2815 τε
1445 2764 1543 2815 τοῦ
1598 2761 1801 2825 νάπυος
1857 2761 1971 2819 δέν-

361 2842 513 2918 δρον⁶
557 2846 643 2901 καὶ
698 2848 742 2919 ᾧ
786 2851 852 2917 ἦν
901 2849 1165 2921 ἀμπελὼν
1207 2849 1558 2925 κληρονόμος
1604 2856 1783 2916 κακῶς
1829 2855 1974 2928 παρὰ

356 2938 458 2990 τῶν
504 2932 710 2991 δούλων
758 2939 957 2995 θανών.
988 2940 1046 2993 Ὀ
1079 2936 1123 2993 δ’
1157 2937 1222 2993 αὗ
1268 2942 1410 3002 θεῖος
1458 2948 1666 3005 Λουκᾶς
1718 2941 1974 3008 πλείστας

355 3024 448 3096 μὲν
479 3028 776 3103 συγγράφει
800 3046 814 3060 '
857 3028 949 3082 σὺν
981 3026 1178 3091 ἄλλαις
1228 3028 1286 3085 δὶ
1323 3032 1412 3085 καὶ
1464 3036 1659 3097 ταῦτας
1706 3033 1973 3104 ἐκτίθησι.

346 3118 584 3186 Πρῶτον,
634 3116 697 3177 ὃς
744 3116 898 3172 οἶκον
945 3116 1034 3173 ἐπὶ
1083 3118 1281 3189 πέτρας
1333 3118 1545 3193 ἐρείδει,
1594 3123 1684 3177 καὶ
1736 3123 1839 3178 οὐκ
1887 3124 1975 3179 ἐπὶ

2062 705 2243 775 plum,
2264 708 2438 775 atque
2462 704 2639 760 etiam
2672 701 3009 772 centuplum
3032 700 3388 773 germinans.
3414 702 3708 770 Secunda,

2063 810 2200 865 ager
2226 793 2447 850 zizania
2476 792 2832 863 superinsita
2883 790 3105 847 habens
3138 807 3152 845 :
3185 791 3278 846 cui
3309 793 3382 846 ob
3412 790 3471 847 id
3503 796 3568 847 ut
3588 808 3714 864 par-

2063 888 2305 949 ceretur,
2358 883 2602 953 dignum
2658 881 2850 937 visum
2882 884 2998 938 est.
3032 879 3313 951 Sequitur
3340 880 3566 953 sinapis
3586 896 3715 953 gra-

2064 989 2230 1042 num,
2260 973 2319 1027 in
2350 971 2532 1028 altam
2592 970 2856 1027 arborem
2889 984 3250 1026 excrescens.
3273 969 3343 1025 Et
3371 969 3570 1026 farina
3601 971 3712 1027 fer-

2065 1068 2352 1130 mentum;
2405 1062 2597 1117 tribus
2626 1060 2765 1116 satis
2821 1064 3148 1131 exceptum.
3181 1058 3324 1117 Item
3357 1058 3540 1116 multo
3571 1075 3714 1116 auro

2064 1155 2435 1221 comparatus
2489 1166 2650 1221 ager,
2694 1153 2929 1220 prapter
2974 1149 3273 1205 defossum
3317 1149 3396 1205 ibi
3426 1147 3553 1204 auri
3585 1148 3713 1206 the-

2066 1253 2328 1294 saurum.
2360 1237 2617 1292 Pretiosa
2645 1235 2786 1291 item
2817 1234 2919 1290 illa
2971 1236 3306 1306 margarita,
3351 1252 3518 1308 quam
3565 1235 3711 1294 lucri

2068 1344 2248 1384 causa
2287 1332 2573 1383 mercator
2622 1325 2782 1382 emit.
2836 1326 3112 1384 Praeterea
3167 1342 3340 1384 omne
3386 1343 3573 1399 genus
3624 1329 3712 1400 pi-

2067 1418 2278 1487 scium,
2298 1433 2513 1490 sagena
2542 1414 2845 1488 piscatoris
2869 1416 3232 1473 conclusum.
3263 1416 3468 1474 Postea
3487 1421 3713 1475 centum

2067 1508 2164 1563 ille
2212 1507 2403 1563 ovium
2459 1522 2641 1577 grex:
2675 1513 2729 1561 et
2784 1506 2907 1562 ovis
2948 1523 3084 1576 una,
3145 1522 3272 1578 quae
3302 1506 3532 1580 longius
3578 1508 3716 1565 inde

2069 1600 2363 1664 aberrans,
2395 1599 2547 1652 bono
2579 1594 2795 1666 pastori
2828 1599 3053 1651 servata
3080 1601 3189 1651 est.
3223 1595 3432 1653 Decem
3463 1597 3715 1654 millium

2071 1685 2296 1741 debitor
2322 1683 2694 1740 talentorum.
2726 1684 3047 1755 Operarum
3096 1686 3358 1741 mercede
3388 1686 3714 1757 conductio,

2070 1776 2127 1830 in
2158 1771 2427 1844 inaequali
2450 1770 2782 1843 aequalitate
2799 1773 2870 1826 ad
2892 1772 3221 1844 aequitatem
3236 1772 3531 1831 deducens
3552 1774 3712 1846 quod

2071 1864 2374 1919 videbatur
2402 1861 2692 1933 iniquum.
2716 1860 2840 1916 Duo
2872 1861 2996 1929 ﬁlii,
3024 1862 3126 1933 qui
3156 1878 3189 1917 a
3223 1866 3381 1933 patre
3410 1863 3615 1929 vocati,
3656 1866 3713 1919 et

2071 1953 2131 2009 in
2161 1953 2388 2009 vineam
2418 1966 2587 2007 suam
2608 1951 2793 2017 missi,
2824 1950 3026 2007 ordine
3050 1952 3277 2008 inverso
3297 1968 3446 2024 opus
3470 1952 3712 2008 faciunt.

2072 2044 2176 2100 Hic
2216 2041 2538 2097 succedunt
2581 2040 2818 2112 pessimi
2882 2039 3168 2111 agricolas,
3221 2042 3323 2114 qui
3366 2041 3534 2098 herili
3592 2041 3714 2099 ﬁlio

2074 2149 2275 2190 necem
2312 2134 2601 2189 crearunt.
2647 2130 2888 2202 Insuper
2936 2147 3036 2187 rex
3085 2132 3425 2204 magniﬁcas
3459 2132 3577 2189 ﬁlio
3607 2147 3719 2189 nu-

2076 2225 2221 2294 ptias
2252 2226 2506 2289 struens,
2539 2226 2598 2276 et
2625 2236 2761 2276 cum
2790 2219 3044 2276 convivis
3080 2237 3149 2278 ex
3179 2226 3441 2293 tempore
3469 2222 3719 2293 conqui-

2076 2313 2204 2369 sitis
2220 2312 2546 2367 convivium
2563 2309 3029 2366 celebrans.ltem
3050 2311 3247 2381 quinas
3267 2316 3325 2365 et
3340 2311 3715 2382 prudentium

2075 2407 2132 2458 et
2165 2402 2452 2457 fatuarum
2499 2400 2786 2471 virginum
2819 2399 3139 2471 lampades,
3169 2400 3257 2456 vel
3303 2401 3596 2469 ardentes,
3626 2400 3720 2457 vel

2073 2490 2388 2546 exstincta).
2448 2488 2858 2544 Paterfamilias
2913 2489 3230 2560 prudenter
3257 2488 3437 2546 servis
3469 2488 3593 2544 suis
3623 2493 3722 2544 ta-

2074 2579 2232 2637 lenta
2260 2579 2542 2636 dividens.
2588 2580 2658 2633 Et
2704 2583 2903 2649 pastor
2945 2579 3259 2649 prudenter
3301 2593 3435 2633 oves
3477 2578 3549 2632 ad
3579 2578 3718 2633 dex-

2076 2678 2226 2725 tram
2266 2673 2323 2725 et
2375 2668 2676 2724 sinistram
2707 2683 3039 2739 segregans.
3073 2667 3142 2722 Et
3187 2668 3290 2724 has
3312 2666 3545 2737 quidem
3568 2666 3722 2722 Mat-

2077 2759 2263 2814 thasus
2295 2757 2490 2814 habet.
2550 2756 2744 2813 Marco
2774 2771 2907 2813 vero
2964 2760 3216 2828 quatuor
3248 2761 3480 2812 tantum
3512 2772 3582 2812 ex
3630 2755 3724 2812 his

2080 2847 2292 2903 referre
2321 2849 2382 2902 in
2416 2850 2664 2902 mentem
2722 2847 2895 2902 venit.
2932 2845 3281 2918 Inaequalem
3323 2845 3544 2901 scilicet
3576 2845 3726 2901 redi-

2082 2943 2210 2994 tum
2242 2940 2491 3011 duplicis
2540 2937 2783 2994 seminis
2814 2954 2826 2991 :
2862 2944 2917 2993 et
2956 2954 3056 2994 eos
3094 2937 3196 3010 qui
3238 2936 3721 3009 patremfamilias

2083 3030 2377 3085 suadendo
2407 3038 2594 3096 orant,
2626 3032 2691 3083 ut
2718 3027 2939 3084 zizania
2968 3027 3209 3085 evellere
3239 3028 3555 3099 permittat;
3572 3029 3729 3085 sina-

2084 3118 2170 3189 pis
2200 3119 2483 3186 arborem,
2513 3123 2573 3175 et
2613 3118 2793 3173 vineae
2851 3117 3138 3174 hasredem
3184 3117 3434 3188 pessime
3462 3134 3495 3172 a
3542 3117 3730 3175 servis

343 3203 569 3275 ψάμμου
617 3206 856 3279 πήγνυσι
910 3208 977 3261 τὰ
1023 3188 1287 3279 θεμέλια⁹
1321 3188 1550 3265 ὁίποιλά
1577 3232 1635 3266 τε
1662 3214 1847 3267 παθὼν
1896 3211 1973 3283 εῦ,

2086 3223 2323 3265 caesum.
2386 3208 2539 3264 I0]
2591 3210 2773 3265 Luca
2804 3223 2970 3279 porro
3002 3207 3235 3263 divinus
3274 3207 3558 3279 plurimas
3589 3224 3733 3264 con-

342 3291 427 3345 καὶ
458 3292 670 3366 ἀφεθεὶς
712 3293 930 3365 μείζονα
970 3300 1049 3367 τῷ
1091 3293 1323 3372 δεσπότῃ
1350 3317 1363 3332 ·
1409 3292 1555 3353 ἔνθεν
1601 3300 1689 3355 καὶ
1738 3301 1971 3380 ὀφείλων

340 3380 512 3435 πλείω
558 3380 774 3459 φιλεῖν·
807 3383 923 3438 ὅτε
970 3388 1277 3458 περιπεσὼν
1323 3392 1440 3451 τοῖς
1485 3387 1715 3462 λῃσταῖς
1766 3388 1973 3460 ὁδίτης,

340 3470 425 3523 καὶ
465 3475 548 3542 τῷ
593 3471 906 3547 Σαμαρείτῃ
967 3475 1034 3527 τὰ
1088 3481 1188 3543 τῆς
1243 3474 1562 3549 ἐπιμελείας
1614 3480 1973 3552 κτησάμενος.

342 3560 481 3631 Πρὸς
532 3557 590 3614 δὲ
619 3560 649 3614 6
680 3559 901 3635 ἂκαιρίᾳ
954 3564 1047 3635 μὲν
1092 3565 1282 3625 νυκτὸς
1314 3567 1577 3637 προσιὼν,
1626 3570 1713 3623 καὶ
1764 3571 1830 3644 τῇ
1886 3569 1976 3646 βίᾳ

344 3646 677 3720 λαμϐάνων·
738 3652 919 3724 πατήρ
968 3672 1025 3705 τε
1072 3654 1385 3726 βιαζομένῳ
1433 3653 1587 3710 παιδὶ
1640 3658 1716 3729 μὴ
1765 3659 1979 3732 πονηρᾶ

341 3736 545 3809 νέμων,
595 3735 745 3793 λίθον
804 3737 1020 3810 δηλαδὴ
1088 3741 1179 3796 καὶ
1247 3743 1505 3814 σκορπίον
1541 3766 1554 3779 ο
1621 3746 1861 3818 πονηρόν
1918 3768 1978 3802 τε

342 3829 550 3898 πνεῦμα
592 3827 654 3881 τὸ
703 3830 1086 3903 σεσαρωμένην
1133 3831 1232 3898 τὴν
1282 3832 1454 3887 οἰκίαν
1506 3833 1681 3909 εὑρὸν,
1725 3837 1815 3890 καὶ
1863 3837 1979 3907 μεθ’

341 3915 540 3988 ἑτέρων
573 3922 614 3986 ζ’
644 3916 1163 3992 ἐπεισοικιζόμενον,
1214 3921 1303 3975 καὶ
1352 3923 1576 3999 χείρονα
1618 3922 1726 3979 τῶν
1773 3922 1979 3999 προτέ-

345 4024 453 4080 ρων
507 4003 992 4079 διαπραττόμενον.
1039 4008 1238 4063 Σκόπει
1297 4008 1354 4064 δὲ
1399 4013 1487 4065 καὶ
1535 4012 1627 4067 τὸν
1674 4012 1869 4069 δοῦλον
1922 4013 1980 4069 ἐκ

344 4095 525 4168 γάμου
589 4097 682 4151 τὸν
757 4094 1026 4167 δεσπότην
1095 4096 1432 4169 ἐπανήκοντα
1493 4099 1978 4177 προσδεχόμενον.

342 4186 433 4240 καὶ
486 4192 653 4255 συκῆν
699 4189 903 4260 κόπρον
954 4192 1319 4262 προσιεμένην
1351 4188 1404 4253 ἒς
1433 4192 1616 4266 τρίτον
1664 4188 1803 4265 ἔτος,
1845 4215 1981 4269 καρ-

343 4272 451 4328 ποῦ
502 4272 560 4329 δὲ
610 4277 831 4350 στρήσει
881 4274 1286 4352 ἐκκοπτομένην
1331 4280 1412 4352 τῷ
1458 4286 1708 4356 γεωργῷ.
1766 4282 1980 4355 ’Δλλην

344 4362 498 4426 αὖθις
563 4371 730 4434 συκῆν
796 4366 1034 4440 ἀκαρπίᾳ
1127 4369 1545 4443 ξηραινομένην.
1612 4374 1862 4445 Σαροῦσά
1925 4393 1985 4429 τε

342 4455 445 4523 τὴν
477 4452 655 4508 οἰκίαν
696 4455 853 4528 γυνὴ,
902 4455 991 4510 καὶ
1040 4459 1110 4528 τῇ
1158 4463 1258 4528 τῆς
1309 4455 1565 4534 δραχμῆς
1619 4462 1846 4534 εὑρέσει,
1891 4464 1985 4525 τὰς

2082 3299 2228 3368 gerit
2258 3317 2273 3358 ;
2300 3303 2356 3353 et
2385 3299 2536 3355 inter
2583 3299 2836 3367 reliquas
2887 3298 2992 3354 has
3032 3313 3259 3369 quoque
3307 3297 3561 3369 exponit.
3605 3297 3731 3353 Pri-

2083 3405 2268 3459 mum,
2301 3390 2370 3445 de
2428 3405 2494 3444 eo
2534 3390 2632 3460 qui
2687 3389 2927 3444 domum
2984 3402 3164 3460 super
3219 3394 3437 3458 petram
3488 3387 3729 3443 ﬁrmiter

2084 3477 2391 3547 construit,
2434 3485 2488 3533 et
2520 3494 2632 3534 non
2682 3478 2742 3532 in
2788 3494 2964 3533 arena
3030 3476 3410 3532 fundamenta
3450 3475 3615 3545 jacit.
3646 3475 3727 3532 De

2082 3583 2147 3624 eo
2178 3566 2276 3637 qui
2305 3584 2339 3622 a
2367 3565 2604 3622 domino
2635 3583 2734 3637 per
2761 3565 3086 3637 grandioris
3114 3564 3292 3621 debiti
3323 3563 3728 3621 remissionem

2086 3672 2297 3729 magno
2349 3656 2590 3712 affectus
2620 3660 2705 3711 est
2742 3655 3043 3724 beneﬁcio,
3076 3655 3230 3711 unde
3277 3669 3342 3709 eo
3381 3653 3514 3725 plus
3550 3658 3726 3727 atque

2084 3745 2485 3802 vehementius
2512 3761 2646 3800 eum
2695 3760 2890 3800 amare
2934 3743 3215 3799 debuerit.
3255 3742 3474 3798 Deinde
3521 3744 3722 3813 viator,

2086 3837 2186 3907 qui
2219 3836 2277 3890 in
2309 3836 2609 3906 pradones
2641 3834 2865 3898 incidit.
2907 3839 2964 3891 et
3010 3851 3044 3890 a
3084 3833 3457 3889 Samaritano
3487 3839 3735 3890 curatu-

2086 3940 2208 3979 ram
2259 3923 2527 3981 obtinuit.
2561 3925 2647 3979 Ad
2681 3924 2798 3979 haec
2829 3923 2881 3979 is
2917 3923 3018 3994 qui
3056 3925 3405 3994 intempesta
3434 3926 3605 3979 nocte
3636 3940 3732 3980 ac-

2088 4015 2261 4078 cedit,
2314 4012 2778 4084 importunitate,
2827 4013 2979 4085 quod
3050 4012 3212 4085 petit,
3270 4010 3556 4083 impetrat.
3594 4013 3737 4068 Item

2090 4110 2252 4176 pater
2301 4120 2477 4175 puero
2508 4103 2757 4175 cogenti,
2806 4119 2926 4159 non
2984 4119 3077 4159 res
3127 4102 3336 4172 malas,
3384 4106 3448 4157 ut
3480 4102 3734 4174 lapidem

2088 4198 2192 4248 aut
2222 4192 2610 4263 scorpionem,
2637 4193 2918 4249 tribuens.
2954 4192 3237 4248 Praeterea
3292 4192 3542 4264 spiritus
3576 4192 3739 4248 mali-

2088 4299 2235 4352 gnus
2267 4282 2509 4337 domum
2540 4282 2731 4353 scopis
2764 4285 3068 4353 purgatam
3091 4280 3477 4348 inveniens,et
3505 4280 3565 4336 in
3601 4296 3731 4335 eam

2091 4387 2225 4426 cum
2255 4370 2385 4427 aliis
2432 4376 2655 4440 septem
2706 4370 3075 4442 immigrans,
3125 4370 3534 4441 prioribusque
3572 4370 3737 4425 dete-

2092 4464 2245 4518 riora
2281 4462 2516 4518 taciens.
2547 4462 2803 4518 Observa
2843 4460 2986 4516 mihi
3034 4469 3088 4517 et
3116 4477 3369 4528 servum,
3400 4461 3500 4531 qui
3537 4475 3607 4515 ex
3637 4476 3749 4515 nn-

346 4540 672 4617 ἐγγειτόνων
710 4543 975 4612 καλοῦσα,
1014 4545 1106 4599 καὶ
1157 4546 1442 4626 ὑπερφυῶς
1490 4549 1776 4624 χαίρουσα.
1809 4553 1973 4608 Ἀσω

2101 4555 2230 4625 ptiis
2257 4554 2562 4609 dominum
2595 4554 2931 4610 redeuntem
2963 4556 3285 4624 exspectat.
3318 4550 3433 4607 Nec
3457 4549 3651 4606 minus
3684 4554 3741 4607 et

345 4633 438 4694 τός
484 4651 543 4685 τε
589 4633 754 4707 πατρὶ
799 4635 1071 4704 συμπαθεῖ
1119 4637 1382 4709 προσιὼν,
1432 4637 1522 4691 καὶ
1574 4644 1672 4707 τῆς
1719 4647 1987 4713 πατρικῆς

347 4720 619 4783 υἱοθεσίας
667 4722 815 4796 παρὰ
859 4719 1012 4793 δόξαν
1063 4723 1482 4798 καταξιούμένος
1509 4746 1522 4760 ⁸
1568 4727 1878 4800 οἰκονόμος,
1929 4750 1987 4785 τε

342 4817 446 4878 τῆς
503 4809 682 4879 καλῆς
733 4808 944 4874 ἀδικίας
990 4810 1049 4867 ἐκ
1104 4814 1447 4887 προμηθείας
1492 4813 1672 4885 ἄλλην
1718 4819 1879 4892 χάριν
1931 4818 1990 4873 ἐκ

345 4904 455 4954 τῶν
506 4902 688 4974 χρεῶν
743 4901 1140 4976 ὑφαιρούμενος
1174 4920 1188 4933 ⁸
1238 4906 1330 4959 καὶ
1381 4906 1549 4975 πένης
1604 4906 1845 4979 Λάζαρος
1893 4903 1987 4962 έλ-

347 5009 463 5043 κεσι
496 4989 703 5064 βρύων,
748 4989 839 5045 καὶ
885 4990 1211 5060 ἀσυμπαθὴς
1261 4991 1527 5057 πλούσιος
1556 4994 1608 5049 ἐν
1641 4996 1775 5069 μέσῃ
1823 4995 1987 5075 φλογὶ

347 5085 447 5147 τῆς
475 5081 715 5150 καμίνου
757 5077 950 5151 δρόσον
994 5081 1181 5137 αἰτῶν.
1234 5082 1359 5139 Ἐπὶ
1403 5084 1616 5145 τούτοις
1667 5084 1756 5140 καὶ
1809 5084 1988 5141 τελώ-

347 5190 469 5239 νης,
518 5168 734 5224 τύπτων
789 5169 882 5242 μὲν
923 5169 988 5224 τὸ
1039 5172 1237 5240 στῆθος
1282 5171 1730 5247 τεταπεινωμένῳ
1784 5177 1989 5254 φρονή-

354 5279 505 5331 ματι,
553 5258 642 5313 καὶ
693 5257 954 5333 οὐρανοὺς
1003 5258 1235 5336 ἀνοίγων
1268 5279 1280 5294 ·
1329 5266 1623 5336 Φαρισαῖος
1657 5261 1714 5319 δὲ
1742 5265 1804 5319 τὸ
1833 5266 1987 5342 τύφῳ

350 5352 489 5419 κενῷ
535 5351 613 5420 τῷ
664 5347 927 5422 ὕψοῦσθαι
981 5346 1196 5402 πίπτων
1247 5352 1466 5424 χαμαί·
1512 5353 1601 5407 καὶ
1634 5354 1661 5407 6
1692 5354 1799 5408 τῶν
1846 5358 1989 5428 μνῶν

356 5437 644 5511 μερισμὸς,
685 5440 802 5498 τοῖς
842 5433 972 5491 δέκα
1016 5432 1236 5499 δούλοις
1288 5435 1695 5513 διανεμόμενος.
1746 5440 1902 5499 Ἀλλ’
1933 5444 1985 5498 έν

349 5526 564 5588 τούτοις
628 5529 722 5600 μὲν
771 5525 863 5580 καὶ
911 5525 966 5580 αἶ
1024 5520 1335 5601 παραϐολαί
1371 5549 1384 5561 ο
1449 5532 1564 5603 μεθ’
1620 5532 1693 5587 ὧν
1735 5534 1824 5587 καί
1867 5553 1987 5588 τινα

349 5614 503 5693 ’ὲτερα
550 5611 966 5690 αἰνιγματωδῶς
1012 5613 1336 5693 παρέπλεξε,
1382 5619 1481 5691 τήν
1527 5640 1587 5676 τε
1632 5620 1866 5678 παλαιᾶν
1896 5621 1988 5678 καὶ

2102 4644 2299 4710 ﬁcum,
2330 4658 2456 4714 quae
2485 4642 2864 4713 tertiumjam
2894 4657 3114 4697 annum
3146 4639 3619 4697 stercorationem
3642 4640 3740 4695 ad-

2099 4734 2335 4787 miserat
2393 4747 2408 4787 :
2456 4732 2610 4802 quod
2648 4735 2844 4788 autem
2902 4731 3153 4787 fructum
3213 4745 3327 4787 non
3390 4728 3605 4797 tulerit,
3661 4729 3735 4784 ab

2092 4822 2352 4894 agricola
2380 4821 2574 4877 excisa
2602 4819 2959 4876 sit.Alteram
2980 4820 3120 4876 item
3151 4818 3326 4875 ﬁcum
3350 4834 3481 4891 quae
3505 4822 3740 4890 propter

2097 4912 2462 4965 sterilitatem
2494 4909 2745 4965 arefacta
2773 4912 2881 4965 est.
2914 4908 3159 4980 Insuper
3187 4906 3495 4962 mulierem
3542 4906 3737 4978 scopis

2097 5000 2333 5055 domum
2385 5003 2756 5072 purgantem,
2804 5003 2860 5054 et
2903 4997 2976 5053 ob
3023 4997 3312 5053 drachmis
3344 4995 3735 5053 inventionem

2098 5090 2316 5144 vicinas
2354 5092 2677 5153 vocantem,
2701 5087 3094 5158 majoremque
3122 5085 3181 5141 in
3222 5084 3462 5140 modum
3483 5086 3740 5157 gauden-

2097 5184 2234 5234 tem.
2276 5177 2373 5233 Est
2401 5181 2673 5249 praterea
2701 5175 2840 5231 luxu
2897 5176 3161 5248 perditus
3205 5174 3385 5243 ﬁlius,
3428 5174 3737 5232 commise-

2097 5279 2318 5324 rantem
2361 5270 2585 5338 patrem
2632 5264 2987 5337 complexus,
3019 5263 3505 5335 adoptionemque
3545 5269 3742 5336 pater-

2080 5360 2232 5411 'nnm
2266 5360 2470 5426 praeter
2497 5370 2660 5426 spem
2703 5359 2766 5411 ut
2808 5353 3144 5426 opinionem
3185 5359 3548 5409 consecutus.
3598 5352 3735 5410 Dis-

2098 5449 2373 5516 pensator
2402 5444 2538 5500 item
2612 5446 2776 5499 bona:
2821 5443 3187 5515 laudatasque
3246 5440 3589 5513 iniquitatis,
3638 5444 3738 5514 qui

2097 5532 2380 5604 singulari
2428 5532 2781 5605 providaque
2827 5531 3065 5589 solertia
3115 5531 3288 5588 aliam
3346 5531 3593 5603 gratiam
3624 5533 3739 5588 sibi

2096 5639 2166 5680 ex
2185 5621 2397 5680 debitis
2435 5620 2699 5694 pecuniis
2745 5621 2992 5693 paravit.
3032 5620 3258 5693 Pauper
3310 5634 3539 5691 quoque
3570 5621 3742 5679 Laza.
