4070 6274
355 324 472 385 ’711

1647 306 2085 377 NICEPHORI‘
2110 304 2475 368 CALLISTI

3650 309 3786 369 ⁸112

363 475 488 527 rus,
537 456 830 514 ulceribus
895 459 1159 523 scatens;
1208 451 1745 521 immisericorsque
1810 462 2004 503 rursus

2126 457 2225 526 τῆν
2252 456 2371 511 νέαν
2429 457 2702 527 Διάθήκην
2754 454 3052 535 ἐμφαίνων,
3092 455 3183 511 καὶ
3229 462 3331 527 τῆς
3374 456 3640 532 ἐσομένης
3671 462 3783 536 βα-

362 547 545 615 dives,
577 547 637 602 in
668 545 859 602 media
889 542 1105 600 camini
1127 541 1363 598 ﬂamma
1386 556 1549 611 aqua:
1569 554 1758 595 rorem
1783 541 2009 609 petens.

361 636 605 708 Insuper
635 634 1003 707 publicanus,
1046 637 1245 702 pectus
1275 630 1570 686 submisso
1607 637 1781 700 alque
1801 625 2012 683 humili

361 725 559 780 animo
589 722 944 795 percutiens,
1004 726 1061 778 et
1089 719 1298 776 cmlum
1331 718 1637 791 aperiens;
1691 717 2012 773 Pharisaaus

358 815 640 882 ediverso,
691 829 836 869 vano
868 816 1098 867 tumore
1155 809 1448 876 sublatus,
1504 807 1670 864 humi
1714 807 2009 865 decidens.

2122 544 2331 608 σιλείας
2359 546 2423 601 τὸ
2455 546 2686 617 ἐντελὲς,
2727 545 2817 601 καὶ
2847 547 2908 601 τὸ
2938 552 3039 614 τῆς
3070 543 3365 609 ἐπιδόσεως
3411 552 3511 603 τοῦ
3556 544 3788 627 κηρύγ-

2125 656 2315 708 ματος,
2369 636 2606 708 ἆρίστως
2664 634 2753 689 διὰ
2798 635 3006 690 τούτων
3059 635 3474 709 ὑπαινιξάμενος
3508 659 3519 671 ·
3566 634 3671 702 ἕως
3702 637 3779 694 οὗ

2121 723 2330 785 ἀτελεῖς
2380 723 2518 792 ἦσαν
2551 724 2604 778 οἱ
2638 728 2836 797 μῦσται
2884 726 3051 797 μήπω
3106 726 3401 797 μυηθέντες
3448 727 3514 781 τὰ
3560 726 3783 783 τελεω-

2119 833 2270 888 τερα.

358 903 647 959 Minarum
677 901 1012 957 distributio
1069 902 1124 956 in
1162 901 1362 956 decem
1402 914 1602 955 servos
1652 898 1823 955 facta.
1856 900 2050 972 Atque
2079 901 2138 958 in
2169 904 2265 959 his
2313 904 2551 977 quidem
2611 904 2907 976 parabolae
2963 906 3311 961 consistunt.
3372 906 3518 963 Cum
3549 909 3777 979 quibus

357 991 457 1048 ille
480 998 539 1047 et
569 991 683 1048 alia
729 992 997 1064 quadam
1028 1006 1128 1058 per
1175 988 1481 1045 obscuram
1532 987 1989 1045 insinuationem
2020 991 2332 1064 implicuit,
2362 1000 2530 1049 vetus
2577 998 2637 1049 et
2692 1010 2907 1049 novum
2936 994 3373 1051 Testamentum
3405 997 3780 1069 signiﬁcans,

352 1087 405 1137 et
454 1080 629 1136 simul
678 1081 863 1136 futuri
911 1076 1070 1150 regni
1114 1078 1446 1134 absolutam
1487 1076 1918 1148 perfectionem,
1965 1077 2142 1136 simul
2195 1081 2627 1138 incrementum
2667 1082 2945 1138 doctrinas
2988 1089 3045 1138 et
3086 1085 3511 1152 praedicationis
3537 1086 3771 1156 optime

356 1186 459 1242 per
488 1186 556 1227 ea
593 1171 955 1227 adumbrans
988 1184 1003 1225 :
1037 1169 1318 1240 tantisper
1370 1169 1509 1222 dum
1569 1165 1894 1237 imperfecti
1951 1167 2296 1239 etiamnum,
2338 1187 2444 1227 nec
2504 1173 2646 1228 dum
2680 1170 3133 1228 absolutioribus
3163 1174 3351 1231 sacris
3380 1174 3527 1231 satis
3556 1173 3781 1230 initiati

356 1272 550 1317 essent
577 1261 870 1332 discipuli.

838 1347 1011 1405 I02
1050 1346 1281 1404 CAPUT
1319 1345 1532 1403 XXVII.

361 1459 423 1515 Ut
451 1457 691 1528 triginta
718 1458 892 1513 tribus
921 1458 1089 1511 annis
1109 1456 1354 1525 expletis.
1374 1452 1630 1528 Servatorp
1672 1451 2010 1528 Bethaniam

439 1525 649 1583 venerit
681 1544 694 1594 ;
725 1535 775 1583 et
803 1529 868 1583 de
894 1528 1129 1582 muliere
1169 1528 1475 1596 meretrice,
1504 1529 1557 1579 et
1593 1526 1661 1579 de
1681 1525 2006 1596 palmarum

432 1603 623 1667 ramis,
655 1601 788 1655 item
825 1600 890 1655 de
930 1601 1170 1669 arefacta
1201 1599 1328 1668 ﬁcu.

430 1780 734 1852 Deinceps,
766 1795 899 1835 cum
944 1777 1248 1835 triennalis
1285 1778 1566 1849 temporis
1616 1777 1745 1834 Filii
1793 1778 1893 1835 Dei
1950 1778 2010 1833 in

362 1870 556 1936 terris,
596 1868 859 1924 doctrina
901 1884 1009 1924 sua
1061 1866 1501 1938 promulganda,
1554 1867 1915 1923 conversatio
1946 1867 2010 1922 ti-

362 1974 494 2014 nem
540 1974 712 2013 suum
770 1957 1031 2023 haberet,
1081 1960 1481 2028 oporteretque
1538 1956 1735 2027 ipsum
1792 1973 1896 2027 pro
1944 1972 2010 2011 eo

362 2051 536 2118 atque
567 2062 601 2103 a
630 2045 836 2102 mundi
878 2045 1292 2102 constitutione
1340 2044 1691 2117 praeﬁnitum
1722 2045 2010 2101 constitu-

366 2140 634 2209 tumque,
683 2142 856 2208 atque
906 2132 1158 2192 oraculis
1190 2141 1529 2192 sanctarum
1578 2136 2009 2207 Scripturarum

369 2227 705 2298 praedictum
754 2226 961 2296 fuerat,
993 2226 1169 2282 vitam
1211 2243 1379 2282 suam
1420 2243 1524 2298 pro
1563 2226 1770 2283 mundi
1810 2227 1929 2282 vita
1954 2232 2016 2284 et

361 2316 547 2373 salute
589 2332 822 2387 ponere,
865 2332 972 2372 nec
1034 2332 1148 2373 non
1208 2332 1309 2388 per
1359 2321 1605 2373 mortem
1664 2317 1735 2372 ad
1794 2316 2012 2373 inferos

351 2403 722 2475 descendere,
783 2410 846 2460 ut
895 2405 1101 2477 dignos
1149 2405 1531 2476 idoneosque,
1588 2405 1689 2476 qui
1746 2405 2014 2462 videlicet

351 2498 690 2549 constanter
722 2496 781 2550 in
805 2494 920 2549 ﬁde
951 2501 1437 2566 perseverassent,
1466 2494 1525 2549 in
1556 2495 1759 2561 vitam,
1794 2494 2011 2565 ipsum-

355 2598 468 2653 que
500 2584 638 2639 adeo
673 2583 1031 2655 paradisum,
1079 2588 1363 2656 tanquam
1413 2583 1679 2655 princeps
1709 2588 1766 2640 et
1812 2588 2012 2639 auctor

349 2671 474 2726 vitae
522 2677 747 2728 aeternas
808 2674 1109 2730 reduceret
1154 2689 1452 2744 :cumque
1500 2675 1629 2744 ejus
1679 2673 1762 2729 rei
1824 2672 2012 2745 gratia

354 2777 656 2816 summum
705 2762 806 2818 Dei
853 2761 1106 2818 Verbum
1141 2763 1264 2832 jam
1297 2762 1635 2834 perfecisset
1677 2761 1898 2829 omnia,
1943 2776 2009 2816 ac

351 2850 653 2923 discipulis
684 2850 806 2907 suis
838 2851 965 2907 ltBiO
1018 2851 1398 2923 signiﬁcasset
1425 2852 1655 2920 nuntio,
1688 2850 2012 2923 appropin-

352 2956 528 3007 quare
589 2956 837 3011 regnum
874 2941 1175 3010 coelorum;
1207 2957 1241 2996 a
1290 2941 1507 2996 Satana
1560 2956 1788 3012 quoque
1817 2939 2000 3009 captis

347 3026 700 3094 libertatem,
759 3028 952 3098 eisque
1008 3044 1254 3099 quorum
1289 3028 1473 3083 animi
1530 3027 1783 3083 tenebris
1841 3027 1997 3083 obfu-

350 3117 494 3171 scati
538 3120 712 3188 atque
770 3116 1173 3173 incredulitate
1231 3119 1501 3174 excaecati
1542 3122 1760 3185 essent,
1795 3117 2003 3189 ingens

350 3206 552 3260 lumen
600 3205 924 3260 affuturum
979 3207 1406 3274 annuntiassel,
1459 3206 1532 3262 ad
1564 3206 2000 3278 pradicandum

352 3310 569 3350 annum
615 3293 848 3351 Domini
895 3300 1221 3367 acceptum,
1277 3299 1334 3351 et
1386 3296 1536 3352 diem
1579 3296 2001 3363 retributionis,

349 3382 804 3439 consolationem
853 3400 985 3441 vero
1036 3383 1375 3457 lugentibus
1424 3384 1485 3440 in
1531 3385 1672 3441 Sion
1707 3402 1720 3441 :
1754 3385 2003 3457 receptis

349 3489 571 3543 secum,
626 3490 773 3544 quos
825 3473 1006 3530 sacris
1049 3474 1462 3546 mysteriisque
1528 3473 1650 3530 suis
1706 3474 2000 3540 inbuerat,

346 3563 569 3618 accedit
597 3565 668 3618 ad
701 3563 1041 3620 Bethaniam
1081 3566 1291 3631 vicum,
1323 3564 1426 3634 qui
1484 3562 1899 3635 Hierosolymis
1927 3562 2000 3619 ad

349 3652 539 3709 stadia
563 3653 813 3709 maxime
878 3653 1214 3725 quindecim
1278 3655 1462 3710 abest.
1517 3653 1768 3710 Ibieum
1801 3654 2001 3709 Simon

352 3741 622 3813 leprosus
651 3741 902 3814 hospitio
934 3743 1148 3815 excipit
1188 3742 1287 3814 (1),
1321 3760 1495 3814 quem
1525 3742 1839 3815 apocryphi
1868 3742 2001 3797 libri

356 3838 576 3900 patrem
626 3831 825 3887 Lazari
871 3832 1054 3888 fuisse
1083 3838 1277 3903 aperte
1306 3833 1568 3888 tradunt.
1607 3833 1773 3903 Apud
1824 3831 2000 3898 hunc,

351 3934 485 3973 cum
516 3920 713 3974 cibum
745 3930 989 3990 caperet,
1019 3922 1324 3977 convivam
1355 3921 1554 3989 simul,
1578 3936 1749 3989 quem
1780 3936 1895 3976 non
1923 3921 2006 3977 ita

353 4006 577 4077 pridem
609 4006 670 4061 in
720 4007 896 4063 vitam
929 4008 1296 4074 restituisset,
1349 4008 1629 4063 Lazarum
1661 4008 1883 4063 habuit.
1919 4007 2001 4063 Ibi

350 4110 586 4166 quoque
619 4094 817 4151 Lazari
847 4113 1012 4153 soror
1041 4097 1222 4152 Maria
1248 4098 1348 4168 (2).
1406 4097 1740 4152 humaniter
1767 4100 2002 4168 excepto

344 4185 500 4253 Jesu,
536 4189 818 4256 tanquam
859 4186 994 4254 Deo,
1046 4191 1284 4258 propter
1327 4185 1642 4242 redivivam
1676 4186 2001 4240 restitutio-

348 4288 480 4328 nem
514 4272 731 4340 fratris,
792 4276 1093 4346 unguento
1123 4274 1377 4345 pretioso
1406 4277 1585 4346 caput
1613 4274 1741 4343 ejus
1766 4273 1996 4330 imbuit.

2747 1354 3002 1408 ΚΕΦΔΛ.
3046 1351 3161 1405 ΚΖ’.

2119 1458 2224 1518 Ὠς
2251 1477 2380 1533 των
2406 1458 2765 1533 τριάκοντα
2809 1463 3011 1533 τριῶν
3034 1457 3225 1533 ,ἐτῶν
3269 1479 3771 1533 συμπεπεραιως

2192 1528 2582 1603 μένων,ἐἱς
2624 1528 2970 1603 ,Βηθανίαν
3023 1531 3051 1584 ὁ
3100 1528 3576 1603 Σωτήᾐρῆκειδ
3646 1529 3765 1585 καὶ

2190 1602 2343 1676 περὶ
2387 1608 2506 1676 τῆς
2553 1602 2815 1676 πόρτης
2864 1602 2970 1656 καὶ
3013 1606 3142 1656 τῶν
3187 1600 3422 1676 βαΐων,
3473 1603 3581 1658 καὶ
3638 1610 3764 1672 τῆς

2193 1672 2920 1747 ξηρανθείσηςσυκῆς.

2195 1779 2346 1836 Μετᾶ
2404 1777 2459 1834 ὀὶ
2508 1784 2692 1850 τοῦτο,
2749 1778 2864 1835 ἐπεὶ
2895 1779 2922 1833 ὁ
2959 1781 3176 1853 τριετής
3223 1778 3304 1852 τῷ
3333 1780 3444 1851 Υἱῷ
3496 1782 3593 1834 τοῦ
3637 1783 3776 1835 Θεοῦ

2124 1868 2325 1944 χρόνος
2365 1876 2467 1939 τῆς
2513 1869 2601 1924 ἐπὶ
2647 1876 2752 1944 γῆς
2795 1866 3079 1944 διατριϐῆς
3128 1868 3181 1924 ἐν
3230 1866 3557 1940 διδασκαλίᾳ
3604 1870 3776 1945 πέρας

2124 1957 2268 2035 εἶχεν
2296 1978 2307 1989 ·
2342 1955 2512 2034 ἔχρῆν
2544 1956 2602 2013 δὲ
2632 1957 2735 2033 ἄρα
2763 1959 2927 2014 αὐτὸν
2959 1958 3094 2013 κατὰ
3122 1959 3190 2014 τὰ
3231 1959 3292 2013 ἐκ
3340 1954 3768 2032 προκαταϐολῆς

2121 2049 2330 2118 κόσμου
2390 2046 2743 2124 διωρισμένα,
2800 2049 2889 2103 καὶ
2948 2053 3185 2126 Γραφαῖς
3261 2046 3446 2124 ἁγίαις
3524 2050 3766 2103 τεθεσπι-

2114 2135 2314 2208 -σμένα,
2346 2142 2592 2211 προεῖναι
2646 2137 2741 2209 μὲν
2778 2137 2875 2205 τὴν
2928 2135 3094 2191 αὐτοῦ
3141 2136 3283 2204 ζωήν
3334 2135 3467 2210 ὑπὲρ
3515 2142 3620 2205 τῆς
3669 2140 3767 2191 τοῦ

2120 2224 2331 2297 κόσμου
2361 2231 2509 2295 ζωῆς
2537 2247 2596 2281 τε
2632 2225 2723 2280 καὶ
2766 2225 3040 2299 σωτηρίας
3066 2244 3078 2257 ⁸
3121 2226 3334 2296 θανάτῳ
3380 2222 3438 2279 δὲ
3464 2227 3607 2300 πρὸς
3634 2224 3766 2286 τοὺς

2122 2314 2174 2370 ἒν
2203 2312 2336 2385 ᾅδου
2383 2314 2675 2390 γενόμενον
2724 2313 2851 2377 τοὺς
2900 2315 3080 2387 ἀξίους
3127 2318 3370 2384 ζωῶσαι,
3419 2312 3541 2370 ὅσοι
3578 2312 3648 2383 δὴ
3679 2316 3770 2370 καὶ

2121 2409 2401 2460 πιστεῦσαι
2444 2404 2764 2479 ἠνέσχοντο,
2812 2403 2903 2459 καὶ
2952 2404 3087 2475 πρὸς
3136 2404 3230 2459 τὸν
3280 2401 3608 2477 παράδεισον
3639 2405 3769 2459 ἀνα-

2123 2496 2313 2561 σῶσαι,
2344 2492 2595 2567 ἀρχηγὸν
2641 2492 2729 2547 καὶ
2766 2491 2938 2547 αἳτιον
2979 2496 3127 2561 ζωῆς
3177 2489 3402 2545 αἰωνίου
3449 2492 3765 2565 γενόμενον.

2122 2581 2219 2636 Διά
2248 2602 2332 2636 τοι
2357 2585 2523 2637 τοῦτο
2558 2582 2693 2654 μετὰ
2719 2580 2781 2635 τὸ
2812 2584 2981 2636 ταῦτα
3025 2581 3193 2635 πάντα
3241 2580 3436 2654 πρᾶξαι
3467 2581 3562 2636 τὸν
3610 2583 3764 2655 θεαρο

2121 2671 2427 2745 χικώτατον
2486 2671 2687 2746 Λόγον,
2744 2670 2835 2725 καὶ
2902 2675 3020 2731 τοῖς
3079 2667 3238 2731 ἰδίοις
3306 2668 3765 2745 εὐαγγελίσασθαι

2124 2761 2415 2832 μαθηταῖς,
2475 2761 2598 2814 ὅσον
2654 2756 2761 2830 ἤδη
2822 2757 2980 2834 ἐγγὺς
3029 2759 3165 2813 εἶναι
3214 2759 3313 2826 τήν
3360 2762 3472 2812 τῶν
3523 2759 3764 2832 οὐρανῶν

2123 2848 2430 2923 βασιλείαν,
2496 2849 2587 2903 καὶ
2651 2854 2768 2911 τοῖς
2835 2848 3330 2922 αἰχμαλωτισθεῖσι
3400 2851 3480 2919 τῷ
3553 2852 3763 2918 Σατανᾷ

2120 2940 2349 3013 κηρῦξαι
2382 2940 2482 3007 τὴν
2514 2936 2720 3014 ἄφεσιν,
2765 2938 2903 3013 πρὸς
2953 2933 3009 2990 δὲ
3055 2937 3145 2991 καὶ
3192 2942 3312 2999 τοῖς
3358 2935 3752 3008 ἒσκοτισμένοις

2112 3026 2202 3082 τὸν
2241 3031 2385 3097 νοῦν,
2431 3027 2520 3081 καὶ
2570 3030 2638 3101 τῇ
2696 3025 2917 3097 ἀπιστία
2966 3027 3414 3099 πεπηρωμένοις,
3457 3029 3567 3104 φῶς
3613 3025 3741 3078 ἀνα-

2113 3113 2329 3191 λάμψαι
2390 3115 2529 3189 μὲγα
2562 3135 2575 3149 ·
2634 3115 2727 3169 καὶ
2782 3110 3005 3170 καλέσαι
3082 3114 3176 3186 μὲν
3232 3112 3474 3168 ἐνιαυτὸν
3548 3111 3744 3186 Κυρίου

2112 3201 2321 3274 δεκτὸν,
2368 3205 2458 3259 καὶ
2515 3202 2723 3278 ἡμέραν
2788 3201 3221 3268 ἀνταποδόσεως,
3289 3201 3630 3278 παράκλησιν
3693 3198 3751 3257 δέ

2108 3300 2226 3357 τοῖς
2256 3296 2541 3350 πενθοῦσιν
2581 3292 2634 3349 ἐν
2673 3297 2741 3368 τῇ
2788 3295 2962 3348 Σιών·
3011 3291 3139 3354 τοὺς
3189 3293 3336 3365 αὐτῷ
3391 3313 3752 3367 μυπαγωγη-

2112 3381 2292 3446 θέντας
2350 3378 2704 3458 παραλαϐὼν,
2753 3380 2955 3457 ἐγγίζει
3022 3381 3118 3454 μὲν
3194 3379 3272 3442 εἷς
3335 3379 3599 3450 Βηθανίαν
3658 3381 3754 3448 τῆν

2111 3474 2308 3545 κώμην
2337 3493 2349 3505 ·
2384 3470 2557 3546 διέχει
2590 3468 2647 3526 δὲ
2679 3470 2816 3541 αὕτη
2846 3474 2953 3525 τῶν
2994 3468 3392 3544 Ἰεροσολύμων
3445 3470 3579 3524 ὼσεὶ
3628 3470 3752 3525 στά-

2114 3558 2201 3615 διά
2231 3582 2337 3616 που
2371 3558 2608 3634 μάλιστα
2638 3561 2794 3615 πέντε
2821 3561 2913 3615 καὶ
2961 3555 3109 3616 δέκα.
3160 3558 3347 3630 Σίμων
3403 3554 3461 3613 δὲ
3492 3559 3521 3613 ὁ
3553 3559 3755 3633 λεπρὸς

2112 3650 2273 3704 αὐτὸν
2318 3649 2394 3710 εἰς
2450 3649 2616 3718 ξενίαν
2670 3648 2873 3718 ἐκάλει,
2933 3648 2992 3702 ’ὃν
3050 3646 3356 3723 ἀπόκρυφοι
3419 3641 3612 3720 βίϐλοι
3668 3646 3755 3702 καὶ

2110 3741 2316 3813 πατέρα
2381 3738 2516 3792 εἶναι
2586 3740 2773 3792 τοῦτον
2840 3735 3088 3812 Λαζάρου
3161 3739 3342 3812 σαφῶς
3402 3737 3540 3809 ἡμῖν
3608 3733 3755 3790 ἐκδε-

2113 3826 2346 3883 δώκασιν
2372 3842 2389 3860 ⁸
2421 3823 2542 3881 ἔνθα
2573 3824 2629 3880 δὲ
2657 3827 2747 3881 καὶ
2780 3832 2998 3904 τχοφῆς
3036 3824 3366 3897 ἁπτόμενος,
3414 3824 3756 3879 συνεσθίοντα

2114 3918 2230 3994 εἶχε
2259 3918 2346 3971 καὶ
2377 3916 2435 3970 ’ὸν
2468 3916 2573 3990 πρὸ
2606 3916 2844 3991 βραχέος
2893 3912 3149 3984 ἀνέστησε
3200 3913 3467 3987 Λάζαρον.
3512 3914 3661 3968 Ἐκεῖ
3685 3909 3752 3983 δὴ

2110 4007 2202 4060 καὶ
2242 4008 2276 4074 ἠ
2325 4009 2423 4059 τοῦ
2481 4005 2729 4080 Λαζάρου
2789 4000 2999 4077 ἀδελφή
3060 4001 3239 4076 Μαρία
3295 3999 3612 4075 δεξιουμένη
3664 4002 3753 4056 τὸν

2112 4095 2348 4163 Ἰησοῦν,
2381 4095 2470 4149 οἷα
2500 4092 2653 4161 Θεὸν,
2681 4094 2752 4165 τῇ
2800 4090 3108 4160 παλινζωῒα
3155 4094 3253 4146 τοῦ
3303 4088 3563 4169 ἀδελφοῦ,
3597 4089 3754 4164 μύρῳ

2111 4169 2405 4256 πολυτίμῳ
2467 4183 2568 4252 τὴν
2627 4181 2832 4236 ἐκείνου
2885 4177 3189 4236 κατεδίαινε
3235 4178 3517 4257 κεφαλήν
3571 4176 3753 4252 ὥσπερ

2114 4270 2249 4343 δῆτα
2304 4271 2395 4328 καὶ
2446 4269 2594 4342 ἄλλη
2654 4270 2916 4346 πρότερον
2976 4269 3098 4344 περὶ
3154 4269 3222 4325 τὰ
3297 4265 3431 4343 μέσα
3488 4290 3594 4325 που
3660 4273 3753 4323 τοῦ

346 4363 841 4426 Quemadmodem
917 4362 1135 4420 scilicet
1197 4367 1255 4419 et
1310 4363 1425 4419 alia
1477 4362 1724 4419 antehae
1773 4362 2002 4419 circiter

2120 4362 2487 4438 κηρύγματος,
2546 4358 2637 4415 καὶ
2694 4357 2845 4420 αὖθις
2927 4356 3073 4428 ἄλλη
3142 4360 3301 4434 γυνὴ,
3374 4360 3603 4434 πορνείᾳ
3659 4358 3747 4411 τὸν

350 4454 600 4509 znedium
646 4452 1073 4526 praedicationis
1120 4462 1347 4525 tempus
1379 4473 1395 4522 ;
1447 4459 1621 4525 atque
1650 4453 1855 4510 iterum
1886 4451 2002 4509 alia

348 4542 559 4599 mulier
598 4558 720 4614 quas
777 4542 954 4598 vitam
989 4544 1314 4599 meretricio
1367 4547 1592 4615 quastu
1637 4542 2000 4611 toleraverat,

346 4631 521 4704 paulo
552 4636 687 4688 ante
714 4632 1045 4702 passionem
1077 4637 1238 4689 extra
1273 4632 1673 4702 Hierosolyma
1706 4635 1998 4703 unguento

347 4722 601 4795 ingentis
646 4722 919 4795 ponderis
966 4727 1023 4778 et
1067 4722 1259 4793 pretii,
1302 4723 1475 4792 pedes
1521 4724 1661 4778 Jesu
1711 4721 1873 4790 lavit,
1904 4737 1997 4777 se-

344 4812 590 4884 pultura
633 4811 992 4867 adumbrans
1042 4816 1100 4868 et
1159 4815 1583 4883 reprmsentans
1633 4810 1990 4880 mysterium.

344 4902 481 4966 Quas
530 4918 668 4958 sane
753 4902 981 4971 mulier,
1031 4903 1246 4974 quibus
1291 4901 1506 4958 multos
1542 4902 1602 4957 in
1651 4900 2000 4973 perditionis

347 4997 653 5049 attraxerat
682 4990 1103 5057 lubricitatem,
1135 4990 1387 5064 capillis,
1422 4996 1704 5063 tanquam
1736 4989 1999 5062 spongiis

351 5082 527 5152 pedes
555 5081 683 5152 ejus
732 5081 988 5151 extersit,
1034 5088 1514 5153 unguentumque
1558 5079 1833 5152 lacrymis
1885 5078 2001 5134 mi-

350 5170 707 5242 scens,gravi
734 5174 1105 5241 peccatorum
1134 5175 1224 5226 est
1251 5180 1453 5225 catena
1481 5166 1997 5236 liberata.Deinde,

354 5264 419 5314 ut
463 5264 886 5330 competentem
935 5258 1316 5330 debitumque
1364 5258 1541 5314 ﬁnem
1587 5256 1899 5329 Scriptura:
1928 5257 2001 5313 de

352 5364 419 5405 eo
473 5349 713 5420 prodite
768 5349 1067 5418 haberent,
1125 5347 1300 5405 103
1330 5348 1491 5421 pullo
1543 5346 1871 5421 subjugalis
1892 5348 2001 5419 ju-

424 5535 508 5607 (1)
533 5536 734 5593 Simon
763 5537 815 5595 is
844 5538 1040 5596 Lazari
1071 5542 1254 5607 pater.

2110 4452 2286 4505 πάντα
2343 4448 2461 4524 βίον
2522 4449 2797 4518 συζήσασα
2838 4446 2945 4523 πρὸ
2986 4451 3082 4501 τοῦ
3136 4446 3347 4511 πάθους
3404 4445 3609 4522 βραχὺ,
3654 4449 3751 4511 τῆς

2109 4537 2506 4614 Ἱεροσολύμων
2563 4535 2736 4609 ἐκτὸς,
2792 4535 2948 4610 μύρῳ
2990 4534 3207 4611 βαρείας
3246 4531 3359 4591 ὄντι
3402 4535 3597 4605 ὁλκῆς,
3644 4538 3751 4589 τῶν

2108 4625 2295 4682 ποδῶν
2360 4624 2606 4702 κατέρρει
2670 4628 2769 4680 τοῦ
2834 4625 3036 4696 Ἰησοῦ,
3102 4624 3164 4678 τὸ
3230 4627 3329 4680 τοῦ
3387 4621 3753 4702 ἐνταφιασμοῦ

2110 4719 2463 4790 προτυποῦσα
2515 4717 2816 4790 μυστήριον
2853 4731 2868 4745 °
2913 4713 3004 4768 καὶ
3048 4718 3168 4774 ταῖς
3213 4714 3355 4787 θριξὶ
3385 4709 3455 4767 δι’
3486 4713 3560 4767 ὧν
3611 4709 3753 4767 πολ-

2112 4803 2245 4867 λοὺς
2277 4804 2351 4867 εἷς
2381 4805 2472 4860 τὸν
2504 4811 2605 4874 τῆς
2655 4800 2934 4865 ἀπωλείας
2982 4799 3332 4857 καθείλκυσεν
3383 4796 3627 4870 ὄλισθον,
3660 4801 3752 4856 οἷα

2112 4894 2377 4969 σπόγγοις
2428 4890 2717 4969 χρωμένη,
2766 4893 2856 4947 καὶ
2906 4890 3134 4954 τούτους
3184 4889 3568 4965 ἐκμάσσουσα·
3615 4887 3651 4960 ἤ
3684 4887 3749 4960 δὴ

2110 4983 2200 5038 καὶ
2252 4980 2475 5058 δάκρυσι
2521 4984 2586 5037 τὸ
2635 4981 2806 5056 μύρον
2860 4984 3114 5057 μειγνῦσα,
3162 4986 3263 5050 τῆς
3309 4983 3417 5035 τῶν
3467 4979 3751 5055 ἁμαρτιῶν

2114 5071 2332 5148 βαρείας
2386 5070 2631 5135 ἁλύσεως
2686 5068 3090 5141 ἀπηλλάττετο.
3135 5070 3403 5125 Ἐντεῦθεν
3451 5067 3520 5121 ’ίν’
3579 5066 3753 5123 α²ίσιον

2109 5163 2275 5239 πέρας
2330 5165 2384 5219 αἱ
2428 5162 2550 5235 περὶ
2607 5162 2772 5219 αὐτοῦ
2829 5166 2997 5218 πᾶσαι
3053 5166 3237 5237 σχοῖεν
3299 5158 3531 5237 1“ραφαί,
3578 5158 3752 5234 πώλῳ

2113 5254 2208 5327 μὲν
2237 5252 2339 5326 υἷῷ
2377 5251 2683 5329 ὑποζυγίου
2714 5253 2742 5307 ὁ
2776 5252 2988 5329 θρόνοις
3036 5245 3386 5326 χερουϐικοῖς
3434 5249 3751 5325 ἐποχούμε-

2106 5363 2195 5406 νος
2225 5337 2513 5413 ἐπιϐαίνει,
2553 5340 2641 5397 καὶ
2671 5339 2760 5397 διὰ
2808 5345 2915 5397 τῶν
2959 5339 3146 5396 πυλῶν
3199 5338 3516 5409 εἰσήλαυνεν
3561 5339 3753 5414 Ἰερου-

427 5600 578 5683 (2)Δ
619 5608 805 5667 tribus
835 5600 1183 5668 mulieribus
1212 5609 1475 5668 Christus
1507 5614 1716 5669 unctus
1746 5611 1855 5666 est.
1881 5605 2047 5665 Unde
2076 5603 2346 5664 nonnulli
2377 5604 2638 5662 doctores
2667 5608 2788 5662 tres
2820 5602 3033 5660 Marias
3064 5600 3306 5658 faciunt.
