4070 6274
172 395 300 456 713

1231 399 1858 492 ECCLESIASTICE
1897 394 2287 458 HISTORLF.
2330 395 2475 455 LIB.
2522 394 2570 454 Ι.

3485 394 3606 454 7H

173 524 405 598 σιλήμ.
441 529 504 582 '0
533 525 591 581 δὲ
622 522 799 605 ὄχλος
839 526 1072 584 εἰσόδων
1112 534 1282 604 τιμὴν
1330 534 1476 606 αὐτῷ
1525 533 1844 610 σχεὸιάζον-

1960 531 2160 597 menti,
2213 529 2311 601 qui
2364 527 2594 584 thronis
2641 525 2957 583 Cherubim
3013 525 3265 596 vehitur,
3319 527 3602 597 insidens,

168 637 280 679 τες,
319 617 424 669 citi
461 636 564 670 τινι
625 616 842 689 ἐξαισίῳ
891 619 979 672 καὶ
1033 619 1161 693 ὑπὲρ
1205 621 1486 696 ἄνθρωπον
1535 623 1708 698 κυρίῳ
1764 625 1844 692 τῷ

167 703 292 760 ὄντι
355 706 456 759 καὶ
521 705 758 778 βασιλεῖ,
791 703 936 778 ᾠδὰς
988 704 1296 779 δημοσίους
1351 712 1666 768 ἐπέπλεκον.
1703 711 1846 784 Πρὸς

170 791 229 847 δὲ
272 793 373 848 καὶ
429 792 651 864 πληθὺς
681 794 893 865 νηπίων
922 798 1046 872 περὶ
1095 798 1252 853 αὐτὸν
1299 799 1581 874 ἤθροιστο,
1616 805 1840 862 παιᾶνας

167 881 355 944 θείους
423 879 724 953 ἐξᾴδουσα·
783 887 875 938 καὶ
933 887 986 940 οἱ
1037 887 1134 959 μὲν
1178 889 1356 944 αὐτῶν
1401 891 1466 946 τὰ
1524 890 1718 964 ἱμάτια
1770 891 1838 961 τῇ

171 975 246 1046 γῇ
298 970 760 1046 ἐπεστρώννυον·
813 972 915 1028 εἰσὶ
979 971 1039 1028 δὲ
1087 975 1140 1030 οἳ
1187 979 1279 1031 καὶ
1335 977 1580 1054 κλάγους
1641 976 1841 1032 ἐλαιῶν

171 1062 264 1116 καὶ
336 1061 614 1134 φοινίκων
682 1060 1079 1135 κατακλῶντες,
1137 1065 1264 1131 τοὺς
1327 1069 1421 1140 μὲν
1499 1073 1618 1128 τοῖς
1683 1067 1844 1122 ποσέν

177 1148 526 1225 ὑπέβριπτον
552 1169 564 1181 '
599 1150 764 1206 ἄλλοι
824 1148 883 1206 δὲ
927 1153 1018 1208 καὶ
1075 1156 1263 1230 χερσὶν
1316 1155 1675 1224 ἀνασείοντες,
1718 1155 1846 1210 ἐπε-

173 1237 416 1315 κρὸτουν
455 1239 716 1308 ἐξαισίαις
749 1238 918 1313 ᾠδαῖς
941 1261 954 1274 ·
989 1245 1078 1298 οἶά
1103 1265 1210 1299 τινι
1240 1248 1602 1321 τροπαιούχῳ
1644 1245 1734 1300 καὶ
1765 1267 1846 1300 νι-

177 1335 350 1405 κητῇ,
385 1332 673 1396 Ὡσαννὰ
708 1335 800 1404 τῷ
838 1333 958 1404 υἱῷ
999 1333 1486 1411 Δαυῗδ,λέγοντες
1513 1355 1524 1368 ·
1569 1333 1848 1410 εὐλογηο

181 1422 381 1490 μένος
426 1424 456 1477 ὁ
501 1421 876 1499 ἐρχόμενος
921 1420 984 1476 ἒν
1025 1423 1320 1498 ὀνόματξι
1379 1425 1648 1497 Κυρίου,
1691 1423 1848 1484 Θεὸς

181 1511 459 1585 Κύριος,
520 1512 631 1565 καὶ
691 1509 1016 1586 ἐπέφανεν
1069 1513 1254 1586 ἡμῖν.
1297 1515 1395 1568 Καὶ
1429 1515 1577 1568 ταῦτ’
1609 1507 1848 1566 ἐπεϐόων

179 1601 398 1674 μακρὰν
486 1598 808 1670 ποιοὲμενοι
886 1603 1250 1672 προπομπήν,
1304 1599 1468 1676 ἄχρις
1545 1602 1605 1656 οὗ
1677 1600 1844 1672 εῗσῄει

179 1689 318 1759 μετᾶ
372 1687 544 1762 δόξης
598 1690 678 1756 τῷ
739 1686 894 1760 ἱερῷ.
937 1690 1091 1743 Ὅθεν
1146 1689 1236 1744 καὶ
1291 1691 1420 1752 τοὺς
1473 1688 1848 1759 θεοκαπήλους

185 1776 449 1845 ἒξελάσας
502 1781 581 1848 τῷ
626 1773 951 1852 φραγγελίῳ
1011 1781 1126 1850 μετ’
1171 1777 1414 1852 ἐξουσίας
1461 1779 1545 1834 ὅτι
1584 1777 1848 1849 πλείστης

1953 620 2282 692 patentibus
2314 619 2492 690 portis
2533 615 2929 688 Hierosolyma
2963 616 3305 688 ingreditur.
3341 616 3422 673 Ibi
3459 616 3605 673 mul-

1951 709 2138 763 titudo
2187 707 2463 763 honorem
2512 721 2645 761 eum
2688 704 2788 776 qui
2820 720 2886 761 ex
2917 704 3125 761 itinere
3157 703 3603 762 advenientibus

1953 798 2214 864 debetur,
2279 797 2697 868 deproperans,
2761 795 2932 867 quasi
2985 794 3219 852 cuidam
3277 794 3599 868 praestanti,

1952 887 2369 958 hominemque
2409 885 2727 956 superanti,
2753 900 3070 958 reveraque
3089 883 3335 942 Domino
3359 889 3417 941 et
3437 883 3600 957 Regi,

1953 976 2210 1032 carmina
2259 974 2577 1047 publicitus
2619 974 2795 1031 canit.
2831 978 3145 1030 Puerorum
3199 978 3471 1044 praeterea
3513 978 3601 1028 te-

1955 1081 2226 1122 nerorum
2261 1068 2504 1120 catervae
2533 1062 2687 1118 circa
2716 1078 2852 1118 eum
2881 1066 3332 1134 congregantur,
3363 1062 3598 1117 divinos

1956 1169 2187 1227 paeanas
2234 1157 2292 1207 et
2338 1152 2593 1208 victoriae
2625 1151 2888 1208 carmina
2915 1151 3242 1207 acoinentes
3275 1167 3288 1205 :
3323 1154 3499 1222 atque
3529 1165 3598 1206 ex

1953 1246 2048 1301 his
2089 1244 2188 1300 alii
2233 1245 2582 1299 vestimenta
2611 1241 2775 1298 humi
2805 1246 3097 1311 sternunt,
3127 1242 3224 1298 alii
3257 1241 3514 1298 olearum
3547 1245 3606 1297 et

1955 1335 2283 1407 palmarum
2316 1349 2509 1388 ramos
2561 1333 2916 1403 frangentes,
2948 1331 3162 1402 partim
3195 1331 3444 1402 pedibus
3475 1331 3603 1401 ejus

1955 1424 2296 1496 subjiciunt,
2329 1425 2540 1494 partim
2578 1422 2853 1478 manibus
2889 1421 3242 1494 quatientes,
3276 1421 3603 1494 magnificis

1955 1513 2007 1568 ei
2039 1513 2402 1584 applaudunt
2446 1511 2976 1583 apprecationibus,
3011 1509 3248 1582 perinde
3286 1514 3461 1583 atque
3494 1511 3603 1566 tri-

1957 1601 2290 1674 umphatori
2339 1605 2396 1657 et
2442 1601 2642 1657 victori
2690 1599 2923 1656 cuidam
2958 1617 2972 1656 :
3013 1601 3289 1666 Hosamra,
3322 1600 3597 1667 dicentes,

1955 1693 2072 1762 ﬁlio
2108 1691 2277 1748 David
2297 1709 2315 1746 :
2341 1691 2647 1746 benedictus
2665 1691 2762 1762 qui
2780 1693 2925 1745 venit
2950 1690 3006 1744 in
3037 1689 3262 1747 nomine
3290 1687 3510 1746 Domini
3529 1687 3598 1744 ³ο.

1957 1783 2096 1838 Deus
2146 1781 2428 1848 Dominus,
2459 1783 2510 1834 et
2551 1781 2811 1850 apparuit
2858 1779 3034 1836 nobis.
3065 1780 3253 1850 Atque
3279 1777 3362 1834 ita
3390 1778 3604 1834 vocife-

178 1867 266 1919 καὶ
326 1865 647 1942 παῤῥησίας
704 1864 950 1934 πολλῆς,
981 1867 1058 1928 εἷς
1115 1869 1210 1923 τὸν
1262 1870 1382 1924 κατ’
1414 1867 1579 1923 αὐτοῦ
1624 1864 1844 1944 φθόνον,

1959 1871 2238 1926 rebantur
2287 1867 2519 1940 longius
2561 1883 2697 1924 eum
2747 1871 3188 1940 prosequentes,
3238 1868 3420 1924 donec
3471 1882 3604 1922 cum

181 1955 267 2008 xui
298 1957 403 2024 τὴν
437 1951 698 2023 λυσσώδη
735 1953 927 2025 μανίαν
977 1955 1212 2027 ἐκείνην,
1240 1963 1368 2020 τους
1418 1958 1616 2032 ἐναγεῖς
1668 1954 1838 2011 διανὲ-

185 2063 372 2113 στησε.
409 2042 591 2097 Τόπον
649 2039 704 2096 δὲ
755 2045 823 2115 τῇ
883 2043 1023 2121 ὀργῇ
1083 2043 1264 2108 διδοὺς
1319 2047 1474 2119 (πρὸς
1521 2045 1625 2122 γὰρ
1674 2046 1834 2124 φόνον

187 2133 320 2200 ἦσαν
381 2133 694 2206 ὁρμῶντες,
753 2131 842 2185 ἅτε
893 2129 958 2202 δή
1017 2135 1110 2189 τὸν
1168 2136 1374 2206 κόσμον
1435 2134 1612 2190 ὀπίσω
1673 2134 1838 2188 αὐτοῦ

191 2221 491 2293 βλέποντες
544 2219 920 2295 ἐφεπόμενον),
951 2219 1140 2297 ἔξεισιν
1195 2223 1350 2288 αὖθις
1406 2231 1507 2294 τῆς
1568 2226 1841 2298 Ἰερουσα-

191 2309 310 2384 λὴμ
359 2312 387 2364 ὁ
439 2311 640 2383 Σωτὴρ
673 2310 846 2384 εὐχῆς
882 2309 1058 2370 ἕνεκα.
1089 2315 1272 2388 Ἱκανῇ
1317 2311 1374 2368 δὲ
1421 2314 1622 2388 χρόνου
1673 2307 1836 2386 τριϐῇ

191 2399 478 2470 ἐπανήκων
519 2399 692 2467 αὖθις,
724 2399 906 2473 πρωΐα
957 2401 1015 2458 δὲ
1074 2405 1163 2474 ἧν,
1205 2405 1296 2459 καὶ
1352 2405 1678 2477 πρόσπεινος
1727 2399 1836 2473 ἤδη

194 2489 505 2564 γενάμενος,
563 2490 592 2543 ὃ
653 2485 791 2557 δῆτα
847 2490 1048 2548 οἰκεῖον
1115 2501 1216 2564 τῆς
1273 2494 1693 2566 ἀνθρωπότητος
1749 2493 1839 2562 ἦν,

195 2580 330 2648 πρός
406 2601 526 2635 τινα
603 2583 771 2646 συκῆν
841 2581 1144 2638 ἀποκλίνει.
1209 2584 1338 2639 Επεὶ
1397 2581 1454 2638 δε
1506 2585 1580 2655 μὴ
1634 2583 1841 2656 καρπὸς

198 2665 374 2740 ἐκείνῃ
405 2674 602 2742 παρῆν,
636 2664 894 2739 ἐπαρᾶται
931 2671 1026 2742 μὲν
1073 2670 1228 2733 εὐθὺς
1273 2670 1449 2741 ἐκείνῃ
1501 2672 1566 2725 τὰ
1613 2664 1840 2746 ἔσχατα,

203 2757 296 2808 οἷα
329 2753 395 2824 δὴ
428 2755 654 2833 ἀρχηγῷ
702 2757 768 2814 τὰ
799 2762 988 2830 πρῶτα
1018 2759 1285 2835 γενομένῃ
1318 2765 1416 2829 τῆς
1447 2755 1802 2833 παραϐάσεως
1827 2776 1840 2790 ·

206 2841 294 2894 καὶ
329 2841 521 2916 ἀθρόον
551 2849 646 2910 τῆς
678 2845 976 2922 ὑγρότητος
1027 2848 1240 2918 ἁπάσης
1283 2846 1628 2918 διατακείσης
1679 2847 1842 2919 αὐτῇ,

216 2931 347 3005 ξηρᾶ
377 2938 488 2994 τοῖς
519 2937 1008 3010 πᾶσικαθεωρᾶτο.
1041 2945 1102 2993 ‘0
1153 2935 1220 3008 δὴ
1272 2945 1372 3008 τῆς
1422 2936 1474 2991 ἐν
1522 2939 1668 3008 αὐτῷ
1719 2937 1844 2992 θεό-

212 3040 371 3088 τητος
430 3021 584 3097 ἔργον
639 3029 855 3087 πάντως
914 3022 1356 3096 ἀριδηλότατον
1408 3027 1498 3080 καὶ
1528 3027 1629 3099 γὰρ
1659 3023 1842 3098 ὥσπερ

211 3111 400 3178 φυσικὴ
449 3113 671 3183 θέλησις
719 3114 1008 3188 ἀνθρώπου
1053 3115 1104 3169 ἐν
1157 3114 1302 3186 αὖτῷ
1332 3117 1419 3170 καὶ
1457 3115 1678 3184 θέλησις
1708 3115 1846 3170 κατὰ

211 3195 360 3270 φύσιν
415 3201 749 3272 Θευῦ,οὕτω
805 3203 894 3256 καὶ
953 3202 1241 3276 ἀνθρώπου
1297 3203 1387 3258 καὶ
1437 3207 1570 3258 Θεοῦ
1603 3203 1843 3278 ἐνέργεια

1953 1958 2126 2014 laude
2158 1965 2213 2012 et
2241 1956 2424 2028 gloria
2454 1957 2514 2011 in
2542 1955 2824 2028 templum
2852 1962 2940 2012 est
2969 1955 3290 2027 ingressus.
3317 1954 3480 2010 Unde
3508 1953 3606 2010 ille

1948 2063 2146 2102 rerum
2181 2060 2483 2101 sacrarum
2535 2045 2974 2105 nundinatores,
3006 2047 3466 2114 sanctarumquc
3495 2061 3603 2098 cev

1949 2137 2343 2193 remoniarum
2375 2139 2433 2190 et
2463 2135 2872 2207 mysteriorum
2915 2134 3348 2204 depravatores,
3376 2133 3602 2203 flagello

1948 2241 2080 2281 cum
2113 2223 2378 2280 libertate
2415 2221 2669 2294 plurima
2700 2237 2767 2277 ac
2798 2226 3085 2294 potestate
3119 2223 3397 2289 maxime,
3421 2222 3491 2276 ad
3527 2222 3604 2274 in-

1949 2315 2163 2370 vidiam
2197 2328 2400 2384 usque,
2424 2316 2482 2368 et
2502 2311 2878 2367 furibundum
2904 2309 3064 2366 illam
3089 2325 3288 2365 eorum
3313 2310 3601 2366 insaniam

1949 2403 2266 2472 expellens,
2298 2401 2609 2457 sceleratos
2639 2404 2695 2456 et
2735 2399 2948 2472 impios
2995 2399 3219 2454 evertit.
3254 2398 3354 2454 Irae
3386 2397 3595 2452 deinde

1949 2491 2161 2549 cedens
2189 2491 2332 2561 (jam
2364 2489 2521 2546 enim
2552 2489 2610 2545 in
2640 2489 2851 2544 caedem
2874 2488 3003 2560 ejus
3025 2488 3294 2553 ruebant,
3317 2493 3592 2558 tanquam

1952 2581 2230 2636 mundum
2265 2580 2454 2652 ipsum
2489 2582 2620 2650 post
2649 2594 2782 2634 eum
2813 2583 3046 2634 euntem
3093 2575 3433 2646 conspicati)
3465 2573 3597 2629 Hie-

1953 2667 2260 2742 rosolymis
2289 2668 2558 2724 Servator
2585 2665 2940 2738 precationis
2971 2680 3107 2738 ergo
3137 2664 3454 2737 egreditur.
3488 2663 3602 2720 Po-

1953 2761 2076 2815 stea
2130 2773 2286 2828 vero,
2330 2755 2676 2827 interposita
2725 2754 2925 2827 aliqua
2971 2755 3253 2826 temporis
3302 2769 3488 2820 mora,
3535 2766 3603 2809 eo

1954 2851 2245 2904 revertens
2273 2847 2470 2916 (mane
2516 2849 2642 2902 turn
2691 2845 2839 2916 erat)
2867 2860 3001 2901 cum
3032 2844 3212 2900 fames
3243 2843 3294 2899 ei
3322 2841 3602 2898 incessis-

1954 2945 2059 3006 set,
2107 2937 2255 3008 quod
2308 2935 2530 2992 scilicet
2588 2935 2885 3007 proprium
2935 2933 3206 2990 humanae
3255 2931 3603 2988 conditionis

1952 3031 2094 3088 erat,
2127 3027 2195 3082 ad
2229 3026 2546 3098 quamdam
2579 3024 2814 3080 divertit
2844 3023 3018 3080 ticum
3057 3039 3072 3078 :
3105 3022 3198 3080 cui
3229 3037 3364 3078 cum
3398 3019 3604 3077 nullus

1954 3115 2175 3171 inesset
2205 3115 2449 3181 fructus,
2477 3112 2685 3168 ultima
2715 3111 2911 3168 statim
2944 3113 2996 3168 ei
3017 3127 3119 3183 per
3147 3110 3602 3167 exsecrationem

1962 3203 2339 3274 imprecetur,
2387 3205 2585 3273 utpote
2640 3217 2771 3272 qum
2817 3203 3018 3256 auctor
3076 3199 3332 3272 primum
3390 3202 3452 3254 et'
3497 3197 3616 3252 dux

211 3284 262 3338 ἐν
319 3291 396 3360 τῷ
444 3289 592 3360 αὐτῷ
652 3291 880 3365 ἑωρᾶτο.
917 3292 1084 3354 Φύσις
1141 3293 1240 3368 γὰρ
1292 3292 1512 3367 ἑκατέρα
1558 3294 1624 3346 τὰ
1673 3291 1848 3348 οῗκεῖα

1965 3257 2786 3364 transgressionis.fuerit‘U).
2817 3291 3001 3360 Atque
3033 3257 3151 3355 illa,
3186 3287 3426 3345 humore
3476 3301 3612 3356 pro-

216 3373 372 3446 ἑαυτῇ
420 3377 510 3428 καὶ
556 3376 723 3444 ἤθελε
779 3378 867 3431 καὶ
929 3376 1140 3452 ἐνήργει
1175 3379 1308 3451 μετᾶ
1353 3385 1454 3448 τῆς
1487 3381 1711 3453 θατέρου
1742 3400 1860 3434 κοι-

214 3462 416 3524 νωνίας.
449 3464 523 3519 O5
575 3467 680 3539 γὰρ
731 3465 1116 3536 ἆγοινιονήτως
1165 3467 1387 3542 ἑκατέρα
1429 3469 1588 3544 φύσις
1635 3471 1700 3524 τὰ
1737 3467 1860 3524 ’ίδια

216 3545 499 3622 ἔπραττεν·
539 3552 684 3609 ἁλλᾶ
712 3557 800 3609 καὶ
855 3557 890 3625 ἡ
923 3555 1116 3626 θεότης
1169 3557 1304 3630 μετὰ
1351 3563 1452 3624 τῆς
1501 3557 1858 3631 ἆνθρωπότη·

217 3658 324 3708 τος,
353 3643 440 3696 καὶ
499 3646 534 3712 ἡ
593 3643 950 3718 ἀνθρωπότης
1007 3644 1162 3708 αὖθις
1222 3645 1314 3700 σὺν
1371 3651 1440 3720 τῇ
1501 3647 1739 3717 θεότητι,
1793 3647 1860 3701 τὰ

217 3732 560 3800 προσήκοντά
615 3753 675 3808 γε
723 3733 922 3808 ἑκάστῃ
996 3735 1282 3808 ὑπερφυῶς
1346 3732 1636 3809 ἔπραττον.
1679 3735 1857 3790 Ἔνθεν

219 3837 319 3885 τοι,
359 3817 542 3890 ὥσπερ
587 3823 654 3876 τὰ
700 3829 798 3892 τῆς
847 3826 1108 3902 θεαρχίας
1150 3821 1268 3878 ’ίδια
1316 3829 1398 3895 τῷ
1443 3829 1540 3880 τοῦ
1572 3825 1860 3899 ἀνθρώπου

221 3907 324 3976 Ϊὶἴρ
385 3907 753 3979 μεταδίδοται,
815 3910 986 3976 οὕτως
1048 3911 1200 3972 αὖθις
1279 3914 1346 3967 τὰ
1419 3917 1515 3967 τοῦ
1573 3913 1860 3985 ἀνθρώπου

221 3998 408 4070 φυσικὰ
456 3999 802 4073 ἀσθενήματα
848 4005 928 4073 τῷ
985 4005 1100 4072 Θεῷ
1151 4002 1308 4076 Λόγῳ
1357 4006 1540 4078 σαφῶς
1589 3999 1861 4057 ἀντιδὲδο-

223 4101 305 4136 ται
362 4083 448 4141 διὰ
523 4090 622 4158 τήν
683 4091 802 4144 καθ’
861 4090 1150 4145 ὑπόστασιν
1215 4088 1427 4146 ἕνωσιν.
1484 4093 1755 4160 ’ῌνίττετο
1815 4089 1861 4147 δ’

226 4168 346 4235 ἴσως
403 4177 436 4244 ἡ
495 4185 628 4247 συκῆ
693 4179 1008 4252 ξηρανθεῖσα
1061 4181 1150 4234 καὶ
1203 4181 1303 4248 τὴν
1379 4187 1478 4249 τῆς
1545 4185 1861 4258 συναγωγῆς

225 4261 477 4338 ἀκαρπίαν
539 4272 646 4321 τῶν
700 4265 1025 4323 Ἰουδαίων
1078 4269 1166 4324 καὶ
1239 4269 1420 4324 τοίνυν
1496 4273 1638 4325 πᾶσα
1709 4273 1860 4346 ψυχή

225 4346 416 4428 λογικὴ
467 4361 540 4431 τῇ
591 4360 726 4430 πρὸς
777 4360 1008 4432 Χριστὸν
1062 4357 1282 4430 ἀπιστίᾳ
1330 4361 1733 4434 κεκρατημένη,
1767 4360 1862 4414 κᾶν

223 4445 332 4504 τοῖς
377 4449 470 4500 τοῦ
537 4446 872 4521 γράμματος
929 4449 1123 4521 νόμοις
1155 4448 1246 4502 οἷά
1276 4469 1386 4504 τισι
1433 4448 1668 4527 φύλλοις
1721 4449 1870 4524 μάλα

223 4535 386 4601 κομᾷν
433 4533 813 4609 ἐκλογίζηται,
843 4541 940 4590 τοῖ’)
997 4542 1094 4606 τῆς
1145 4537 1196 4591 ἐν
1237 4541 1454 4612 Χριστῷ
1501 4538 1735 4600 πίστεως
1783 4538 1870 4594 νό-

1967 3381 2127 3437 tinus
2174 3379 2334 3436 omni
2396 3395 2633 3450 prorsus
2684 3384 3070 3447 exarescente,
3121 3376 3283 3432 arida
3338 3374 3614 3431 omnibus

1968 3469 2292 3525 exhibetur.
2325 3467 2488 3532 Quod
2521 3481 2663 3522 sane
2711 3465 2772 3522 in
2802 3481 2869 3522 eo
2897 3465 3397 3536 spectatissimum
3430 3460 3615 3518 omni-

1967 3558 2080 3614 bus
2114 3557 2302 3612 modis
2332 3554 2658 3612 divinitatis
2689 3570 2838 3624 opus
2871 3555 2997 3610 fuit.
3031 3552 3281 3621 Etenim,
3312 3550 3484 3608 sicuti
3517 3566 3620 3605 na-

1969 3645 2175 3702 turalia
2204 3645 2383 3702 simul
2414 3650 2472 3700 et
2502 3643 2759 3700 hominis
2803 3647 2860 3698 ct
2889 3643 3042 3698 idem
3073 3641 3174 3698 Dei
3207 3640 3502 3710 voluntas,
3535 3639 3620 3694 ita

1969 3735 2144 3791 simul
2194 3739 2252 3790 et
2298 3733 2554 3791 hominis
2604 3737 2662 3788 et
2715 3731 2814 3788 Dei
2862 3731 3118 3788 efficacia
3169 3735 3345 3802 atque
3373 3728 3522 3784 actio
3554 3729 3615 3781 in

1969 3823 2098 3896 ipso
2145 3824 2345 3879 eodem
2396 3820 2884 3894 conspiciebatur.
2919 3819 3172 3890 Utraque
3226 3832 3482 3889 namque
3512 3832 3618 3871 na-

1969 3916 2122 3976 tura,
2154 3927 2285 3984 quae
2332 3911 2564 3984 propria
2611 3910 2663 3967 ei
2715 3913 2926 3976 essent,
2958 3907 3137 3964 simul
3191 3915 3245 3964 et
3293 3905 3522 3962 volebat
3567 3911 3624 3959 et

1969 4000 2276 4066 efficiebat,
2301 4015 2430 4056 cum
2454 3999 2693 4055 alterius
2724 4003 2945 4054 natura:
2975 3995 3193 4052 scilicet
3222 3994 3623 4052 communica-

1970 4089 2150 4155 tione,
2203 4097 2446 4160 ulraque
2513 4091 2725 4144 natura
2782 4087 2976 4142 nativa
3031 4089 3087 4140 et
3137 4083 3370 4156 propria
3423 4081 3624 4138 munia

1971 4177 2220 4235 faciebat
2251 4193 2264 4232 :
2299 4193 2497 4236 verum
2545 4181 2602 4233 et
2650 4175 2918 4232 divinitas
2967 4190 3101 4230 cum
3142 4173 3536 4234 humanitate.
3568 4176 3628 4227 et

1973 4283 2205 4323 rursum
2237 4267 2574 4323 humanitus
2605 4282 2737 4322 cum
2769 4266 2898 4338 ipsa
2926 4263 3246 4329 divinitate,
3271 4277 3399 4334 quae
3431 4260 3628 4332 cujus-

1974 4373 2087 4430 que
2117 4359 2315 4412 essent
2343 4355 2540 4424 ofﬁcii,
2563 4371 2740 4427 supra
2760 4361 2979 4410 naturae
3011 4357 3240 4424 captum
3272 4350 3625 4406 efficiebant.

1973 4445 2263 4517 Siquidem
2314 4445 2804 4513 quemadmodum
2839 4443 3074 4516 propria
3103 4442 3316 4496 divinae
3348 4437 3628 4495 sublimi-

1975 4535 2113 4591 tatis
2145 4551 2386 4590 muncra
2438 4534 2582 4590 Filio
2615 4533 2870 4589 hominis
2910 4531 3343 4588 communicata
3374 4545 3386 4582 :
3421 4525 3626 4583 itidem

229 4637 348 4686 μου,
379 4622 423 4692 ᾦ
458 4623 668 4686 ἐκεῖνος
729 4623 969 4698 μάλιστα
1024 4626 1298 4702 τρέφεται,
1332 4622 1721 4695 διαπίπτουσα,
1773 4632 1849 4696 τῆι

1980 4641 2215 4682 rursum
2246 4627 2533 4681 naturales
2563 4625 2820 4680 hominis
2849 4621 3276 4679 imbecillitates
3311 4617 3479 4674 I04
3511 4615 3628 4672 Deo

223 4708 314 4758 τοῦ
345 4714 475 4765 Θεοῦ
517 4710 776 4786 εὐλογίας
805 4710 996 4788 πόβρω
1026 4714 1304 4786 γινομένη,
1339 4713 1660 4783 ξηραίνεται.

1965 4715 2155 4772 Verbo
2201 4715 2530 4782 manifeste,
2561 4731 2659 4784 per
2702 4712 3021 4785 quamdam
3063 4709 3230 4782 quasi
3277 4722 3619 4765 remunera-

231 4795 460 4870 tionem,
492 4803 732 4858 redditae
783 4808 938 4869 sunt,
989 4813 1222 4877 propter
1267 4821 1391 4861 eam
1443 4822 1569 4876 quas
1621 4821 1721 4876 per
1769 4807 2215 4861 subsistentiam
2263 4809 2373 4873 est,
2426 4805 2720 4860 unionem.
2757 4804 3022 4859 Fortasse
3069 4805 3265 4856 autem
3316 4797 3462 4853 ﬁcus
3511 4795 3628 4850 ista

227 4898 578 4960 exarescens,
611 4892 909 4948 involucro
958 4894 1236 4964 quodam,
1269 4910 1574 4965 synagoga:
1620 4894 1954 4951 Judzeorum
1995 4893 2364 4950 sterilitatem
2398 4894 2888 4963 ferendorumque
2919 4891 3213 4946 fructuum
3241 4885 3498 4957 inepiam
3534 4900 3630 4939 ex-

231 4983 448 5042 pressit.
483 4984 554 5038 Et
605 4983 861 5055 profecto
913 4985 1103 5040 omnis
1151 4984 1346 5040 anima
1397 4984 1700 5040 rationalis
1747 4984 2137 5040 incredulitati
2190 4989 2246 5040 et
2293 4983 2631 5040 diffidentiae
2671 4982 2730 5038 in
2763 4981 3060 5036 Christum
3096 4975 3368 5043 obnoxia,
3397 4975 3627 5030 etiamsi

229 5060 444 5160 legibus
488 5073 692 5129 litterae
740 5077 1018 5145 tanquam
1068 5073 1227 5129 foliis
1277 5074 1598 5130 admodum
1651 5075 1856 5130 ﬂorere
1901 5075 2288 5142 existimetur,
2339 5079 2534 5129 tamen
2587 5073 2635 5128 si
2685 5071 2812 5143 lege
2863 5069 2998 5125 tldei
3049 5069 3108 5122 in
3155 5065 3477 5134 Christum,
3511 5079 3628 5134 qua

231 5149 327 5210 illa
355 5163 607 5219 maxima
637 5163 892 5218 nutritur
919 5168 980 5220 et
1008 5163 1249 5228 fovetur,
1285 5163 1532 5231 excidat,
1569 5163 1738 5236 longe
1769 5181 1802 5220 a
1833 5164 2236 5221 benedictione
2269 5163 2368 5219 Dei
2401 5165 2626 5231 dissita,
2662 5161 2961 5218 exarescit.

306 5300 349 5334 ²⁰
379 5303 582 5365 Matth.
617 5325 731 5378 xxi,
762 5311 816 5364 9.

329 5451 378 5524 1)
409 5455 488 5516 De
521 5475 687 5530 pomo
719 5461 812 5517 fici
846 5460 1016 5533 primi
1049 5465 1318 5533 parentes
1348 5463 1527 5518 nostri
1559 5466 1890 5534 gustarunt.

541 5785 800 5845 Pnaoa.
847 5787 959 5846 Gs.
1006 5784 1232 5850 CXLV.
