4070 6274
484 322 599 385 715

1046 455 1270 512 CAPUT
1318 453 1556 511 XXVIII.

477 613 553 668 De
580 611 811 680 mystica
839 620 1012 670 caena,
1043 602 1108 658 de
1152 617 1310 728 ,ςασῖᾳ
1337 599 1500 669 pelvi,
1533 603 1586 654 et
1629 597 1693 653 de
1739 598 1941 653 Christi
1983 614 2114 669 pre-

1176 690 1239 728 ca
1268 687 1407 728 tona.

1176 687 1407 728 εαιιοηθ.

544 820 660 878 Sub
697 819 819 876 haec
849 833 1013 875 coena
1057 818 1290 889 paratur
1316 814 1375 869 in
1408 814 1601 881 domo,
1634 816 1699 869 ut
1728 812 1910 882 aiunt,
1941 812 2114 870 Joan-

476 908 564 965 nis
593 906 964 979 Evangelistm
1000 922 1012 959 :
1042 920 1218 976 quam
1259 902 1374 969 ille,
1409 901 1777 974 possessione
1823 918 1925 958 sua
1977 902 2113 972 (non

473 998 682 1071 exigua
711 1003 902 1052 autem
937 1010 1004 1050 ea
1033 993 1165 1064 fuit)
1192 992 1252 1047 in
1284 991 1518 1046 Galilaaa
1550 994 1748 1057 Annae,
1782 991 1911 1060 ejus
1963 999 2113 1046 tem-

472 1086 632 1159 poris
672 1085 883 1141 Judseaa
933 1080 1192 1155 pontifici
1235 1080 1469 1136 vendita
1497 1079 1693 1149 (cuius
1721 1078 1907 1151 gratia
1937 1079 2109 1136 etiam

468 1175 557 1231 illi
613 1178 787 1231 notus
844 1171 1083 1239 exstitit,
1130 1169 1302 1226 sicuti
1360 1168 1485 1237 ipse
1532 1166 1743 1224 alicubi
1797 1183 1956 1224 sacro
2004 1185 2111 1224 suo

468 1263 802 1321 testimonio
849 1260 1103 1328 astruit),
1137 1260 1194 1315 in
1237 1257 1380 1314 locis
1427 1258 1648 1313 circum
1680 1257 1814 1312 Sion
1851 1262 2107 1314 montem

469 1353 598 1410 sitis
647 1355 1099 1424 comparaverat.
1133 1346 1217 1403 lbi
1261 1347 1441 1419 igitur
1491 1345 1764 1417 discipuli
1816 1347 1971 1417 apud
2004 1347 2111 1403 ho-

467 1443 687 1499 minem
745 1444 989 1507 certum,
1048 1436 1393 1508 priusquam
1451 1435 1800 1506 Azymorum
1865 1434 2111 1491 instaret

465 1534 610 1601 dies,
634 1534 714 1587 ita
746 1538 805 1586 ut
834 1530 950 1585 illis
980 1528 1324 1584 mandatum
1349 1526 1870 1597 preseriptumque
1901 1524 2103 1594 fuerat,

464 1622 609 1696 legis
638 1618 858 1676 Pascha
886 1617 1207 1674 instruunt.
1235 1614 1446 1669 Verum
1477 1613 1786 1680 enimvero,
1822 1629 1955 1669 cum
1989 1629 2106 1685 per-

462 1727 610 1784 opus
658 1713 832 1774 esset,
883 1706 1221 1761 Paraseeves
1274 1702 1366 1757 die
1413 1701 1486 1757 ad
1533 1717 1855 1773 vesperam,
1903 1706 1967 1756 ut
2017 1703 2104 1758 lex

1769 314 2189 379 NICEPHORI
2231 321 2588 387 CALLISTI

2156 460 2207 524 Α
2836 466 3267 524 ΚΕΦΑΛ.ΚΗἌ

3757 342 3884 405 ’716

2230 603 2384 674 Περὶ
2443 608 2558 657 τοῦ
2618 606 3296 696 μκυστικοῦὶδείπνου,
3338 615 3445 668 καὶ
3513 622 3629 671 τοῦ
3685 620 3875 676 θείου

2475 688 2833 753 νιπτῇρος,
2874 688 3140 752 καὶτῆς
3185 691 3601 762 προσευχῆς.

2297 819 2530 881 Δεῖπνος
2590 820 2677 875 ἐπὶ
2732 825 2948 887 τούτοις
3007 826 3361 902 ηὐτρέπισται
3393 829 3447 886 ἔν
3476 835 3559 907 τῇ
3593 832 3759 903 οἷ’κία,
3793 834 3873 897 ὥς

2223 926 2401 982 φασιν,
2436 909 2688 966 Ἰωάννου
2752 916 2847 967 τοῦ
2902 915 3341 992 Εὐαγγελιστοῦο
3393 922 3455 989 ἣν
3516 921 3716 986 ἐκεῖνος
3764 926 3871 995 τῆν

2221 1001 2525 1072 προσοῦσαν
2597 1002 2786 1064 κτῆσιν
2862 1001 3260 1077 ἀπεμπολήσας
3327 1027 3379 1062 εν
3451 1008 3720 1083 Γαλιλαίᾳ
3781 1014 3871 1084 (οὐ

2221 1087 2426 1163 σμικρὰ
2469 1084 2526 1142 δέ
2572 1108 2655 1152 τις
2695 1090 2789 1163 ἦν)
2818 1094 2989 1163 "Aw;
3028 1097 3109 1166 τῷ
3145 1100 3443 1166 τηνικαῦτα
3469 1103 3572 1165 τῆς
3605 1099 3870 1165 ’ἰουδαίας

2220 1173 2601 1269 ἀρχιερεῖ,-οὐ
2656 1180 2819 1253 χάριν
2874 1180 2964 1235 ναὶ
3020 1184 3259 1256 γνωστὸς
3318 1183 3505 1260 ἐκείνῳ
3569 1187 3870 1269 ἐτύγχανεν

2220 1261 2314 1332 ὢν,
2344 1266 2419 1327 ὡς
2467 1265 2628 1329 αὐτός
2672 1287 2778 1323 που
2818 1274 2935 1332 τοῖς
2977 1271 3147 1345 ἱεροῖς
3177 1270 3394 1348 λογίοις
3425 1261 3778 1349 παρίστησῖν,
3813 1280 3868 1336 ἒν

2220 1355 2285 1426 τῇ
2330 1358 2569 1432 περιοχῇ
2616 1362 2720 1425 τῆς
2768 1364 2907 1412 Σιὼν
2957 1358 3239 1431 έκνήσατο.
3270 1364 3415 1420 Ἐκεῖ
3461 1364 3555 1421 οὖν
3593 1369 3645 1421 οἱ
3681 1371 3873 1441 μαθη-

2217 1460 2305 1494 ται
2335 1442 2474 1516 πρὸς
2504 1444 2596 1497 τὸν
2630 1441 2797 1517 δεῖνα,
2820 1448 2946 1517 πρὶν
2996 1451 3031 1519 ἢ
3076 1452 3175 1520 τήν
3219 1456 3328 1506 τῶν
3352 1453 3601 1528 ’Δζύμων
3644 1453 3872 1527 ἐπιστῆ-

2214 1549 2298 1583 ναι
2356 1532 2588 1605 ἡμέραν,
2647 1534 2784 1588 καθὰ
2858 1537 3037 1615 σφίσιν
3104 1537 3328 1614 ὥριστο,
3384 1543 3446 1597 τὸ
3520 1548 3616 1598 τοῦ
3688 1546 3866 1619 νόμου

2216 1617 2410 1693 Πάσχα
2466 1620 2807 1695 ἡτοίμασαν·
2868 1625 3047 1680 καίτοι
3119 1649 3181 1702 γε
3240 1626 3356 1684 δέον
3431 1632 3513 1702 ὃν,
3570 1636 3710 1689 κατᾶ
3758 1617 3866 1705 ἢν

2216 1711 2566 1798 Παρασκευήν
2620 1711 2758 1785 πρὸς
2815 1713 3065 1788 ἑσπέραν,
3110 1718 3184 1779 ὡς
3242 1719 3270 1773 ὁ
3327 1719 3497 1793 νόμος
3552 1720 3862 1798 διηγόρευε,

461 1799 740 1873 Ρῐοωοὶρὶι,
775 1810 984 1869 agnum
1013 1791 1307 1849 immorali
1342 1807 1356 1845 :
1394 1791 1775 1846 nihilominus
1808 1796 2002 1846 tamen
2034 1808 2084 1847 et

2214 1795 2432 1890 θύεσθαι
2460 1798 2554 1890 τὸν
2584 1798 2750 1890 ἀμνόν
2778 1820 2790 1832 ·
2824 1800 2977 1874 ὅμως
3012 1804 3276 1876 μέλλοντι
3312 1791 3404 1880 τῷή
3426 1791 3675 1884 ἀληθινῷ
3705 1791 3865 1885 ἀμνῷ

456 1905 663 1945 verum
700 1902 935 1959 agnum,
968 1886 1068 1957 qui
1096 1885 1212 1956 jam
1242 1883 1361 1953 jam
1396 1897 1498 1951 pro
1530 1881 1700 1937 nobis
1731 1879 1954 1936 Pascha
1983 1880 2094 1936 im-

460 1979 769 2036 molandus
802 1979 927 2032 erat
955 1975 1014 2030 in
1046 1988 1232 2040 cruce,
1266 1971 1586 2044 praeveniri,
1617 1974 1675 2027 et
1701 1974 1906 2043 typum
1944 1972 2099 2028 ima-

457 2068 773 2141 ginemque
801 2063 1004 2136 legalis
1035 2061 1330 2118 Paschatis
1362 2059 1668 2131 complere,
1691 2060 1919 2117 circiter
1939 2059 2097 2131 quin-

457 2161 529 2213 taa
579 2155 693 2212 diei
739 2169 1039 2225 vesperam
1089 2151 1407 2222 oportebat.
1439 2149 1648 2221 Opinio
1680 2165 1817 2205 sane
1848 2149 2093 2217 obtinet,

456 2262 587 2301 cum
616 2243 818 2300 multis
848 2242 999 2310 aliis,
1022 2246 1145 2297 tum
1176 2240 1227 2295 ei
1260 2239 1549 2311 praecipue
1578 2238 1976 2309 comprobata,
2001 2238 2092 2294 cui

448 2351 515 2392 os
546 2348 790 2389 aureum
813 2346 1025 2385 nomen
1047 2327 1280 2396 indidit,
1301 2326 1701 2383 irrationalem
1727 2330 1853 2381 tum
1876 2343 2091 2399 agnum

450 2422 729 2496 primum,
757 2420 836 2475 ita
877 2423 938 2475 ut
976 2434 1076 2489 par
1106 2420 1248 2483 erat,
1281 2415 1574 2471 Christum
1610 2431 1742 2471 cum
1791 2414 2091 2487 discipulis

449 2510 685 2568 omnino
733 2508 968 2564 edisse:
1003 2505 1210 2562 deinde
1257 2521 1390 2561 cum
1444 2505 1515 2560 ad
1567 2505 1871 2577 mysticam
1920 2522 2089 2561 arca-

447 2614 696 2669 namque
741 2598 903 2654 illam
952 2610 1172 2653 coenam
1222 2595 1598 2660 consedisset,
1631 2609 1805 2665 parva
1838 2595 2090 2666 interpo-

446 2689 560 2746 sita
606 2704 772 2743 mora
818 2685 1271 2750 consurrexisse,
1304 2681 1654 2739 vestimenta
1683 2686 1911 2754 (utpote
1962 2698 2087 2754 qua

445 2794 574 2834 eum
623 2778 869 2832 fortasse
916 2781 1235 2845 gravarent,
1269 2780 1320 2826 et
1352 2772 1410 2826 in
1464 2769 1787 2826 ministerio
1820 2771 2088 2828 obeundo

442 2865 819 2937 impedirent)
868 2864 1066 2919 statim
1118 2861 1480 2933 deposuisse,
1534 2860 1768 2916 linteum
1809 2860 1920 2916 sibi
1968 2862 2088 2916 cir-

442 2953 853 3020 cumoinxisse,
886 2957 1060 3022 atque
1107 2950 1190 3005 ita
1223 2953 1487 3021 prompte
1516 2952 1573 3005 et
1603 2948 1875 3005 alacriter
1906 2950 2084 3005 disci-

443 3043 715 3114 pulorum
745 3042 923 3114 pedes
952 3040 1184 3107 lavisse,
1210 3046 1267 3095 ut
1297 3037 1473 3095 simul
1505 3042 1561 3094 et
1592 3055 1798 3094 novam
1832 3039 2084 3097 submis-

442 3132 627 3188 sionis
657 3139 826 3202 atque
848 3128 1227 3186 humanitatis
1249 3127 1578 3184 ostenderet
1600 3126 2076 3186 sublimationem

440 3224 497 3278 et
525 3236 629 3292 per
652 3217 982 3291 symbolum
1022 3221 1196 3288 atque
1225 3216 1457 3287 signum
1488 3214 1634 3287 ipsis
1665 3217 1892 3288 proprie
1923 3234 2081 3274 com-

440 3314 635 3383 petere
686 3307 894 3364 mentis
925 3306 1297 3378 corporisque
1347 3305 1733 3377 eXpiaIionem
1778 3311 1836 3362 et
1870 3322 2083 3379 purga-

440 3401 655 3456 tionem
686 3395 1011 3454 declararet.
1045 3394 1292 3467 Insuper
1340 3410 1471 3450 vero
1508 3393 1656 3450 illud
1694 3394 1777 3451 eis
1808 3394 2080 3467 innuens,

438 3488 616 3562 pedes
645 3504 845 3546 eorum
873 3486 943 3542 ad
970 3484 1381 3557 profectionem
1407 3484 1466 3539 in
1489 3489 1693 3555 gentes
1719 3488 1884 3555 aptos
1906 3489 2081 3558 atque

436 3579 676 3636 idoneos
730 3572 1084 3634 0839.105
1132 3573 1361 3643 Adbmc,
1393 3574 1638 3631 obscure
1690 3573 1884 3642 etiam,
1929 3574 2079 3629 divi-

437 3684 643 3725 norum
695 3665 929 3739 pedum,
965 3679 1166 3736 pacem
1222 3664 1350 3719 laeta
1398 3663 1809 3734 praedicatione
1848 3680 2080 3720 annun-

436 3757 731 3821 tiantium,
790 3753 1286 3826 pulchritudinem
1355 3751 1677 3807 insinuans.
1736 3752 1880 3808 Cum
1947 3768 2076 3808 vero

435 3860 670 3901 rursum
702 3843 1113 3907 discubuisset,
1147 3841 1455 3912 mysticum
1506 3841 1816 3896 tradidisse
1846 3841 2075 3897 sacrifi-

433 3934 591 3990 cium
625 3933 1041 3989 borrendorum
1077 3918 1252 3986 simul
1283 3933 1339 3984 et
1368 3929 1725 3984 vivificorum
1751 3934 2076 3986 nostrorum

433 4023 869 4096 mysteriorum,
903 4037 1048 4093 pane
1090 4021 1431 4076 fermentato
1463 4020 1561 4090 (1),
1590 4024 1647 4076 et
1689 4020 1820 4077 vino
1859 4037 1925 4076 ex
1963 4022 2077 4077 vite

430 4127 723 4184 expresso.
759 4111 949 4182 anue
997 4126 1130 4166 cum
1187 4125 1287 4180 per
1333 4109 1646 4180 gratiarum
1697 4112 1979 4166 actionem
2020 4114 2077 4166 et

429 4202 947 4260 sanetiﬁcationem
999 4199 1406 4267 benedixisset,
1440 4198 1745 4270 discipulis
1793 4199 2023 4255 dedisse
2057 4216 2069 4254 :

428 4295 486 4347 et
514 4307 642 4347 cum
675 4306 806 4346 vere
835 4305 1047 4360 corpus
1078 4291 1135 4343 et
1164 4289 1510 4359 sanguinem
1542 4304 1715 4343 suum
1735 4304 1881 4359 esse,
1907 4290 2072 4359 quasi

427 4380 539 4437 ilde
570 4396 678 4436 sua
709 4379 1075 4450 interposita,
1106 4378 1529 4445 conﬁrmasset,
1563 4378 1822 4449 accipere
1854 4382 1909 4433 et
1933 4395 2070 4448 par-

425 4469 665 4540 ticipare
695 4484 792 4525 eos
824 4467 945 4534 illa,
975 4466 1189 4539 quippe
1218 4466 1377 4521 nulla
1408 4481 1468 4520 re
1499 4484 1532 4521 a
1555 4465 1750 4521 divina
1770 4482 1942 4521 carne
1963 4484 2070 4522 sua

425 4556 840 4629 discrepantia,
869 4556 1124 4628 jussisse
1154 4571 1167 4610 :
1203 4559 1377 4625 atque
1410 4553 1489 4624 id,
1522 4554 1591 4609 ad
1644 4556 1909 4610 eumdem
1943 4569 2068 4609 mo-

423 4646 587 4714 dum,
619 4646 676 4700 in
710 4645 976 4700 futurum
1016 4644 1290 4714 deinceps
1323 4643 1591 4699 ﬁdelibus
1616 4643 1960 4710 faciendum,
1995 4643 2065 4699 ad

420 4734 708 4790 sinceram
742 4733 1185 4803 evidentsmque
1215 4731 1306 4786 sui
1341 4731 1700 4800 memoriam,
1725 4747 1824 4803 per
1854 4747 2066 4787 manus

422 4823 759 4879 tradidisse.
796 4823 995 4893 Itaque
1025 4838 1155 4875 cum
1210 4821 1419 4892 quibus
1451 4821 1706 4892 oportuit
1737 4820 2063 4876 cmlestibus

418 4913 793 4984 mysticisque
823 4910 1193 4966 sermonibus
1242 4911 1508 4965 convivas
1555 4908 1898 4981 sodalesque
1927 4924 2063 4965 suos

413 5000 779 5067 instituisset,
835 5015 1117 5068 novasque
1174 5004 1230 5054 et
1287 5016 1526 5054 arcanas
1582 5015 1670 5053 res
1728 4999 2061 5069 prolocutus

415 5098 584 5161 esset,
620 5092 1041 5161 adventumque
1070 5088 1346 5160 Spiritus,
1368 5089 1462 5159 qui
1496 5105 1528 5142 a
1559 5090 1725 5144 Patre
1751 5089 2057 5161 [Filioque]

415 5180 694 5249 procedit,
725 5180 1032 5234 secretiore
1062 5195 1127 5232 ac
1161 5179 1447 5232 sanctiore
1499 5178 1665 5232 modo
1696 5176 1779 5232 eis
1810 5194 2057 5248 spopon-

412 5268 610 5330 disset,
662 5285 872 5324 novum
923 5268 1173 5339 denique
1225 5275 1515 5339 postremo
1565 5266 1831 5321 omnium
1878 5271 2052 5321 testa-

412 5362 675 5413 mentum
703 5357 1077 5428 exposuisset,
1110 5356 1168 5411 in
1220 5355 1585 5411 Gethsemani
1634 5370 1835 5426 agrum
1863 5360 2054 5410 oratu-

410 5461 511 5501 rus
538 5461 654 5500 una
675 5460 805 5501 cum
829 5445 944 5502 illis
967 5445 1481 5517 egreditur.Atque
1501 5444 1913 5500 ibibumanam
1939 5444 2049 5499 im-

2208 1883 2271 1938 τὸ
2304 1884 2435 1959 ὑπὲρ
2468 1887 2630 1958 ἡμῶν
2663 1888 2855 1964 Πάσχα
2887 1891 3102 1947 θύεσθαι
3134 1894 3221 1949 ἐπὶ
3254 1901 3351 1950 τοῦ
3400 1883 3654 1972 σταυροῦ
3686 1883 3860 1976 ἐχρῆν

2204 1972 2533 2049 προφθάσαι,
2563 1975 2654 2029 καὶ
2707 1977 2800 2032 τὸν
2848 1980 3016 2035 τύπον
3066 1982 3357 2058 πληρῶσαι
3415 1986 3610 2062 Πάσχα
3637 1972 3856 2046 τού-νο-

2209 2065 2375 2153 μικοιξ
2413 2062 2549 2118 κατὰ
2744 2073 2846 2137 τῆς
2897 2070 3162 2143 Πέμπτης
3209 2073 3456 2149 ἑσπέραν.
3499 2078 3599 2133 Καί
3645 2099 3710 2153 γε
3759 2079 3855 2136 λόο

2204 2169 2298 2220 γος
2349 2145 2469 2224 ἔχει
2517 2152 2759 2216 πολλοῖς
2812 2157 2906 2229 μὲν
2953 2160 3044 2214 καὶ
3092 2145 3607 2238 ἄλλοιςίμάλιστα
3659 2145 3720 2223 δὲ
3772 2174 3857 2241 τῷ

2201 2242 2392 2313 χρυσῷ
2436 2240 2537 2308 τήν
2590 2242 2839 2317 γλῶτταν
2897 2249 3283 2321 πιστούμενος,
3341 2253 3433 2307 τὸν
3492 2253 3701 2331 ἄλογον
3755 2240 3850 2311 καῖ

2198 2328 2324 2383 τότε
2352 2330 2525 2402 ἀμνὸν
2552 2334 2815 2407 ξπρῶτον,
2851 2335 2925 2400 ὥς
2970 2359 3032 2415 γε
3080 2341 3235 2413 θέμις
3278 2343 3368 2414 ἦν,
3404 2349 3540 2416 μετᾶ
3583 2328 3694 2402 τῶν
3748 2370 3852 2422 μα-

2201 2419 2382 2488 θητῶν
2432 2421 2645 2484 πάντως
2691 2429 2881 2500 φαγεῖν
2928 2429 3019 2481 τὸν
3067 2431 3299 2504 Χριστόν
3326 2452 3338 2464 ·
3393 2428 3579 2490 ἔπειτα
3622 2442 3703 2508 τῷ
3748 2419 3851 2511 μυ-

2204 2512 2391 2603 στικῷ⁵
2423 2506 2625 2603 δείπνῳ
2670 2511 3025 2571 ἀνακλιθέντα
3074 2516 3415 2594 διεγερθῆναι
3460 2522 3619 2587 αὖθις
3673 2506 3853 2603 βραχύ

2196 2618 2250 2652 τι
2284 2595 2629 2673 διαλιπόντα,
2660 2603 2748 2656 καὶ
2780 2604 2845 2659 τὰ
2874 2606 3085 2678 ἱμάτια,
3121 2610 3313 2685 οἷάπερ
3358 2610 3489 2674 ἴσως
3543 2595 3850 2688 βαρύνήοντα

2197 2688 2286 2742 καὶ
2322 2686 2578 2760 ἐμποδὼν
2619 2693 2753 2765 πρὸς
2798 2695 2898 2762 τὴν
2949 2692 3219 2753 διακονίαν
3269 2686 3662 2771 καθεστηκότα,
3688 2704 3848 2769 εὐθὺς

2197 2772 2518 2847 ἂποθέσθαι,
2570 2780 2970 2856 περιζώσασθαί
3023 2806 3081 2842 τε
3137 2789 3199 2842 τὸ
3264 2788 3497 2863 λέντιον,
3549 2795 3639 2849 καὶ
3700 2795 3845 2851 οὕτω

2194 2867 2495 2956 προθύμως
2542 2869 2668 2932 τοὺς
2726 2871 2897 2935 πόδας
2964 2873 3299 2953 ἐκκαθαίρειν
3371 2885 3479 2937 τῶν
3554 2886 3840 2956 μαθητῶν,

2194 2954 2335 3045 ὁμοῦ
2387 2956 2482 3029 μὲν
2540 2958 2603 3013 τὸ
2646 2961 2843 3045 *καινὸν
2894 2961 3028 3037 ὕψος
3074 2969 3176 3032 τῆς
3237 2972 3607 3034 ταπεινώσεως
3656 2954 3835 3045 παραέ

2194 3043 2469 3116 φαίνοντα,
2521 3043 2878 3120 σομϐολικῶς
2930 3073 2988 3107 τε
3046 3054 3466 3129 παραδηλοῦντα
3538 3067 3635 3128 τῆς
3690 3043 3841 3117 κατᾶ

2193 3136 2320 3186 νοῦν
2371 3134 2461 3188 καὶ
2509 3141 2670 3209 σῶμα
2715 3139 2932 3203 τούτοις
2981 3143 3294 3217 καθάρσεως
3357 3149 3456 3217 τήν
3522 3149 3837 3204 οἰκείωσιν·

2192 3216 2269 3276 ἔτι
2302 3219 2359 3276 δὲ
2389 3222 2477 3311 καὶ
2518 3224 2580 3280 τὰ
2631 3228 2758 3291 τοὺς
2809 3234 2958 3306 σφῶν
2984 3229 3153 3294 πόδας
3182 3234 3429 3291 εὐθέτους
3457 3258 3519 3311 γε
3559 3239 3693 3294 εῖναι
3742 3244 3843 3309 τῆς

2191 3311 2268 3373 εἷς
2295 3313 2361 3367 τὰ
2389 3307 2509 3384 ἔθνη
2542 3316 2763 3390 πορείας
2794 3338 2808 3350 ·
2842 3320 2977 3394 πρὸς
3009 3318 3065 3376 δὲ
3097 3324 3184 3377 καὶ
3232 3326 3293 3379 τὸ
3343 3327 3547 3399 ὡραῖον
3602 3330 3839 3384 ὑπαινισ-

2191 3401 2421 3475 σόμενον
2498 3408 2605 3459 τῶν
2682 3406 3178 3484 εὐαγγελιζομένων
3236 3415 3335 3484 τήν
3396 3414 3621 3487 εῗρήνην
3681 3418 3839 3474 θείων

2187 3488 2371 3581 ποδῶν
2399 3509 2411 3524 ·
2455 3493 2554 3547 εἶτ’
2602 3493 2754 3558 αὖθις
2803 3497 3159 3570 ἀναπεσόντα,
3190 3504 3288 3572 τὴν
3342 3508 3611 3577 μυστικὴν
3662 3528 3838 3581 παρα-

2189 3574 2372 3633 δοῦναι
2405 3580 2614 3651 θυσίαν,
2645 3588 2750 3637 τῶν
2800 3587 2916 3641 καθ’
2951 3588 3096 3661 ἡμᾶς
3147 3611 3383 3668 σρρικτων
3431 3614 3493 3649 τε
3537 3574 3628 3649 καὶ
3678 3574 3834 3666 ζωο-

2185 3674 2361 3723 ποιῶν
2424 3674 2762 3747 μυστηρίων,
2815 3674 3029 3751 ένζύμῳ
3085 3680 3232 3754 ἄρτῳ
3295 3683 3385 3737 καὶ
3433 3682 3569 3757 θ’ίνῳ
3623 3684 3674 3755 ἐξ
3724 3686 3835 3758 ἀμ-

2184 3757 2359 3851 πέλου
2416 3764 2788 3851 γεγενημένῳ.
2820 3766 2889 3822 Ἃ
2946 3767 3036 3822 καὶ
3078 3766 3383 3844 εὐλογήσας
3441 3775 3556 3845 μετ’
3597 3757 3837 3851 εὐχαρι-

2185 3846 2335 3907 στίας
2376 3847 2468 3901 καὶ
2518 3849 2809 3924 ἀγιασμοῦ,
2856 3855 2942 3909 καὶ
2997 3855 3222 3930 χάριτος
3274 3857 3558 3931 μεταδοὺς,
3612 3846 3703 3917 κάξ
3742 3846 3835 3927 *ὡς

2186 3932 2409 4005 ἀληθῶς
2475 3943 2635 4012 σῶμα
2709 3943 2796 3996 καὶ
2855 3945 2992 4016 αἷμα
3056 3946 3247 4002 ἑαυτοῦ
3302 3950 3452 4004 ταῦτ’
3503 3951 3636 4006 εἶναι
3691 3955 3835 4024 μετὰ

2182 4023 2416 4087 πίστεως
2472 4031 3008 4104 παρεγγυησάμενος,
3071 4042 3361 4112 μετασχεῖν
3432 4038 3667 4103 ἐκείνους
3726 4062 3835 4097 πα-

2184 4114 2526 4186 ρασκευάσαι,
2558 4115 2651 4171 ἅτε
2695 4115 2762 4187 δὴ
2817 4119 2884 4175 τά
2930 4123 3064 4177 κατὰ
3111 4122 3282 4195 μηδὲν
3327 4133 3429 4196 τῆς
3460 4127 3623 4183 αὐτοῦ
3682 4131 3836 4196 θείας

2183 4202 2377 4275 σαρκὸς
2437 4200 2776 4282 διαφέροντα.
2808 4209 3015 4264 Οὕτωσὶ
3067 4209 3125 4267 δὲ
3170 4213 3259 4268 καὶ
3309 4214 3385 4278 εἰς
3432 4219 3494 4272 τὸ
3525 4219 3649 4288 ἑξῆς
3706 4227 3830 4284 τοῖς

2179 4296 2395 4353 πιστοῖς
2446 4295 2698 4366 πράττειν
2742 4296 2816 4359 εἷς
2870 4298 3053 4372 μνείαν
3100 4302 3267 4358 αὐτοῦ
3315 4305 3583 4385 ἀκραιφνῆ
3646 4328 3828 4383 παρα-

2180 4375 2431 4472 δέδωκεν.
2470 4384 2566 4437 Καὶ
2613 4383 2793 4440 τοίνυν
2837 4389 2935 4443 ὅσα
2980 4390 3030 4463 γ’
3061 4389 3231 4469 ἐχρῆν
3285 4375 3393 4449 διὰ.
3423 4375 3603 4470 λόγων
3662 4375 3828 4472 οὐρα-

2178 4468 2304 4524 νίιυν
2357 4472 2445 4526 καὶ
2500 4479 2770 4545 μυστικῶν
2825 4480 2951 4540 τοὺς
2999 4481 3266 4545 θιασώτας
3312 4486 3547 4557 μυήτας,
3600 4486 3719 4557 ξένα
3768 4510 3829 4544 τε

2175 4557 2266 4612 καὶ
2297 4558 2580 4634 ἀπόρρητα
2625 4560 2881 4636 ἐπειπών,
2916 4568 3005 4622 καὶ
3051 4570 3150 4638 τήν
3203 4575 3299 4626 τοῦ
3353 4573 3665 4649 Πνεύματος
3724 4598 3829 4632 πα·

2177 4649 2396 4720 ρουσίαν
2443 4650 2471 4703 ὃ
2504 4650 2651 4727 παρά
2700 4659 2797 4709 τοῦ
2849 4659 3059 4733 Πατρὸς
3109 4658 3483 4736 ἐκπορεύεται,
3537 4668 3827 4735 μυστικώ-

2173 4755 2330 4827 τερον
2384 4742 2915 4827 κατεγγυησάμενος,
2972 4747 3063 4802 καὶ
3128 4753 3319 4821 καινήν
3374 4771 3494 4806 τινα
3550 4750 3822 4827 διαθήκην

2173 4823 2356 4888 αὐτοῖς
2414 4826 2638 4884 ὕστατον
2705 4832 2921 4888 πάντων
2990 4833 3300 4909 διεξελθὼν,
3356 4841 3433 4904 εἰς
3490 4844 3819 4916 Γεθσημανή

2168 4916 2261 5006 τὸν
2313 4921 2498 5006 χῶρον
2559 4920 2655 4993 ἅμ’
2715 4920 2938 4990 ἐκείνοις
3004 4924 3277 5003 ἐξέρχεται
3342 4933 3821 5006 προσευξόμενοςο

2169 5005 2256 5057 καὶ
2310 5002 2376 5074 δὴ
2435 5007 2498 5061 τὸ
2547 5008 2886 5083 ἀνθρώπινον
2937 5012 3366 5091 ἐνδεικνύμενος,
3399 5025 3466 5094 τῇ
3527 5029 3821 5098 προσευχῇ

2170 5099 2458 5168 παρῃτεῖτο
2486 5114 2497 5127 ·
2533 5096 2644 5171 εἶ’γε
2676 5096 2740 5169 δὴ
2765 5105 2844 5173 τῷ
2877 5104 3043 5178 Πατρὶ
3079 5105 3349 5180 βουλητὸν
3402 5111 3464 5164 τὸ
3511 5114 3607 5165 τοῦ
3658 5085 3821 5168 θανά.-

2164 5201 2260 5235 του
2312 5186 2581 5255 ποτήριον
2639 5191 2788 5262 αὐτῷ
2832 5191 3232 5267 παρελθεῖν,οῗ
3293 5218 3355 5270 γε
3416 5200 3525 5270 μὴν
3577 5203 3822 5273 μαθηταὶ

2163 5273 2247 5362 τῳ
2280 5275 2376 5362 τοῦ
2408 5272 2574 5328 ὕπνου
2607 5278 2757 5352 κάρῳ
2791 5277 3228 5356 βεϐαπτισμένοι,
3262 5284 3497 5359 ῥᾴθυμοί
3548 5272 3608 5343 τε
3655 5292 3819 5362 ἦσαν,

2162 5357 2253 5448 καὶ
2304 5359 2381 5422 ὡς
2428 5362 2491 5416 τύ
2499 5384 2594 5438 χοι
2640 5362 2866 5432 ἕκαστος
2913 5369 3175 5448 ἀμηγέπη
3239 5357 3590 5435 κατέπιπτον.
3643 5357 3713 5438 τ)

2164 5443 2491 5513 διδάσκαλος
2540 5453 2615 5516 εἰς
2665 5449 2902 5536 ἔλεγχον
2953 5443 3171 5526 τούτοις
3213 5462 3524 5537 καθίστατο,
3555 5470 3649 5523 καὶ
3706 5472 3826 5546 μά-

480 5619 561 5695 (1)
591 5615 845 5691 Ἒνζύμῳ
865 5617 1039 5694 ἄρτῳ.
1066 5619 1182 5675 Hoc
1212 5619 1371 5708 sicut.
1391 5620 1458 5672 ut
1489 5618 1561 5673 ab
1591 5616 1827 5673 homine
1855 5617 2046 5675 Graeco
2077 5639 2084 5672 ι

2201 5636 2316 5679 um.
