4070 6274
183 363 308 425 717
1209 363 1838 427 ECCLESIASTlG/E
1881 363 2273 426 HISTORle
2313 365 2460 428 LIB.
2507 367 2556 428 Ι.
3484 369 3605 433 718

182 496 361 552 λιστα
417 497 606 572 Πέτρῳ
663 498 976 573 θερμοτέρῳ
1031 519 1095 574 γε
1151 495 1266 553 ὄντι
1325 503 1432 553 τῶν
1493 496 1704 567 ἄλλων,
1753 495 1841 551 καὶ

1987 499 2417 556 mbecillitalem
2475 501 2792 569 declarans,
2877 501 3222 573 precatione,
3317 503 3605 576 siquidem

183 585 668 661 ἐπαγγελλομένῳ
698 593 812 648 τοῖς
844 585 1116 649 κινδύνοις
1147 587 1509 662 ἐγκαρτερεῖν.

1987 589 2108 642 'atri
2145 589 2225 644 ita
2254 591 2442 647 visum
2506 595 2680 656 esset,
2725 594 2790 646 ut
2837 591 2908 646 ab
2967 609 3034 648 eo
3087 593 3294 648 mortis
3337 593 3606 664 poculum
3660 635 3678 647 .

182 678 406 747 abiret,
438 681 802 750 deprecatur.
844 679 1124 752 Discipuli
1169 695 1308 736 sane
1357 679 1662 751 gravedine
1705 677 1893 733 somni
1930 678 2132 746 pressi,
2181 694 2390 749 segnes
2432 680 2746 736 admodum
2789 697 2938 747 esse,
2973 686 3029 736 et
3058 682 3606 752 quomodocunque,

187 767 293 821 ubi
351 785 481 822 sors
529 767 678 836 tulit,
727 769 1120 836 concidentes,
1173 768 1422 840 quisque
1465 767 1825 831 obdormire;
1874 767 2001 838 ipse
2040 783 2173 822 vero
2241 768 2516 839 magister
2557 785 2652 826 eos
2720 769 3152 841 reprehendens
3201 771 3498 842 objugare,
3550 774 3609 825 et

189 857 495 926 praecipue
525 856 776 924 Pelrum,
818 857 949 914 aliis
991 857 1389 914 ferventiorem
1434 857 1848 926 acrioremque,
1900 860 1957 911 et
1987 855 2082 926 qui
2141 861 2474 913 constanter
2519 872 2580 914 se
2637 856 2695 913 in
2725 857 3000 928 periculis
3041 859 3420 929 perstiturum
3478 875 3610 916 esse

191 945 418 1001 fuisset
449 944 768 1018 pollicitus.

825 1039 1080 1090 ΚΕΦΔΛ.
1123 1039 1242 1090 KO’.

2543 1035 2780 1093 CAPUT
2810 1036 3006 1092 XXIX.

195 1139 366 1214 Περὶ
409 1139 958 1218 τῶννάρχιερέων
1013 1141 1202 1218 ’Ἄννα
1237 1139 1347 1194 καὶ
1387 1140 1650 1218 ΚαϊάΞα
1678 1159 1692 1170 ·
1750 1139 1853 1193 καὶ

269 1208 434 1288 περὶ
462 1215 580 1266 τοῦ
611 1208 867 1288 χρόνου
905 1219 1027 1282 τῆς
1067 1209 1182 1268 τοῦ
1203 1217 1516 1285 Σωτῆρος
1548 1208 1856 1266 διδασκα-

269 1281 456 1344 λίας.

273 1385 496 1444 Εἰδέναι
533 1389 716 1462 μέντοι
749 1389 952 1464 χρεὼν,
987 1389 1062 1452 ὡς
1107 1391 1142 1459 ἡ
1176 1387 1293 1444 θεία
1334 1391 1520 1467 Γραφή
1551 1389 1643 1444 τὸν
1689 1387 1858 1443 πάντα

197 1483 302 1546 τῆς
357 1474 714 1540 διδασκαλίας
759 1479 962 1554 χρόνον
1007 1477 1223 1534 τελέσαι
1280 1479 1374 1535 τὸν
1429 1485 1660 1554 Σωτῆρα
1710 1476 1856 1551 λέγει

203 1565 296 1622 ἐπὶ
357 1567 668 1642 ἀρχιερέως
725 1569 892 1624 ’Ἅννα
947 1568 1039 1622 καὶ
1100 1568 1294 1644 Καΐφα,
1355 1566 1572 1640 ἐπείπερ
1632 1567 1681 1622 ἐν
1741 1571 1856 1626 τοῖς

206 1656 414 1728 μεταξὺ
455 1657 663 1712 τούτων
714 1653 852 1711 ἔτεσι
900 1663 1000 1726 τῆς
1052 1654 1398 1731 λειτουργίας
1450 1659 1478 1711 6
1520 1662 1622 1727 τῆς
1677 1657 1858 1725 Ἰησοῦ

1966 1143 2037 1198 De
2067 1143 2224 1197 Anna
2253 1145 2304 1198 et
2342 1141 2549 1214 Caipha
2567 1143 2934 1215 pontiﬁcibus,
2966 1151 3021 1198 ει
3049 1141 3112 1198 de
3141 1147 3382 1215 tempore
3400 1143 3611 1200 doctri-

2565 1229 2651 1268 nae
2675 1213 3006 1270 Servatur-is.

2036 1391 2191 1448 Scire
2239 1395 2434 1450 autem
2475 1393 2766 1460 convenit,
2823 1393 3078 1452 divinam
3126 1395 3491 1468 Scripturam
3519 1395 3612 1453 in-

1967 1497 2169 1550 nuero,
2219 1482 2576 1538 Servatorem
2640 1483 2831 1554 ipsum
2890 1499 3122 1540 omnem
3163 1484 3436 1540 doctrinas
3493 1501 3612 1540 suae

1966 1586 2204 1626 cursum
2229 1572 2339 1628 sub
2360 1573 2528 1629 Anna
2557 1577 2614 1629 et
2637 1573 2858 1645 Caipha
2877 1573 3253 1644 pontiﬁcibus
3267 1573 3610 1632 absolvisse:

1966 1660 2443 1731 quandoquidem
2477 1662 2630 1717 intra
2669 1662 2916 1718 istorum
2968 1661 3340 1733 pontiﬁcatus
3383 1679 3618 1718 rerum-

205 1742 570 1804 διδασκαλίας
629 1744 843 1818 σύμπας
902 1742 1264 1820 διεπεραιώθη
1345 1745 1564 1820 χρόνος,
1624 1744 1850 1818 ἀρξάμε-

1987 1765 2082 1820 lue
2113 1749 2634 1806 administrationis
2691 1767 2878 1806 anuos
2921 1755 3106 1806 totum
3158 1749 3294 1807 Jesu
3343 1751 3618 1807 doctrina

205 1853 295 1894 νος
349 1834 448 1904 μὲν
493 1837 630 1886 κατᾶ
681 1834 782 1902 τήν
834 1837 932 1888 τοῦ
981 1835 1152 1888 ’Ἅννα
1199 1833 1632 1908 ἀρχιερωσύνην,
1669 1853 1859 1887 συντε-

211 1921 430 1982 λεσθεῖς
483 1919 540 1976 δὲ
592 1922 723 2000 ἔχρι
772 1919 840 1991 δὴ
890 1926 980 1977 καὶ
1026 1925 1126 1988 τῆς
1175 1926 1273 1978 τοῦ
1327 1922 1500 1999 Καΐφα
1551 1923 1753 1998 ἀρχῆς.
1805 1927 1862 1976 Ὀ

213 2007 272 2064 δὲ
319 2015 430 2072 πᾶς
483 2009 684 2085 χρόνος
737 2017 835 2080 τῆς
881 2014 982 2065 τοῦ
1032 2009 1290 2085 Σωτῆρος
1339 2007 1690 2072 διδασκαλίας
1741 2007 1864 2064 οὐδὲ

215 2098 510 2171 τετραετής
569 2097 928 2172 περιίσταται.
985 2101 1104 2152 Τῶν
1159 2099 1259 2174 γάρ
1335 2102 1577 2170 νομικῶν
1651 2100 1864 2171 θεσμῶν

217 2187 405 2260 ἠρέμα
434 2207 554 2248 πως
603 2186 1046 2260 καναλυομένων,
1078 2185 1279 2242 λέλυτο
1327 2187 1462 2258 πρὸς
1503 2191 1619 2249 τοῖς
1665 2185 1863 2248 ἄλλοις

220 2277 311 2330 καὶ
359 2277 406 2347 ᾧ
455 2272 544 2330 διὰ
598 2276 721 2350 βίου
775 2275 880 2330 κάκ
935 2282 1035 2344 τῆς
1088 2280 1198 2331 τῶν
1255 2277 1541 2352 προγόνων
1600 2273 1866 2350 διαδοχῆς

223 2362 464 2443 διέφερεν
509 2367 544 2434 ἡ
587 2369 689 2419 τοῦ
736 2368 868 2420 Θεοῦ
917 2363 1170 2440 θεραπεία
1217 2365 1305 2419 καὶ
1357 2363 1690 2438 λειτουργία.
1735 2367 1864 2420 Ὑπὸ

220 2452 325 2527 γὰρ
381 2458 490 2507 τῶν
548 2454 685 2507 κατά
736 2453 959 2526 καιροὺς
1027 2451 1391 2526 πεμπομένων
1458 2453 1747 2530 ἡγεμόνων
1808 2451 1866 2507 ἐκ

227 2539 446 2610 Ῥώμης
504 2538 708 2594 ἄλλοτε
760 2537 925 2594 ἄλλοι
995 2541 1095 2608 τήν
1165 2539 1516 2615 λειπουργίαν
1583 2542 1862 2614 χρήμασιν

229 2626 606 2700 ἐξωνούμενοι,
639 2627 706 2681 οὐ
757 2626 947 2683 πλεῖον
996 2626 1148 2690 ἔτους
1197 2630 1314 2692 ἑνὸς
1362 2628 1446 2683 ἐπ’
1487 2631 1656 2698 αὐτὴν
1695 2627 1865 2684 διετέ-

237 2719 393 2774 λουν.
429 2721 546 2773 Ὅτι
593 2716 638 2773 δ’
691 2715 896 2788 ἀληθὲς
941 2718 1003 2772 τὸ
1054 2716 1372 2794 λεγόμενον,
1420 2719 1675 2791 Ἰωσήπῳ
1727 2718 1868 2794 μάρ-

238 2827 364 2880 τυρι
395 2809 690 2881 χρήσομαι,
726 2805 860 2880 μετά
889 2807 983 2862 τὸν
1032 2812 1228 2860 ’Ἄνναν
1266 2809 1525 2881 τέσσαρας
1573 2809 1710 2861 κατά
1748 2803 1868 2861 δια-

247 2891 418 2969 δογήν
445 2895 528 2950 ἐπὶ
581 2897 818 2974 Καϊάφαν
869 2895 1145 2972 ἀρχιερεῖς
1197 2893 1550 2971 διαγενέσθαι,
1592 2896 1726 2950 κατᾶ
1771 2902 1870 2964 τῆς

247 2985 758 3060 Ἀρχαιολογίας
823 2985 1036 3062 γραφὴν
1112 2985 1438 3060 ἱστοροῦντι,
1496 2986 1584 3039 καὶ
1665 2983 1868 3040 οὑτωσὶ

241 3075 372 3128 κατά
417 3072 556 3147 λέξιν
603 3071 891 3144 διεξιόντι·
941 3096 970 3124 ιι
1031 3072 1331 3148 Οὐαλέριος
1391 3078 1610 3145 Γρᾶτος,
1664 3074 1868 3136 παύσας

1970 1844 2200 1910 tempus
2225 1841 2294 1894 ad
2329 1839 2503 1895 linem
2536 1857 2710 1895 suum
2745 1839 3022 1912 pervenit.
3057 1840 3296 1896 Initium
3329 1841 3483 1896 enim
3523 1840 3619 1896 do-

1970 1929 2136 1983 cendi
2167 1929 2342 1982 Annua
2402 1928 2944 2000 pontificatujfecit,
2995 1934 3054 1984 et
3100 1945 3316 1985 munus
3349 1930 3401 1984 id
3437 1943 3620 1998 usque

1970 2017 2039 2072 ad
2074 2016 2302 2086 Caiphae
2348 2017 2913 2073 administrationem
2963 2018 3415 2074 consummavit.
3457 2019 3624 2074 Tem-

1973 2123 2084 2176 pus
2113 2111 2305 2162 autem
2364 2107 2637 2162 doctrinas
2686 2107 3006 2162 Servatoris
3054 2124 3227 2163 omne
3271 2125 3384 2164 non
3435 2112 3622 2164 totum

1970 2194 2684 2266 explevitquadriennium
2710 2195 2954 2268 (t).Cum
2987 2197 3143 2252 enim
3176 2197 3626 2253 constitutiones

1972 2285 2118 2356 legis
2203 2285 2479 2357 paulatim
2566 2285 2768 2340 solutae
2827 2285 3150 2354 interirent,
3214 2290 3421 2358 praeter
3505 2286 3620 2344 alia

1981 2372 2148 2430 I06
2189 2374 2362 2430 etiam
2414 2375 2464 2430 is
2507 2375 2608 2446 qui
2655 2391 2721 2429 ex
2773 2376 3058 2446 majorum
3104 2375 3472 2431 successione
3523 2391 3624 2447 per

1973 2463 2280 2519 sanctioris
2304 2463 2429 2518 vitae
2460 2479 2650 2519 mores
2672 2462 2988 2519 excellebat
3009 2463 3110 2518 Dei
3134 2463 3346 2531 cultus,
3371 2479 3627 2518 sacrum.

1973 2569 2080 2622 que
2129 2552 2518 2608 ministerium
2565 2553 2883 2621 collapsum
2920 2553 3234 2608 intercidit.
3285 2555 3330 2607 A
3377 2553 3628 2609 ducibus

1975 2643 2130 2698 enim
2161 2647 2217 2699 et
2266 2643 2613 2713 praesidibus
2663 2643 2766 2715 ('2),
2807 2642 2905 2713 qui
2954 2643 3318 2714 temporibus
3375 2644 3630 2714 quisque

1975 2733 2096 2788 suis
2129 2732 2312 2788 Roma
2365 2732 2762 2800 mittebantur,
2794 2731 2942 2788 alias
2987 2731 3084 2787 alii
3119 2731 3512 2788 ministerium
3545 2747 3635 2788 sa-

1976 2840 2137 2880 crum
2174 2823 2418 2896 pecunia
2445 2827 2875 2896 comparantes,
2915 2839 3028 2879 non
3061 2840 3178 2878 uno
3209 2823 3442 2896 longius
3477 2839 3632 2878 anno

1979 2917 2036 2971 in
2086 2931 2150 2969 eo
2212 2913 2674 2986 perseverabant.
2709 2913 2871 2980 Quod
2937 2917 3127 2968 autem
3173 2913 3229 2968 id
3283 2928 3484 2968 verum
3536 2912 3635 2979 sit,

1978 3005 2128 3058 teste
2173 2999 2425 3071 Josepho
2479 3008 2626 3067 utar,
2659 2999 2762 3071 qui
2807 3003 2938 3070 post
2983 3003 3211 3055 Annam
3253 3004 3502 3070 quatuor
3534 3014 3636 3071 per

1983 3088 2417 3145 successionem
2460 3087 2765 3160 pontiﬁces
2823 3103 3010 3159 usque
3041 3089 3110 3143 a-l
3141 3086 3422 3159 Caipham
3456 3088 3637 3144 fuisse

240 3163 479 3235 ἱερᾶσθαι
557 3168 799 3231 Ἄνανον,
869 3159 1166 3234 Ἰσμάηλον
1238 3161 1499 3237 ἀρχιερέα
1580 3163 1869 3236 ἀποφαίνει

1987 3165 2044 3233 in
2085 3149 2517 3249 Antiquitatibus
2558 3176 2682 3232 suis
2719 3177 2872 3233 hisce
2911 3149 3098 3232 verbis
3145 3149 3340 3248 prodit
3374 3194 3386 3230 :
3432 3176 3638 3232 «Vala-

239 3251 329 3304 τὸν
359 3256 457 3306 τοῦ
489 3246 654 3308 Φαϐί.
690 3251 794 3306 Καὶ
840 3255 1027 3306 τοῦτον
1063 3249 1120 3305 δὲ
1171 3253 1283 3324 μετ’
1317 3251 1378 3306 ού
1428 3249 1570 3306 πολὺ
1607 3252 1871 3324 μεταστή-

241 3361 354 3408 σας,
411 3339 740 3415 Ἐλεάζαρον
797 3343 888 3395 τὸν
953 3341 1176 3395 Ἀνένου
1230 3345 1328 3396 τόῦ
1402 3339 1700 3416 ἀρχιερέως
1757 3341 1871 3394 υἱὸν

240 3427 610 3486 ἀποδείκνυσιν
670 3430 947 3506 ἀρχιερέα.
1018 3429 1298 3484 Ἐνιαυτοῦ
1356 3426 1416 3484 δὲ
1492 3427 1875 3504 διαγενομένου

241 3517 325 3572 καὶ
381 3517 535 3573 τόνδε
581 3519 806 3587 παύσας,
852 3517 1061 3590 Σίμωνι
1105 3523 1184 3590 τῷ
1244 3517 1490 3592 Καμέθου
1536 3521 1634 3584 τήν
1688 3519 1876 3593 ἀρχιε-

244 3608 488 3680 ρωσύνην
522 3604 912 3678 παραδίδωσιν.
945 3607 1020 3663 Ού
1069 3608 1237 3662 πλέον
1270 3604 1328 3662 δὲ
1369 3609 1457 3662 καὶ
1507 3606 1649 3678 τῷδε
1698 3607 1876 3661 ἐνιαυ-

243 3700 336 3750 τοῦ
363 3699 466 3766 τὴν
515 3698 685 3771 τιμὴν
731 3692 917 3772 ἔχοντι
965 3696 1231 3772 διεγένετο
1281 3695 1502 3774 χρόνος,
1543 3697 1631 3750 καὶ
1685 3697 1880 3768 Ἰώση-

244 3805 361 3854 πος,
394 3787 426 3841 6
473 3786 564 3840 καὶ
617 3783 840 3863 Καΐρας,
873 3783 1133 3862 διάδοχος
1173 3786 1240 3854 ἦν
1291 3785 1456 3857 αὐτῷ.
1511 3809 1538 3836 ››
1591 3785 1878 3858 Συνιὶγεται

244 3877 423 3930 τοίνυν
456 3872 516 3929 ἐκ
540 3873 750 3928 τούτων
804 3871 934 3948 μηδ’
966 3873 1096 3936 ὅλος
1145 3877 1434 3950 τετραετὴς
1484 3873 1615 3929 εἶναι
1646 3880 1746 3942 τῆς
1798 3872 1880 3928 δι-

245 3959 540 4025 δασκαλίας
595 3967 690 4017 τοῦ
747 3969 1004 4036 Σωτῆρος
1059 3965 1088 4017 ὁ
1161 3963 1384 4037 χρόνος,
1440 3963 1711 4036 τεσσάρων
1789 3961 1878 4017 ἐπὶ

242 4052 521 4123 τέσσαρσιν
565 4048 732 4106 ἔτεσιν
787 4051 1088 4126 ἀρχιερέων
1130 4051 1238 4106 ἀπὸ
1277 4055 1373 4106 τοῦ
1421 4057 1586 4106 ’Ἀννα
1642 4052 1728 4105 καὶ
1789 4047 1876 4105 ἐπὶ

242 4145 334 4196 τοῦ
390 4142 610 4218 Καϊάνρα
663 4141 982 4196 κατάστασιν
1041 4141 1306 4196 ἐνιαύσιον
1363 4139 1709 4215 λειτουργίαν
1765 4136 1878 4195 δια-

241 4230 619 4286 τετελεκότων.
680 4231 779 4285 Τὸν
836 4253 895 4304 γε
955 4232 1062 4304 μὴν
1122 4233 1388 4310 Καϊάφαν,
1446 4229 1704 4306 ἀρχιερέα
1785 4234 1881 4286 τοῦ

241 4317 488 4376 ἐνιαυτοῦ
519 4319 635 4374 καθ’
683 4320 741 4374 ’ὸν
783 4319 850 4374 τὶ
896 4324 993 4374 τοῦ
1047 4320 1324 4394 σωτηρίου
1369 4319 1605 4375 ἐτελεῖτο
1649 4319 1880 4386 πάθους,

242 4409 275 4475 ἡ
303 4409 406 4464 τῶν
445 4405 790 4485 Εὐαγγελίων
837 4410 1020 4486 γραφὴ
1051 4413 1284 4482 παριστᾷ
1315 4427 1328 4440 ⁸
1373 4407 1422 4478 ἐξ
1470 4410 1537 4478 ἧς
1583 4407 1672 4462 καὶ
1721 4407 1880 4470 αὐτὸς

1992 3267 2110 3324 rius
2141 3266 2352 3323 Gratus
2385 3268 2582 3321 Anano
2616 3267 2951 3336 pontiﬁcatu
2983 3266 3280 3338 abrogato,
3323 3265 3638 3321 Ismaelum

1987 3355 2312 3427 pontiﬁcem
2362 3355 2763 3422 creat,§Phabi
2827 3355 3011 3410 lilium
3064 3354 3169 3425 (3).
3229 3353 3342 3410 Sed
3391 3359 3448 3409 et
3502 3353 3640 3409 huic

1987 3463 2120 3501 cum
2155 3444 2319 3514 paulo
2368 3452 2496 3514 post
2551 3443 2895 3515 dignitatem
2927 3461 3052 3500 eam
3095 3444 3432 3510 ademisset,
3469 3440 3636 3499 Elea-

1987 3548 2184 3588 zarum
2221 3532 2406 3587 Anani
2444 3531 2730 3603 pontiﬁcis
2761 3532 2944 3587 lilium
2982 3531 3316 3604 pontiﬁcem
3349 3531 3642 3602 designat.

1987 3623 2150 3678 Anno
2201 3637 2370 3693 porro
2419 3627 2638 3688 exacto,
2693 3625 2750 3676 et
2790 3621 2902 3677 isto
2941 3637 3174 3692 quoque
3217 3639 3251 3676 a
3298 3619 3638 3692 pontiﬁcatu

1990 3711 2218 3781 rejecto,
2249 3708 2471 3764 Simoni
2493 3709 2740 3764 Camithi
2773 3708 2890 3766 tilio
2910 3725 3210 3764 summum
3244 3707 3641 3764 sacerdotium

1990 3800 2184 3854 tradit.
2243 3797 2458 3853 Verum
2523 3809 2578 3852 et
2637 3797 2775 3853 huic
2834 3797 3110 3853 honorem
3164 3797 3638 3864 eumubtineuti,

1991 3906 2105 3944 non
2137 3903 2330 3943 annuo
2361 3885 2593 3958 longius
2626 3895 2856 3958 tempus
2884 3886 2991 3941 fuit
3025 3903 3036 3941 :
3073 3887 3166 3942 cui
3195 3885 3503 3957 Josephus,
3537 3884 3640 3956 qui

1990 3985 2044 4032 et
2087 3975 2328 4046 Caiphas
2377 3976 2564 4030 dictus
2609 3983 2716 4042 est,
2773 3975 3081 4030 successit.
3112 3997 3140 4024 ››
3203 3974 3282 4030 Ex
3338 3973 3428 4030 bis
3458 3973 3642 4046 igitur

1989 4065 2386 4137 consequitur,
2421 4080 2534 4120 non
2572 4080 2810 4136 prorsus
2859 4063 3229 4135 quadriennii
3261 4063 3468 4134 integri
3505 4063 3640 4118 Ser-

1991 4155 2203 4211 vatoris
2237 4153 2418 4210 nostri
2449 4152 2726 4220 doctrinm
2759 4153 2936 4208 fuisse
2957 4157 3208 4224 tempus,
3231 4168 3363 4207 cum
3387 4155 3641 4224 quatuor

1991 4244 2163 4300 annis
2185 4248 2432 4314 quatuor
2448 4243 2764 4313 pontitices,
2794 4243 2864 4297 ab
2896 4243 3064 4296 Anna
3087 4257 3274 4313 usque
3301 4241 3372 4295 ad
3405 4239 3634 4312 Caiphe

1991 4333 2255 4388 ordinem
2287 4335 2343 4388 et
2371 4335 2744 4399 creationem,
2777 4348 2974 4386 annuo
3007 4331 3193 4384 functi
3217 4331 3338 4384 sint
3367 4327 3640 4384 ministe-

1993 4422 2098 4477 rio.
2151 4420 2430 4492 Caipbam
2486 4436 2614 4475 vero
2671 4420 2861 4490 ipsum
2918 4419 3246 4490 pontificem
3300 4417 3430 4488 ejus
3479 4417 3640 4485 anni,

243 4496 534 4576 σύμφωνος
581 4503 682 4566 τῆς
730 4497 1094 4572 προκειμένης
1145 4497 1520 4572 έπιτηρήσεως
1553 4499 1580 4552 6
1626 4504 1728 4567 τῆς
1775 4502 1871 4552 τοῦ

1987 4510 2043 4564 in
2105 4525 2275 4581 quem
2337 4508 2636 4564 salutifera
2683 4507 2886 4562 incidit
2935 4505 3147 4578 passio,
3183 4505 3380 4570 fuisse,
3423 4503 3642 4576 scripta

241 4589 472 4660 Χριστοῦ
502 4582 852 4648 διδασκαλίας
882 4585 1084 4662 χρόνος
1116 4587 1311 4663 σαρῶς
1345 4583 1744 4642 ἀποδείκνυται.

314 4997 386 5066 (ι)
419 4996 502 5051 De
540 4995 911 5069 quadriennii
959 4996 1128 5052 istius
1170 4995 1574 5069 observatione
1602 4993 1884 5069 Nicepho-

247 5079 342 5121 rus
372 5067 691 5123 Eusebium
727 5067 825 5140 lib.
858 5085 900 5133 ι,
948 5084 1074 5140 cap.
1110 5070 1198 5140 10,
1239 5073 1327 5124 est
1355 5068 1640 5140 imitatus.
1675 5067 1884 5122 Verum

249 5151 310 5190 ea
339 5155 470 5193 cum
505 5140 577 5193 18
607 5155 734 5202 cap.
786 5139 962 5208 hujus
993 5139 1144 5204 libri,
1202 5144 1259 5195 et
1313 5155 1446 5195 cum
1482 5139 1618 5194 Luc.
1653 5154 1738 5205 ιιι,
1769 5153 1886 5191 non

249 5211 532 5266 convenit.
593 5229 622 5258 ‹‹
655 5211 719 5263 Ει
781 5211 1039 5266 Valerius
1087 5211 1296 5266 Gratus
1351 5215 1486 5266 ante
1534 5225 1721 5264 annos
1771 5209 1888 5263 fere

249 5278 466 5352 decem,
491 5279 652 5350 prius
673 5297 850 5352 quam
877 5282 1097 5336 Pilatus
1122 5281 1303 5336 Roma
1323 5281 1382 5338 in
1401 5279 1663 5336 Judaeum
1681 5295 1889 5352 praises

249 5350 462 5408 missus
499 5357 607 5412 est.
662 5350 968 5422 provinciae
1014 5353 1142 5422 ejus
1173 5353 1475 5422 prmlectus
1518 5353 1645 5408 fuit.
1679 5350 1707 5401 ἶ»
1739 5350 1886 5415 Quid

248 5433 375 5477 vero
404 5424 609 5478 eodem
645 5421 901 5491 tempore
945 5421 1360 5491 Hierosolymis
1393 5426 1604 5480 Gratus
1654 5421 1885 5487 faceret,

251 5504 378 5550 cum
405 5494 488 5550 ibi
509 5510 708 5550 eorum
731 5492 1018 5550 obtineret
1038 5493 1604 5550 administrationem
1638 5492 1887 5549 Pilatus?

1999 4597 2329 4669 evangelica
2373 4599 2744 4652 attestantur.
2795 4595 2958 4650 Unde
3013 4599 3068 4650 et
3101 4594 3217 4649 haec
3247 4591 3353 4662 illi,
3393 4591 3464 4648 de
3495 4598 3641 4648 tein-

1998 4701 2136 4760 pore
2178 4685 2388 4740 Christi
2435 4684 2729 4752 doctrinas,
2779 4700 2906 4756 quae
2961 4683 3133 4738 modo
3185 4680 3480 4753 proposita
3527 4683 3633 4748 est,

1993 4791 2247 4831 consona
2275 4789 2398 4830 esse
2428 4772 2771 4844 observatio,
2804 4771 3024 4844 liquido
3056 4771 3408 4828 ostenditur.

1995 4991 2076 5046 De
2123 4991 2238 5046 alio
2283 4990 2480 5062 itaque
2537 4995 2794 5060 tempore
2848 4988 3086 5059 Josephi
3136 4989 3313 5062 verba
3354 4987 3467 5042 ista
3496 4989 3640 5062 sunt

1994 5064 2350 5134 accipienda.
2383 5059 2450 5116 Et
2478 5059 2697 5117 auctori
2728 5061 2839 5134 ipsi
2875 5063 2932 5114 in
2963 5077 3090 5134 cap.
3127 5059 3210 5134 18,
3244 5063 3420 5134 atque
3442 5059 3642 5134 ιιι-εξεοί-

1997 5129 2276 5206 ρυοῖιυρ.
2308 5149 2434 5206 cap.
2499 5141 2553 5199 κ,
2605 5129 2825 5206 hacin
2878 5147 2933 5186 re
2970 5131 3124 5206 tides
3172 5130 3459 5184 habenda.
3522 5129 3639 5184 Hoc

1995 5201 2174 5260 etiam
2205 5201 2463 5260 declarat
2493 5221 2619 5274 cap.
2655 5205 2705 5263 4,
2737 5202 2836 5258 lib.
2871 5219 2933 5268 Il,
2967 5201 3140 5256 intra.

2064 5277 2145 5346 ('3)
2203 5276 2446 5330 Caesaris
2496 5269 2898 5346 procuratores
2941 5288 3057 5346 pro
3119 5286 3227 5346 sua
3262 5269 3529 5346 libidine
3585 5272 3644 5326 et

1995 5340 2237 5472 avar'iiif
2257 5340 2669 5472 )saccrdotium
2702 5340 3094 5400 conferebant.
3144 5343 3402 5412 (Eutrop.
3455 5340 3558 5400 lib.
3603 5357 3643 5409 1,

1996 5435 2120 5472 can.
2235 5460 2246 5472 .

1996 5435 2120 5473 can.
2157 5421 2246 5473 11.

2066 5421 2284 5558 {miihi
2315 5489 2533 5560 legunt,
2566 5488 2690 5545 labi
2717 5488 2797 5558 ﬁt.
2832 5485 3088 5558 (Joseph.
3122 5483 3222 5540 lib.
3256 5500 3414 5545 xvm,
3449 5499 3498 5540 c.
3537 5482 3620 5554 7.)
