4070 6274
429 338 547 398 ’719
1720 333 2142 399 NICEPHORI
2186 336 2534 401 CALLISTI
3705 347 3834 407 720

1033 469 1265 526 CAPUT
1295 469 1438 526 XXX
1450 513 1462 524 .

437 580 511 636 De
555 577 866 651 proditione
913 577 1198 651 Judz,‘de
1243 577 1444 634 divinis
1487 580 1817 651 cruciatibus
1869 579 2073 633 Christi

773 651 918 718 Iesu,
949 657 1002 705 et
1027 649 1269 706 salutari
1293 665 1452 706 cruce
1477 649 1734 721 ejusdem.

499 831 585 886 Ab
617 829 724 886 hoc
753 829 880 900 ipso
922 828 1141 902 Caipba
1171 833 1228 884 et
1269 829 1536 902 improbo
1585 829 1902 886 scribarum
1933 845 2072 887 cou-

433 917 562 972 silio
615 922 922 988 corruptus
969 918 1151 974 Judas
1198 918 1522 984 Iscariotes,
1563 923 1621 974 et
1659 919 1826 990 quasi
1869 920 2072 974 morbo

429 1006 677 1062 avaritiae
714 1012 1032 1078 correptus,
1103 1008 1201 1078 qui
1251 1006 1620 1062 dicendorum
1666 1009 2074 1064 tacendorum-

431 1122 542 1178 que
573 1122 638 1163 ac
677 1123 871 1162 rerum
920 1112 1197 1179 praeterea
1239 1109 1501 1165 omnium
1533 1125 1666 1164 cum
1707 1108 1946 1180 reliquis
1975 1109 2072 1164 di—

427 1195 668 1267 scipulis
699 1197 986 1268 particeps
1029 1215 1062 1252 a
1109 1199 1406 1256 Servatore
1451 1197 1636 1254 factus
1680 1198 1884 1265 fuerat,
1934 1214 2069 1253 cum

429 1284 680 1340 alienum
729 1285 990 1358 seipsum
1033 1290 1091 1342 et
1138 1292 1431 1358 expertem
1479 1287 1683 1343 divinae
1721 1286 1936 1356 gratim,
1969 1303 2070 1358 per

427 1381 802 1441 excellentem
841 1383 1266 1456 malignitatem
1318 1402 1488 1442 suam
1527 1385 1897 1454 reddidisset,
1939 1390 2072 1457 post

425 1470 700 1528 lationem
723 1472 930 1542 ipsam,
962 1478 1138 1546 atque
1167 1491 1507 1532 arcanorum
1541 1492 1843 1532 sacrorum
1874 1475 2072 1531 initia-

426 1561 642 1618 tionem
677 1562 774 1634 (1),
807 1561 972 1618 107
1005 1563 1364 1637 vitalemque
1410 1565 1596 1636 ipsum
1645 1581 1877 1635 panem,
1909 1565 2070 1620 vivus

425 1649 746 1706 etiamdum
797 1651 857 1708 in
909 1656 1250 1724 potestatem
1283 1653 1502 1708 inimici
1551 1657 1757 1725 captus
1789 1653 2066 1726 pervenit,

425 1740 516 1795 cui
548 1757 607 1795 se
665 1747 833 1796 antea
871 1757 1101 1812 quoque
1138 1743 1451 1799 voluntatis
1491 1742 1786 1814 animique
1816 1743 2070 1798 destina-

2107 469 2160 535 A

2823 477 3054 531 ΚΕΦΔΛ
3067 519 3080 532 .
3122 477 3203 534 Λ’.

2183 579 2490 656 Πε,Ρῖ,τῆς
2519 578 2910 656 προδοσίας
2942 587 3061 638 τοῦ
3095 581 3309 638 Ἰούδα
3344 603 3356 616 ·
3385 583 3495 638 καὶ
3526 585 3834 656 περὶτῶν

2251 649 2447 730 Θείων
2478 649 2698 706 παθῶν
2730 657 2846 730 τοῦ
2879 659 3170 729 Χριστοῦ
3203 676 3215 689 ·
3253 656 3364 710 καὶ
3394 656 3543 730 περὶ
3571 649 3684 710 τοῦ
3715 676 3836 710 σω-

2249 721 2489 795 τηρίου
2520 729 2832 799 σταυροῦ.

2251 831 2380 884 Ὑπὸ
2427 833 2610 886 τοίνυν
2671 837 2749 904 τῷ
2809 835 3023 909 Καϊάφᾳ
3079 835 3259 907 τούτῳ
3312 834 3402 890 καὶ
3460 841 3542 908 κῷ
3600 840 3833 911 πονηρῷ

2181 915 2441 990 συνεδρίῳ
2501 925 2609 974 τῶν
2684 921 3052 994 γραμματέων
3122 919 3438 1001 διαφθαρεὶς
3515 921 3720 987 Ἰούδας
3803 925 3830 979 ὁ

2181 1008 2557 1080 Ἰσκαριώτης,
2591 1010 2684 1064 ἅτε
2727 1011 2870 1082 νόσῳ
2910 1018 3012 1079 τῆς
3058 1009 3422 1088 φιλαργυρίας
3477 1011 3666 1080 ἁλοὺς,
3719 1015 3832 1086 ῥη-

2177 1101 2287 1152 τῶν
2316 1119 2373 1152 τε
2403 1100 2492 1153 καὶ
2542 1098 2794 1172 ἀρρήτων
2823 1102 2912 1155 καὶ
2963 1101 3176 1156 πάντων
3210 1109 3326 1164 τοῖς
3378 1101 3595 1164 λοιποῖς
3624 1124 3828 1157 κοινω-

2179 1188 2268 1248 νὸς
2328 1191 2406 1258 τῷ
2467 1194 2682 1263 Σωτῆρι
2740 1190 3055 1265 γενόμενος,
3120 1189 3416 1266 ἀλλότριον
3475 1193 3661 1246 ἑαυτὸν
3734 1192 3829 1246 καὶ

2179 1280 2386 1350 γυμνόν
2417 1279 2759 1347 καταστήσας
2803 1282 2902 1346 τῆς
2933 1280 3077 1340 θείας
3127 1280 3354 1354 χάριτος
3389 1277 3458 1334 δι’
3508 1275 3826 1355 ὑπερϐολὴν

2178 1363 2466 1438 πονηρίας,
2520 1367 2653 1438 μετὰ
2682 1366 2774 1422 τὸν
2822 1374 3077 1442 νιπτῆρα,
3133 1369 3268 1440 μετᾶ
3313 1370 3409 1436 τὴν
3462 1369 3686 1442 μύησιν,
3731 1371 3830 1424 καὶ

2177 1453 2268 1508 τὸν
2317 1456 2544 1522 ζωτικὸν
2599 1454 2786 1528 ἄρτον,
2835 1454 2970 1518 ὅλος
3028 1458 3328 1532 ζωγρηθεὶς
3371 1462 3454 1528 τῷ
3510 1458 3716 1532 ἐχθρῷ,
3781 1460 3830 1531 ᾧ

2179 1542 2268 1597 καὶ
2317 1543 2486 1599 πάλαι
2535 1549 2604 1619 τῇ
2663 1546 2972 1621 προαιρέσει
3032 1547 3302 1618 ᾠκείωτο,
3351 1551 3450 1603 τοῦ
3495 1553 3669 1622 χοροῦ
3714 1549 3830 1603 τῶν

2178 1633 2503 1690 ἀποστόλων
2563 1633 2862 1712 διαζυγείς,
2921 1637 3020 1704 τὴν
3082 1637 3215 1709 μετᾶ
3269 1641 3376 1692 τῶν
3449 1637 3820 1713 γραμματέων

2181 1723 2266 1778 καὶ
2326 1725 2639 1798 Φαρισαίων
2701 1725 3019 1801 συμφωνίαν
3095 1725 3364 1796 ἐπλήρου.
3418 1728 3531 1794 Τήν
3603 1731 3833 1800 σπεῖραν

426 1837 582 1893 tione
639 1834 958 1894 dediderat.
1043 1839 1242 1910 Itaque
1296 1841 1366 1895 ab
1434 1840 1830 1913 apostolorum
1897 1841 2065 1897 choro

2183 1814 2308 1889 γὰρ,
2340 1814 2430 1866 καὶ
2479 1815 2570 1867 τὸν
2600 1813 2925 1888 χιλίαρχον,
2958 1816 3046 1868 καὶ
3095 1817 3156 1868 τὸ
3190 1813 3463 1888 λῃστείαις
3512 1821 3705 1889 χαῖρον
3735 1815 3830 1868 καὶ

2195 1903 2208 1922 ο
2404 1908 2426 1918 ν
2561 1901 2581 1922 Ἴ
2604 1904 2665 1922 ..Λ
3085 1905 3094 1919 ο
3513 1903 3530 1922 \
3587 1902 3631 1922 κο
3695 1905 3719 1922 ‘r

427 1927 748 1998 sejunctus,
809 1943 936 2000 quae
967 1944 1101 1984 cum
1155 1929 1374 1986 Scribis
1420 1935 1478 1985 et
1508 1929 1814 1986 Pbarisaais
1864 1930 2074 1986 inierat

427 2021 596 2088 pacta
652 2021 936 2074 conventa
966 2017 1260 2089 adimplet.
1306 2019 1550 2075 Cohorte
1599 2019 1755 2075 enim
1801 2035 1930 2074 cum
1966 2018 2074 2073 Iri-

427 2107 674 2177 bunofet
722 2106 1096 2163 multitudine
1125 2123 1191 2162 ea
1221 2125 1348 2180 quae
1387 2109 1606 2180 rapinis
1655 2114 1711 2164 et
1753 2109 2074 2164 latrociniis

427 2195 660 2268 gaudet,
689 2196 963 2264 adducta,
1015 2197 1228 2268 quibus
1267 2199 1505 2268 quidem
1563 2196 1798 2253 lalernaa
1829 2207 1886 2254 et
1915 2197 2073 2253 faces

425 2300 675 2341 accensas
705 2289 762 2342 et
816 2286 1000 2342 fustes
1029 2285 1086 2341 in
1129 2286 1402 2342 manibus
1441 2289 1627 2355 erant,
1656 2287 1851 2342 osculo
1881 2287 2071 2342 Domi-

429 2403 571 2443 num
596 2386 808 2458 prodit,
829 2394 884 2442 et
914 2387 1054 2442 abit.
1087 2389 1156 2442 At
1187 2385 1282 2442 ille
1301 2391 1524 2458 captus,
1549 2391 1613 2441 ut
1642 2387 1763 2442 ovis
1795 2387 2074 2444 innocens

425 2477 494 2532 ad
526 2479 770 2532 mortem
792 2476 992 2532 fertur.
1015 2476 1210 2546 Neque
1247 2475 1404 2531 enim
1436 2476 1869 2532 contentionem
1897 2475 2070 2532 ullam

423 2565 824 2632 subindicans,
883 2581 1070 2637 neque
1126 2581 1530 2638 percussorum
1588 2565 1871 2636 impetum
1925 2581 2074 2638 (egre

425 2653 634 2715 ferens,
661 2653 886 2724 placido
917 2654 1228 2726 quietoque
1275 2655 1469 2710 animo
1526 2653 1825 2710 trahentes
1865 2669 2074 2726 seque-

424 2742 618 2798 batur.
649 2742 764 2800 Nec
815 2743 873 2798 id
924 2741 1018 2798 ille
1049 2747 1274 2798 tantum
1335 2742 1618 2814 praestitit,
1651 2743 1747 2798 sed
1815 2748 1872 2798 et
1904 2743 2074 2798 fervi-

425 2840 646 2896 diorem
721 2839 1026 2912 discipulis
1083 2839 1212 2894 abis
1300 2840 1555 2907 Petrum,
1644 2842 1743 2910 qui
1817 2841 2072 2911 gladium

425 2929 759 2996 strinxerat,
791 2930 1080 3000 objurgat,
1106 2930 1320 2985 ferrum
1373 2930 1432 2984 in
1480 2929 1750 3000 vaginam
1783 2947 1950 2987 suam
1984 2948 2075 2987 re-

426 3035 640 3090 ponere
681 3018 844 3089 jubet
893 3039 908 3086 ;
966 3023 1093 3074 tum
1144 3023 1340 3073 autem
1405 3018 1698 3088 pontificis
1746 3019 1917 3089 servi,
1977 3020 2070 3076 cui

425 3109 638 3164 Malchi
669 3125 880 3166 nomen
910 3114 1052 3176 erat,
1088 3113 1368 3164 resectam
1394 3125 1592 3164 aurem
1622 3109 1877 3166 restituit
1915 3128 1928 3166 :
1955 3127 2070 3167 non

423 3197 622 3270 inepia
676 3205 775 3254 aut
821 3197 1214 3253 imbecillitate
1269 3197 1390 3251 haec
1435 3212 1498 3252 se
1539 3199 1680 3270 pati,
1711 3199 1928 3271 quippe
1975 3201 2066 3256 cui
2101 3213 2144 3279 ρ

422 3294 680 3366 legiones
711 3294 1155 3366 quamplurima:
1189 3294 1519 3364 auxiliares,
1559 3295 1608 3350 si
1640 3295 1830 3363 vellet,
1860 3305 2066 3368 praesto

421 3389 638 3454 essent,
698 3385 797 3440 sed
852 3384 1091 3439 arbitrio
1146 3383 1387 3439 alterius
1435 3400 1503 3440 ea
1555 3385 1889 3456 permittere
1937 3403 1951 3440 :
2011 3393 2066 3441 et

420 3473 685 3548 superari
714 3473 774 3529 in
803 3473 1124 3544 prasentia,
1157 3476 1222 3528 ut
1250 3488 1375 3544 quas
1407 3473 1465 3529 in
1519 3474 1830 3544 Scripturis
1867 3480 2066 3531 essent

417 3564 756 3626 constituta.
790 3561 1116 3634 legitimum
1148 3562 1531 3634 debitumque
1560 3567 1832 3634 caperent
1863 3565 2063 3631 finem,

418 3657 686 3710 testatus.
721 3651 816 3708 Sic
848 3652 1040 3722 itaque
1080 3651 1366 3708 abductus
1414 3653 1486 3707 ad
1519 3654 1746 3708 Annam
1783 3653 2063 3724 primum,

418 3751 626 3807 deinde
655 3755 712 3806 et
739 3749 810 3805 ad
841 3749 1144 3821 Caipham,
1176 3749 1274 3820 qui
1308 3751 1436 3821 ejus
1485 3749 1623 3806 anni
1656 3751 2062 3820 pontificatum

419 3843 656 3897 sortitus
696 3841 900 3909 fuerat,
985 3841 1232 3898 ducitur.
1306 3845 1491 3912 Atque
1557 3842 1636 3897 ibi
1679 3843 2064 3913 jurejurando

137 3931 821 4003 -ε-ν-α-θῦθξι-ἰθεὶιυιυ,
874 3935 937 3988 ut
994 3932 1361 4004 profiteretur
1425 3949 1498 3987 an
1557 3933 1681 4004 ipse
1738 3933 1834 4002 sit,
1891 3949 2063 4003 quem

415 4022 849 4095 exspectabant,
883 4021 980 4077 ille
1008 4021 1294 4078 Christus.
1331 4021 1402 4077 Ut
1433 4025 1627 4077 autem
1660 4024 1815 4092 quod
1859 4039 2062 4080 verum

415 4119 558 4180 erat,
587 4109 844 4182 pontifex
888 4110 1105 4166 audivit
1157 4111 1295 4181 (non
1332 4115 1566 4180 gravate
1608 4112 1763 4166 enim
1797 4112 2064 4168 Christus

415 4215 478 4256 se
507 4198 605 4255 Dei
635 4197 846 4254 Filium
887 4214 1016 4254 esse
1048 4197 1469 4270 profitebatur),
1501 4183 1808 4255 confestim
1842 4206 2062 4257 vestem

412 4297 714 4365 discindit,
745 4295 992 4368 impium
1023 4300 1197 4368 atque
1215 4296 1617 4368 blasphemum
1637 4299 2064 4367 vocat,dingum

413 4402 526 4459 que
583 4391 765 4441 morte
814 4385 1170 4456 prsejudicat.
1232 4384 1334 4441 Hie
1380 4403 1414 4440 a
1463 4385 1734 4456 pontifice
1779 4388 1968 4449 dictis,
2003 4387 2060 4442 in

411 4474 616 4531 faciem
675 4475 854 4546 alapae
930 4475 1360 4548 impinguntur,
1429 4475 1626 4532 vultus
1692 4477 2058 4547 conspuitur,

3587 1902 3610 1920 ἢ

2185 1903 2452 1978 ἁρπαγαῖς
2517 1901 2730 1970 πλῆθος
2782 1905 3262 1979 προσεπαγόμενος
3299 1923 3312 1935 ·
3372 1903 3530 1980 φανοὶ
3584 1902 3631 1958 δ’
3688 1905 3828 1971 ἦσαν

2181 1991 2397 2053 τούτοις
2455 1990 2750 2063 ἁπτόμενοι
2806 1993 2895 2044 καὶ
2955 1989 3260 2065 λαμπάδες,
3320 1992 3409 2046 καὶ
3477 1993 3544 2046 τὰ
3609 1991 3831 2066 ῥόπαλα

2183 2079 2235 2134 ἐν
2268 2078 2423 2154 χερσί
2449 2098 2461 2112 ⁸
2496 2077 2768 2158 φιλήματι
2799 2076 3231 2152 καταπροδιδοὺς
3261 2079 3351 2134 τὸν
3388 2080 3610 2154 Κύριον,
3643 2079 3830 2149 ἂπηλ-

2185 2166 2427 2222 λάττετο.
2468 2173 2523 2219 Ὀ
2579 2165 2633 2221 δὲ
2683 2169 2916 2242 σχεθεῗς,
2971 2169 3044 2229 ὡς
3094 2168 3269 2242 ἀρνίον
3317 2166 3537 2236 ἄκακον,
3586 2170 3684 2236 τὴν
3735 2168 3828 2222 ἐπὶ

2183 2257 2406 2311 Θάνατον
2461 2256 2646 2330 ἤγετο,
2697 2251 2874 2330 ἔριδος
2938 2259 3032 2329 μὲν
3089 2255 3212 2312 οὒδέ
3265 2279 3317 2312 τι
3376 2257 3828 2336 παρυποιραίνων,

2184 2343 2308 2401 οὐδὲ
2362 2348 2460 2416 τὴν
2517 2347 2744 2424 ιρονικὴν
2801 2346 3142 2400 ἐπισύστασιν
3210 2344 3623 2420 δυσχεραίνών’
3697 2345 3831 2402 ἀλλ’

2183 2437 2380 2508 ἡσύχῳ
2411 2434 2499 2488 καὶ
2551 2435 2812 2509 ἀταράχῳ
2841 2437 3152 2514 φρονήματι
3198 2441 3313 2497 τοῖς
3352 2433 3608 2490 ἕλκουσιν
3637 2434 3828 2510 ἤγετο.

2183 2523 2255 2578 Οὐ
2304 2529 2466 2578 τοῦτο
2526 2521 2584 2577 δέ
2641 2525 2830 2595 μόνον,
2877 2523 3024 2579 ἀλλὰ
3083 2525 3169 2578 καὶ
3227 2529 3306 2596 τῷ
3357 2525 3670 2598 Θερμοτέρῳ
3715 2528 3828 2578 τῶν

2187 2615 2446 2686 μαθητῶν
2495 2611 2719 2685 ἐπιτιμᾷ
2775 2615 2960 2686 Πέτρῳ
3013 2612 3298 2668 ὲλκύσαντι
3357 2613 3632 2688 μάχαιραν
3671 2633 3684 2644 ·
3735 2613 3830 2667 καὶ

2181 2703 2244 2758 τὸ
2277 2703 2368 2763 οὖς
2413 2706 2508 2757 τοῦ
2557 2702 2856 2777 ἀρχιερέως
2891 2700 3114 2771 δούλου,
3147 2703 3192 2774 ᾤ
3239 2700 3471 2778 Μάλχος
3517 2704 3584 2772 ἦν
3631 2699 3827 2774 ὄνομα,

2183 2792 2470 2868 πεπληγὸς
2527 2793 2717 2846 ἱᾶταιο
2796 2793 2885 2846 καὶ
2962 2793 3061 2860 τήν
3131 2793 3406 2867 μάχαιραν
3483 2791 3826 2866 ἀναστρέφειν

2181 2883 2305 2956 περὶ
2361 2883 2460 2951 τὴν
2520 2882 2696 2950 Θήκην
2753 2879 2907 2941 αὖθις
2964 2880 3195 2937 κελεύει.
3256 2881 3345 2949 Μὴ
3401 2881 3503 2955 γὰρ
3561 2880 3827 2952 αδύναμίᾳ

2182 2971 2413 3045 πάσχειν
2444 2991 2456 3004 ⁸
2510 2968 2782 3044 λεγεῶνας
2828 2969 2932 3044 γάρ
2973 2971 3022 3023 οἱ
3056 2971 3128 3031 ὡς
3177 2969 3434 3033 πλείστας
3489 2971 3626 3041 αύτῷ
3675 2990 3822 3042 παρ-

2183 3067 2338 3129 εῖναι,
2388 3058 2435 3114 ε⁹ί
2482 3081 2540 3135 γε
2597 3057 2770 3131 θέλοι,
2830 3065 3140 3134 συμμαχεῖν
3201 3059 3484 3134 ᾐρημένας
3518 3080 3530 3092 ·
3583 3054 3819 3113 (insi).-

2185 3150 2371 3205 λεσθαι
2403 3147 2450 3203 δ’
2499 3147 2616 3218 οὖν,
2648 3148 2722 3208 ὡς
2770 3145 2830 3202 ἄν
2877 3169 2938 3224 γε
2984 3149 3052 3202 τα
3097 3147 3150 3202 ἐν
3205 3154 3440 3224 Γραφαῖς
3491 3146 3820 3224 διωρισμένα

2182 3241 2344 3312 πέρας
2404 3236 2573 3292 αἶ’σιον
2632 3238 2822 3310 σχοίη.
2879 3236 3032 3290 Οὕτω
3105 3237 3287 3292 τοίνυν
3353 3237 3598 3314 ἠγμένος
3675 3239 3813 3310 πρὸς

2175 3331 2368 3382 ’Ἄνναν
2426 3329 2665 3400 πρῶτον,
2725 3323 2837 3378 εἶτα
2898 3324 2986 3378 καὶ
3045 3326 3180 3399 πρὸς
3253 3325 3496 3402 Καϊάφαν
3553 3326 3648 3380 τὸν
3717 3330 3816 3379 τοῦ

2176 3416 2419 3473 ένιαυτοῦ
2466 3419 2740 3492 ἱεραρχεῖν
2794 3415 3036 3490 λαχόντα
3077 3416 3336 3491 ἀπάγεται
3372 3436 3384 3450 ·
3443 3417 3558 3471 εἶτα
3607 3416 3816 3491 ὁρκίζε-

2172 3527 2260 3562 ται
2305 3505 2653 3581 ὁμολογῆσαι
2686 3505 2730 3559 εἰ
2782 3503 2941 3566 αὐτός
2991 3505 3130 3560 ἐστιν
3177 3505 3236 3560 ’ὀν
3279 3503 3627 3580 προσεδόκων
3682 3511 3821 3579 Χρι-

2176 3595 2317 3652 στόν.
2354 3600 2440 3657 Ὠς
2490 3593 2548 3648 δὲ
2600 3593 2832 3663 τάληθὲς
2877 3595 3108 3665 ἠκηκόει
3156 3596 3184 3649 6
3233 3595 3425 3668 ἱερεὺς,
3477 3592 3682 3668 ῥᾳδίως
3724 3599 3822 3649 τοῦ

2177 3690 2411 3759 Χριστοῦ
2453 3685 2636 3739 ἑαυτὸν
2685 3683 2813 3739 Θεὸν
2843 3684 2933 3738 καὶ
2982 3689 3116 3739 Θεοῦ
3165 3685 3286 3738 Υὶὸν
3338 3685 3822 3759 ὁμολογήσαντος,

2177 3775 2404 3852 ᾀήγνυσι
2455 3775 2554 3842 τήν
2611 3770 2889 3841 ἀναϐολὴν
2951 3773 3131 3843 εὐθὺς,
3184 3772 3511 3848 βλάσφημον
3564 3773 3824 3842 καλέσας,

2175 3864 2264 3918 καὶ
2325 3863 2556 3917 Θανάτου
2615 3862 2762 3934 ἄξιον
2816 3862 3120 3938 ἀποφήνας.
3169 3861 3382 3916 Τούτων
3435 3860 3517 3934 τῷ
3573 3860 3828 3936 ἃρχιερεῖ

2177 3951 2501 4026 εἷρημένων,
2554 3949 2641 4006 ἐπὶ
2698 3948 2904 4024 κόρρης
2957 3949 3103 4023 αύτῷ
3162 3949 3477 4027 ῥαπίσματα
3532 3951 3829 4026 προσετρίο

2175 4038 2359 4110 6οντο,
2417 4040 2506 4094 καὶ
2579 4039 2714 4094 κατὰ
2771 4039 3064 4115 πρόσωπον
3142 4039 3476 4112 ἐμπτυσμοὶ,
3541 4041 3634 4095 καὶ
3692 4040 3824 4096 ἀλλ’

2174 4129 2305 4185 ἄττα
2374 4129 2827 4204 ἐμπαροινοῦντες
2905 4124 2994 4183 διὰ
3067 4130 3244 4198 πάσης
3317 4129 3528 4198 νυκτὸς,
3607 4129 3823 4204 πρωίας

2173 4217 2570 4295 διαυγαζούσης
2601 4218 2736 4291 πρὸς
2788 4221 3022 4272 Πιλᾶτον
3059 4223 3246 4293 χεῖρας
3299 4215 3628 4289 πεδγςσαντες
3659 4218 3824 4294 ἄγου-

2175 4333 2278 4391 σιν.
2313 4310 2463 4365 Ἐπεὶ
2517 4307 2570 4363 δέ
2616 4308 2796 4383 ἡμέρα
2842 4315 3042 4382 παρῆν,
3079 4310 3169 4363 καὶ
3219 4310 3248 4363 6
3294 4310 3521 4386 ⁸ῗιγεμιῖυν
3573 4309 3820 4383 προύκά-

2170 4401 2304 4470 οητο
2354 4397 2440 4452 ἐπὶ
2499 4397 2768 4470 βήματος,
2818 4391 3074 4452 Ἰουδαῖοι
3134 4395 3226 4450 οἶά
3279 4416 3422 4458 τινες
3474 4394 3819 4470 λυσσητῆρες

2172 4485 2559 4562 περιεκύκλοτν
2617 4483 2916 4558 βάλλοντες
2975 4479 3192 4558 ὕϐρεσιν
3225 4505 3238 4518 ·
3300 4486 3328 4539 6
3369 4482 3428 4538 δὲ
3485 4488 3668 4557 σιωπῇ
3725 4487 3814 4540 καὶ

411 4568 582 4634 atque
612 4580 711 4636 per
751 4573 974 4620 noctem
1024 4571 1196 4620 totum
1243 4564 1403 4620 omni
1447 4563 1679 4620 ludibrii
1719 4579 1928 4637 genere
1968 4581 2065 4636 per

2178 4575 2446 4651 πραύτητί
2505 4573 2824 4646 ἐπεστόμιζε
2877 4575 2976 4642 τήν
3031 4573 3381 4648 κατηγορίαν.
3446 4571 3682 4632 Πιλᾶτος
3756 4573 3817 4628 δὲ

412 4655 613 4711 vinum
651 4660 709 4710 et
745 4654 1145 4711 temulentiam
1205 4657 1670 4727 importunorum
1725 4655 2050 4722 hominum,

411 4753 754 4825 probrisque
803 4757 861 4809 et
917 4753 1294 4810 contumeliis
1325 4754 1591 4812 afficitur.
1643 4755 2058 4810 Porroaulem

409 4859 538 4898 cum
595 4843 808 4913 illuxit,
842 4843 1111 4899 manibus
1165 4861 1292 4899 eum
1327 4844 1532 4899 vinctis
1565 4845 1633 4900 ad
1667 4844 1916 4899 Pilatum
1951 4845 2051 4900 du-

409 4935 568 4986 cunt.
601 4930 672 4986 Et
710 4931 836 5000 jam
878 4931 1002 4987 dies
1051 4936 1194 4999 erat,
1247 4947 1581 5004 praesesque
1629 4948 1731 5002 pro
1778 4932 2052 4988 tribunali

409 5021 771 5076 consederat.
799 5019 882 5075 lbi
921 5020 1104 5076 Judaei
1157 5025 1434 5092 tauquam
1469 5020 1628 5076 rabie
1659 5020 1881 5093 agitati,
1917 5036 2051 5076 eum

407 5117 866 5188 circumsistunt,
897 5117 1292 5190 conviciisque
1333 5117 1714 5189 proscindunt
1749 5133 1762 5172 :
1795 5117 1891 5172 ille
1921 5133 2056 5173 con-

409 5209 502 5261 tra
527 5204 756 5262 silentio
805 5211 861 5262 et
900 5205 1291 5278 placabilitate
1337 5222 1538 5262 eorum
1599 5205 1834 5262 obturat
1871 5209 1929 5261 et
1961 5221 2055 5262 re-

411 5292 556 5348 fellit
583 5295 1034 5350 accusationem.
1067 5293 1288 5350 Pilatus
1319 5310 1450 5350 vero
1499 5302 1616 5350 tam
1655 5293 1946 5362 acerbum,
1979 5295 2052 5350 ab

479 5437 565 5520 _(t)
609 5439 969 5520 Augustinus
997 5439 1588 5520 apostolos_re_liquos
1635 5439 1693 5495 in
1744 5455 1906 5494 coena
1935 5438 2052 5520 ρο·-

412 5511 631 5582 minica
660 5525 869 5582 panem
914 5511 1241 5579 Dominum,
1289 5513 1498 5568 Judam
1543 5527 1674 5566 vero
1706 5527 1912 5582 panem
1949 5511 2054 5564 Do-

412 5579 556 5636 mini
589 5579 1127 5654 contraiDoiminum
1159 5582 1483 5654 sumpsisse
1529 5579 1753 5654 scribit,
1795 5582 1855 5636 in
1883 5580 2052 5654 Joan.

409 5655 579 5710 tract.
613 5649 705 5708 59.
741 5672 766 5705 ε
792 5653 851 5710 Si
883 5653 1196 5711 Dominum
1242 5649 1354 5712 hoc
1399 5653 1868 5726 (Eucharietiam)
1896 5652 2054 5723 quod

2167 4669 2268 4736 τὴν
2315 4665 2457 4720 οὕτω
2499 4663 2694 4738 πικράν
2743 4663 2832 4717 καὶ
2882 4663 3240 4738 ἂπάνθρωπον
3287 4661 3497 4732 ὑλακὴν
3546 4664 3714 4737 ὁρῶν,
3759 4665 3819 4719 τί

2170 4753 2196 4778 Ἀ
2315 4753 2338 4774 ν
2471 4757 2481 4770 ι
2586 4751 2609 4773 at
2787 4751 2800 4770 ν
2870 4763 2878 4771 .
2919 4753 2978 4805 θα
3023 4773 3073 4784 ,1.
3181 4753 3194 4768 ο
3433 4753 3458 4781 _\
3575 4750 3618 4770 tu
3729 4751 3806 4772 μι-

2166 4777 2225 4809 αν
2286 4776 2371 4825 ειη
2429 4775 2492 4808 το
2549 4774 2722 4808 οιιτιον
2784 4771 2912 4806 επυν
2955 4773 3127 4810 ανειο.
3199 4759 3237 4806 0
3306 4758 3503 4826 Σωτήρ
3572 4769 3630 4806 οε
3689 4771 3817 4809 ouo:

2165 4843 2504 4918 ἀποκρίσεως
2573 4841 2771 4896 ἐκεῖνον
2849 4842 3028 4910 ἠξίου,
3100 4842 3324 4917 Κραυγή
3402 4837 3449 4895 δ’
3522 4838 3815 4912 ἐξηκούετο

2165 4938 2469 5008 σταυρῶσαι
2517 4935 2707 4986 τοῦτον
2764 4927 3249 4986 ἓκδυσωπούντων.
3301 4931 3538 4992 Ἐκεῖνος
3599 4927 3676 4994 δὲ,
3735 4938 3814 5000 πῆ

2169 5025 2260 5097 μέν
2306 5021 2409 5076 ὑπὸ
2461 5018 2713 5094 ΙΙρόκλης
2759 5025 2860 5088 τῆς
2907 5017 3072 5075 αὐτοῦ
3120 5021 3376 5096 γυναικὸς
3426 5016 3817 5092 διαπεμπομέ-

2159 5133 2256 5182 νης
2289 5108 2660 5186 ἐρεθιζόμενος
2711 5105 2881 5182 μηδέν
2909 5128 2962 5164 τι
3015 5111 3122 5164 τῶν
3169 5108 3481 5186 ἆποφήμων
3529 5107 3670 5161 κατὰ
3716 5111 3818 5162 τοῦ

2163 5197 2377 5256 δικαίου
2427 5197 2780 5273 ψηφίσασθαι,
2815 5200 2894 5263 πῆ
2946 5194 3004 5252 δὲ
3041 5197 3130 5252 καὶ
3183 5197 3262 5271 τῷ
3316 5197 3502 5270 οἰκείῳ
3547 5193 3820 5252 συνειδότι

2161 5288 2570 5362 πληττόμενος,
2604 5287 2754 5343 λύειν
2809 5286 2903 5360 μέν
2951 5285 3262 5362 ἐπεχείρει’
3321 5282 3463 5360 μηδὲ
3517 5284 3619 5361 γὰρ
3675 5285 3820 5340 εἶναι

2162 5435 2257 5492 isti
2288 5434 2610 5490 cavendum
2635 5435 2866 5504 putant,
2895 5429 3070 5504 vellet
3107 5429 3383 5504 intelligi,
3403 5446 3517 5486 non
3553 5429 3688 5504 ipse
3708 5445 3820 5486 suo

2163 5506 2425 5562 tradituri
2481 5500 2736 5560 dedis—set
2797 5501 3051 5572 quodin
3109 5518 3275 5558 suam
3305 5500 3422 5557 'ille
3473 5500 3817 5572 perniciem,

2163 5578 2289 5634 sine
2327 5576 2498 5648 culpa
2529 5577 2759 5648 dantis,
2794 5589 2929 5630 cum
2979 5574 3142 5648 digni
3191 5572 3475 5648 indignus
3505 5573 3819 5648 accepit)?

2160 5650 2270 5722 (Id.
2303 5649 2404 5706 lib.
2425 5643 2480 5719 '1,
2511 5648 2584 5706 De
2631 5646 2807 5704 aduu.
2863 5643 3092 5718 conjuj.
3147 5643 3218 5700 ad
3245 5643 3478 5702 Pellem.
3539 5659 3670 5716 cap.
3697 5644 3822 5717 27.)
