4070 6274
173 369 282 429 ’121

1209 369 1830 434 ECCLESIASTICIE
1875 373 2271 436 HISTORLE
2317 372 2459 435 [ΑΒ.
2507 375 2556 435 Ι.

3469 379 3587 442 722

170 505 237 560 τά
290 502 616 579 ἐγκλήματα
669 506 774 562 ὐπὸ
807 505 1026 560 θάνατον
1065 503 1266 582 ἄγοντα
1297 523 1311 537 ’
1346 505 1408 560 ού
1443 507 1550 580 μὴν
1593 503 1650 561 δὲ
1681 505 1824 560 ἀλλᾶ

1942 509 2212 581 omnique
2259 509 2623 565 humanitate
2655 509 2910 565 alienum
2943 513 3222 568 latratum
3248 529 3448 570 eorum
3479 531 3588 571 au-

168 594 258 647 καέ
291 591 518 668 Ἡρώδῃ
551 591 803 664 τηνικάδε
839 599 958 655 τοῖς
1006 592 1413 667 Ἰεροσολύμοις
1463 592 1822 666 ἐπιδημοῦντι

169 689 368 738 τοῦτον
421 682 910 758 ἀπέπεμπεν,ὥστ’
962 682 1180 762 ἐλέγχῳ
1211 687 1540 761 γνωσθῆναι,
1573 686 1618 740 εἰ
1667 684 1824 740 θανά-

171 794 268 828 του
298 795 354 828 τι
391 773 536 844 ἄξιον
565 772 890 850 διεπράξατο
925 796 937 808 ·
972 775 1047 834 ὡς
1080 772 1137 828 δὲ
1165 776 1252 829 καὶ
1307 773 1466 836 οὗτος
1497 772 1652 830 οὐδὲν
1687 773 1827 850 εὕρι-

172 884 285 931 σκε,
325 861 552 936 Πιλατῳ
608 862 761 926 αὖθις
817 863 1134 938 παρίστατο.
1195 864 1292 919 Καὶ
1351 865 1410 928 ὃς
1463 867 1562 934 τήν
1619 866 1826 941 ἡμέραν

170 955 270 1006 τσῦ
324 951 520 1027 Πάσχα
561 947 909 1026 προύϐῃλετο
943 971 955 984 ·
994 953 1044 1008 οἱ
1079 949 1135 1007 δὲ
1180 957 1260 1024 τῷ
1307 959 1407 1022 τῆς
1449 955 1827 1016 καθοσιώσεως

179 1045 400 1120 ὑπῆγον
461 1043 614 1108 αὖθις
671 1043 1006 1121 ἐγκλήματι,
1063 1047 1153 1100 ἅτε
1201 1043 1268 1112 δὴ
1331 1045 1559 1120 βασιλέα
1637 1046 1823 1102 ἑαυτὸν

175 1133 510 1188 καθιστάντα
572 1152 585 1166 ’
657 1134 747 1189 καὶ
809 1133 1070 1189 ἀπολύειν
1139 1133 1472 1209 αἲρουμένῳ,
1539 1137 1824 1210 ’Δμαρτεῖν

175 1223 396 1285 πάντως
449 1222 646 1278 ἐσεῖται
703 1228 772 1297 τῇ
833 1222 992 1296 φιλίᾳ
1067 1228 1163 1278 τοῦ
1247 1223 1532 1297 Καίσαρος,
1617 1221 1823 1300 ἔλεγον.

171 1312 328 1366 Ταῦτ’
363 1311 392 1366 ὁ
449 1311 688 1374 Πιλᾶτος
731 1311 1128 1386 ἠνωτισμένος,
1174 1313 1264 1366 καὶ
1315 1310 1492 1373 δείσας
1547 1315 1620 1386 μή
1655 1335 1706 1368 τι
1737 1312 1826 1368 καὶ

177 1401 382 1473 μώμου
416 1399 566 1472 αὖτῷ
617 1397 971 1477 προπριῦείη
1019 1398 1110 1456 διὰ
1158 1401 1250 1456 τὸν
1304 1401 1560 1476 Καίσαρα,
1609 1407 1826 1456 καντεῦ-

181 1490 268 1544 θεν
301 1489 393 1544 καὶ
428 1493 538 1544 τῶν
580 1487 781 1567 δίφρων
840 1497 940 1560 τῆς
998 1489 1294 1564 ἡγεμονίας
1350 1488 1716 1560 ἐκκυλισθείη,
1749 1495 1828 1564 τῷ

179 1577 478 1654 φιλαρχεῖν
525 1578 616 1632 καὶ
661 1579 972 1652 ἀνθρώποις
1020 1579 1242 1652 ἀρεστὸς
1294 1577 1470 1634 δοκεῖν
1521 1581 1698 1648 ἥττων
1739 1600 1828 1652 γε·

177 1666 435 1740 νόμενος,
481 1666 849 1746 φραγγέλλιον
920 1671 1017 1722 τοῦ
1078 1667 1368 1742 τραχήλου
1431 1667 1647 1742 ἐξάψας,
1711 1675 1830 1732 τοῖς

183 1754 496 1834 μιαιφόνοις
527 1756 690 1824 ἀνῆκε
725 1772 736 1784 ·
763 1756 852 1809 καὶ
885 1755 946 1810 τὸ
977 1755 1313 1830 πραιτώριον
1364 1755 1528 1811 πάλιν
1562 1757 1708 1830 εἶχεν
1743 1755 1831 1812 αὖ·

181 1844 295 1912 τὸν,
343 1847 444 1898 τοῦ
495 1841 711 1900 πολλοῦ
761 1840 940 1919 ὄχλου
989 1845 1077 1898 καὶ
1129 1845 1398 1920 σύρφακος
1451 1844 1534 1900 ἐπ’
1573 1844 1834 1917 αύτὸν,εἷ¹
1865 1885 1908 1948 Β

327 1933 512 1948 ,ηις
735 1931 828 1948 κ..
953 1932 1007 1948 ..κ
1210 1932 1251 1948 η
1366 1935 1376 1948 .
1697 1933 1755 1948 .._

183 1955 234 1988 τι
255 1935 344 1988 καὶ
384 1933 682 2008 βούλοιντο
732 1931 884 2007 δρᾷν,
945 1932 1125 1988 ἄδειαν
1181 1932 1497 2010 εἰληφότος.
1535 1934 1633 1990 Καὶ
1692 1933 1829 2004 δῆτα

187 2023 235 2078 οἷ
269 2024 367 2094 μὲν
417 2023 486 2077 τὰ
524 2023 718 2095 ἱμάτια
767 2022 927 2078 αὐτὸν
976 2021 1376 2098 περιδύσαντες,
1421 2023 1511 2078 καί
1541 2045 1660 2078 τινα
1691 2023 1830 2102 χλα-

191 2109 328 2184 μύδα
394 2111 653 2181 κοκκίνην
713 2113 788 2174 ὡς
835 2110 1142 2188 πορφυρίδα
1205 2111 1626 2186 ἀμφιασάμενοι,
1677 2114 1831 2167 ἀκαν-

189 2201 316 2273 θίνῳ
362 2221 424 2256 τε
472 2202 715 2280 στεφάνῳ
772 2202 870 2269 τήν
918 2199 1159 2278 κεφαλήν
1203 2203 1276 2263 ὡς
1327 2201 1543 2275 βασιλεῖ
1585 2201 1831 2275 περιστέ-

189 2291 406 2361 ψαντες,
441 2289 694 2363 κάλαμόν
721 2311 777 2344 τε
818 2289 1088 2368 ἐχείριζον
1149 2288 1330 2364 ὥσπερ
1399 2299 1672 2365 σκῆπτρον
1731 2293 1828 2366 βα-

193 2376 402 2433 σιλικόν
447 2396 458 2411 ·
527 2380 581 2432 οἱ
640 2376 698 2433 δῖε
741 2379 874 2454 γόνυ
940 2379 1237 2449 κλίνοντες,
1297 2382 1395 2450 τὴν
1465 2382 1830 2453 προσκύνησιν

192 2465 462 2541 ἆφωσίουν
486 2469 946 2543 αύτῷ,Χαῖρε,ὁ
973 2469 1293 2544 βυσιλεὺς
1314 2473 1439 2524 τῶν
1461 2466 1828 2538 Ἰουδαίων,

199 2552 637 2626 διατωθάζοντες.
672 2556 876 2614 ’Ἀλλοι
904 2557 1179 2630 καλάμοις
1209 2559 1302 2627 τὴι
1353 2561 1595 2630 κεφαλὴν
1635 2559 1830 2613 παίον·

195 2663 281 2706 τες
312 2643 657 2722 ἐπεκρότοφν.
691 2646 813 2702 Εἰσὶ
852 2643 910 2700 δὲ
967 2646 1019 2700 οἳ
1059 2646 1147 2700 καὶ
1197 2648 1514 2719 ῥαπίζοντες
1559 2648 1654 2709 τὰς
1714 2668 1833 2701 σια-

203 2731 388 2806 γόνας,
447 2733 648 2809 γέλωτι
729 2742 977 2809 μυκτῆρα
1047 2736 1563 2810 παραζευγνύοντες,
1615 2736 1834 2791 ἐπυνθά-

201 2825 882 2898 νοντο,11ροφήνευσον
916 2825 1106 2894 ἡμῖν,
1152 2825 1416 2895 Χριστέ,
1447 2825 1554 2886 τίς
1585 2824 1771 2879 ἐστιν
1803 2825 1832 2880 ὁ

208 2908 440 2971 παίσας
471 2932 552 2970 σε.
585 2913 714 2967 Εἶτα
759 2917 875 2974 τοῖς
932 2909 1091 2974 ἰδίοις
1131 2911 1286 2974 αὖθις
1342 2917 1534 2968 τοῦτον
1593 2913 1833 2986 ἱματίοις

207 2995 626 3074 ἀμφιασάμενοι,
655 3001 745 3055 τὸν
777 3001 1007 3076 σταυρὸν
1058 3001 1142 3056 ἐπ’
1203 3000 1370 3070 ὤμων
1431 2996 1600 3075 αἶ’ρειν
1644 3001 1832 3058 ⁴διεκε-

207 3085 420 3142 λεύοντο
456 3107 468 3121 ·
517 3089 609 3143 καὶ
658 3097 758 3157 τῆς
808 3089 990 3159 πύλης
1036 3087 1286 3164 ἐξήγετο.
1338 3091 1489 3146 Ἐπεὶ
1539 3089 1596 3145 δὲ
1634 3093 1722 3146 καὶ
1757 3091 1834 3154 εἷς

199 3176 286 3231 τὸν
336 3177 559 3252 Κρανίου
606 3178 772 3233 τόπον
827 3181 879 3234 o't
933 3179 1209 3257 μιαιφόνοι
1277 3178 1603 3252 κατέλαϐον,
1649 3182 1736 3236 καὶ
1805 3183 1833 3238 ὁ

1937 597 2125 665 cliens,
2159 613 2425 670 quaenam
2478 599 2606 668 ejus
2655 613 2834 654 causa
2877 603 3050 668 esset,
3095 604 3281 672 rogat.
3317 603 3586 660 Servator

1935 691 2128 742 autem
2161 702 2296 742 eum
2329 703 2607 756 responso
2639 703 2752 742 non
2784 687 3080 760 dignatur.
3103 689 3342 746 Interim
3369 691 3590 749 clamor

1935 776 2007 830 ad
2039 791 2266 832 crucem
2311 791 2440 832 cum
2474 777 2986 834 condemnandum
3017 795 3165 848 esse,
3201 781 3415 838 minaci
3446 781 3589 838 hor—

1935 863 2207 936 ribilique
2255 881 2404 921 voce
2463 865 2926 936 deposcentium,
2987 868 3424 927 exaudiebatur.
3487 871 3589 927 Ille

1935 958 2152 1023 autem,
2185 970 2322 1011 cum
2369 972 2402 1010 a
2443 955 2692 1027 conjuge
2741 973 2849 1012 sua
2890 957 3089 1014 Procle
3133 975 3236 1030 per
3282 959 3588 1016 internun-

1937 1043 2105 1112 tium,
2139 1061 2210 1101 ne
2240 1044 2379 1115 quid
2413 1044 2639 1101 adversi
2665 1051 2868 1101 contra
2896 1045 3195 1104 hominem
3217 1049 3451 1120 justum
3481 1049 3586 1106 de-

1935 1137 2216 1201 cerneret,
2277 1133 2642 1202 admonitus,
2691 1131 2862 1192 108
2923 1143 3047 1191 tum
3103 1153 3209 1192 sua
3266 1138 3390 1208 ipse
3443 1155 3585 1196 con—

1936 1221 2176 1278 scientia
2207 1220 2531 1294 perculsus,
2563 1221 2858 1278 absolvere
2895 1239 3030 1278 eum
3065 1225 3402 1293 contendit;
3437 1225 3584 1282 nihil

1936 1311 2093 1366 enim
2140 1309 2408 1381 capitalis
2457 1309 2806 1367 efferebatur
2855 1311 3138 1368 criminis.
3175 1313 3284 1370 Sed
3318 1313 3476 1371 enim
3509 1315 3582 1370 ad

1936 1399 2242 1467 Herodem,
2275 1399 2376 1470 qui
2407 1403 2532 1454 tum
2558 1398 2976 1472 Hierosolymis
3003 1401 3427 1472 diversabatur,
3449 1419 3584 1460 eum

1941 1487 2141 1557 mittit,
2195 1493 2263 1544 ut
2310 1489 2408 1544 ille
2455 1489 2811 1560 anquireret,
2862 1491 2912 1546 si
2965 1491 3107 1563 quid
3158 1494 3388 1565 capitali
3441 1512 3584 1568 sup-

1938 1577 2110 1651 plicio
2159 1578 2404 1650 dignum
2455 1578 2870 1635 commisisset.
2907 1579 2980 1635 Ut
3025 1597 3156 1637 vero
3207 1599 3280 1638 ne
3325 1583 3422 1638 ille
3452 1587 3589 1657 qui—

1937 1669 2068 1724 dem
2101 1667 2420 1740 quidquam
2452 1667 2694 1734 invenit,
2729 1667 2884 1738 apud
2915 1668 3168 1726 Pilatum
3200 1687 3406 1729 rursus
3436 1673 3586 1729 sisti-

1941 1766 2050 1814 tur.
2083 1758 2232 1813 Tum
2267 1755 2349 1811 illi
2382 1756 2600 1812 crimen
2633 1755 2685 1810 ei
2715 1755 2861 1813 laesa
2903 1759 3224 1829 majestatis
3255 1761 3585 1831 intendunt,

1939 1853 2217 1916 tanquam
2276 1860 2472 1916 regem
2514 1844 2771 1916 eeipsum
2804 1847 3172 1903 constituerit
3203 1863 3217 1903 :
3249 1853 3308 1905 et
3337 1849 3586 1906 Pilatum

1940 1934 2010 1990 ad
2053 1932 2476 1990 absolvendum
2525 1950 2904 2006 propensum,
2938 1940 3138 1993 contra
3167 1937 3408 1995 Caesaris
3439 1941 3591 1995 arni-

1938 2022 2135 2079 citiam
2185 2023 2499 2085 facturum,
2531 2022 2580 2078 si
2630 2039 2760 2079 eum
2807 2025 3144 2096 dimitteret,
3177 2027 3394 2083 dicunt.
3427 2029 3587 2092 Quod

1938 2111 2034 2170 ubi
2076 2110 2300 2170 Pilatus
2347 2111 2590 2179 audivit,
2624 2117 2890 2170 metuens
2939 2131 3012 2171 ne
3042 2116 3260 2172 malam
3291 2134 3327 2174 a
3354 2118 3586 2176 Tiberio

1937 2201 2110 2257 iniret
2164 2200 2436 2273 gratiam,
2485 2201 2842 2273 proindeque
2899 2203 3254 2275 praefecturas
3303 2205 3586 2279 dignitate

1937 2289 2263 2348 excideret:
2291 2295 2466 2362 atque
2495 2291 2774 2348 honorem
2797 2291 3106 2362 retinendi,
3129 2293 3585 2368 hominibusque

1939 2377 2200 2450 placendi
2230 2379 2422 2434 studio
2453 2379 2660 2448 victus,
2693 2379 2988 2452 ﬂagellum
3021 2381 3090 2438 de
3119 2382 3266 2440 collo
3295 2385 3424 2454 ejus
3451 2402 3586 2440 sus-

1940 2467 2160 2540 pendit,
2210 2475 2264 2524 et
2313 2467 2708 2538 sanguinariis
2753 2469 3126 2526 carniﬁcibus
3175 2472 3584 2545 ﬂagellandum

1940 2556 2244 2629 permittit.
2270 2557 2471 2628 Etjam
2506 2573 2708 2612 rursus
2740 2558 2797 2612 in
2831 2560 3098 2630 praetorio
3129 2558 3397 2618 Salvator
3425 2567 3584 2618 erat:

1943 2645 2374 2717 multitudoque
2430 2650 2485 2701 et
2543 2645 2813 2702 vilissimi
2867 2648 3083 2720 quique
3141 2666 3209 2706 ex
3265 2650 3431 2720 plebe
3483 2651 3590 2707 im-

1943 2735 2264 2808 punitatem
2314 2734 2422 2791 sibi
2471 2736 2865 2808 quodcunque
2894 2736 3108 2792 vellent
3136 2739 3416 2796 adversus
3455 2755 3589 2795 eum

1943 2822 2187 2882 faciendi
2235 2831 2629 2894 sumpserant.
2663 2823 2746 2880 Ibi
2794 2839 2864 2881 ex
2909 2825 3158 2898 impuris
3203 2825 3320 2884 illis
3350 2829 3589 2900 quidam

1941 2913 2290 2970 vestimenta
2335 2911 2388 2968 ei
2419 2913 2754 2976 detrahunt,
2787 2917 2962 2986 atque
3009 2914 3356 2988 chamydem
3397 2919 3590 2974 cocci-

1942 3018 2110 3060 neam
2155 3003 2214 3058 in
2267 3017 2486 3058 morem
2547 3019 2820 3074 purpurae
2871 3002 3254 3061 circumdant.
3311 3005 3590 3062 Praeterea

1943 3109 2154 3150 corona
2183 3091 2384 3164 spinea
2414 3095 2590 3164 caput
2617 3093 2742 3162 ejus
2783 3096 3066 3164 tanquam
3101 3093 3254 3166 regis
3284 3100 3586 3162 coronant,

1943 3186 1999 3238 et
2031 3181 2382 3237 arundinem
2429 3181 2640 3254 sceptri
2685 3179 2810 3237 loco
2842 3181 2904 3236 in
2945 3182 3219 3238 manibus
3249 3189 3540 3254 reponunt
3569 3201 3583 3239 :

201 3267 417 3341 σταυρὸς
467 3269 868 3344 κατεπήγνυτο,
935 3266 1226 3343 ἂνήρτᾶτο,
1289 3274 1404 3332 τοῖς
1459 3270 1619 3339 ἥλοις
1688 3270 1831 3326 ἐπεί-

1943 3269 2210 3326 nonnulli
2259 3268 2503 3340 genibus
2550 3270 2714 3326 ﬂexis
2743 3269 3142 3328 adorationem
3169 3278 3332 3344 gestu
3363 3273 3414 3330 ei
3445 3273 3586 3330 oﬁ‘e-

201 3356 332 3425 ρετὸ,
365 3356 453 3410 καὶ
506 3357 650 3432 παρὰ
690 3362 795 3412 τῶν
849 3357 1150 3430 παριόντων
1187 3357 1416 3413 πλεῖστα
1457 3357 1831 3430 διετωθάζετο.

199 3444 301 3498 Ἱνα
331 3442 388 3500 δὲ
417 3446 508 3500 καὶ
542 3447 615 3507 ὡς
649 3451 945 3520 κακοῦργος
979 3445 1282 3521 λογίζοιτο,
1319 3445 1414 3502 δύο
1455 3449 1658 3522 λῃστὰς
1708 3443 1836 3522 παρ’

203 3531 417 3608 ἑκάτερα
445 3536 538 3590 τὸν
575 3535 689 3590 ἴσον
719 3537 922 3608 τρόπον
963 3536 1224 3606 ἐκόλαζον
1261 3577 1274 3592 .
1326 3537 1416 3592 καὶ
1461 3537 1650 3599 τίτλος
1702 3541 1834 3612 ὑπὲρ

203 3621 432 3700 κεφαλῆς
463 3625 562 3692 τήν
599 3624 770 3678 αἰτίην
802 3632 902 3694 τῆς
941 3623 1238 3696 καταδίκης
1287 3631 1526 3698 τριττοῖς
1581 3627 1837 3700 ἐσήμαινε

203 3712 501 3784 γράμμασι.
546 3718 660 3768 Τῶν
712 3712 930 3779 ληστῶν
983 3711 1030 3768 δ’
1077 3715 1105 3768 ὁ
1167 3716 1260 3786 μὲν
1310 3715 1665 3790 ὁμολογήσας
1705 3715 1834 3772 Θεὸν

200 3801 286 3856 τὸν
319 3801 616 3873 ,καταδικον
662 3805 754 3858 τὸν
801 3803 1130 3878 παράδεισον
1185 3805 1372 3875 ἐσύλα,
1406 3808 1495 3859 καὶ
1544 3805 1694 3861 ἔνδον
1739 3809 1837 3861 ἀνὰ

204 3891 392 3962 κράτος
441 3892 764 3962 εἰσήλαυνεν
799 3913 810 3924 ·
862 3891 1046 3968 ἕτερος
1101 3891 1157 3948 δὲ
1197 3895 1272 3956 ὡς
1309 3895 1640 3972 βλάσφημος
1672 3897 1834 3970 ὑπερ-

203 3977 550 4056 ώφθη.Ἐπεὶ
581 3981 639 4036 δὲ
688 3984 894 4037 ἅπαντα
924 3984 1088 4058 πέρας
1138 3983 1276 4057 εἶχε,
1323 3989 1523 4058 Διψῶ,
1573 3983 1833 4062 ἐπιλέγει.

207 4069 270 4124 0".
298 4065 352 4124 δὲ
379 4076 572 4148 ταγεῖς
602 4069 678 4133 εἷς
709 4069 897 4126 κακίαν
949 4071 1068 4141 ὄξος
1099 4071 1249 4147 χολῇ
1307 4075 1601 4146 συγκραθὲν
1647 4074 1840 4129 αὐτίκα

203 4161 563 4235 προσάγουσιν
596 4179 609 4191 ⁸
647 4159 738 4230 ξοῖς
771 4157 915 4230 ὕδωρ
967 4161 1020 4215 ἐν
1072 4159 1287 4234 ἀνύδρῳ
1332 4162 1500 4217 πάλαι
1551 4161 1840 4234 διψήσασιν

202 4241 338 4320 ἔρῥει
366 4249 536 4322 πέτρα
565 4249 880 4324 πηγάζὸυσα
915 4268 926 4279 ·
962 4251 1050 4303 καὶ
1105 4251 1156 4304 οἱ
1205 4251 1268 4304 τὸ
1323 4251 1448 4322 μέλι
1503 4251 1838 4322 θηλάσαντες

199 4335 292 4402 τήν
338 4335 519 4410 χολὴν
559 4344 859 4410 προσῆγον.
913 4339 1138 4393 Ἔπειτα
1189 4339 1328 4414 μέγα
1377 4339 1709 4413 ἀνακραγὼν,
1744 4340 1834 4394 καὶ

204 4423 273 4484 εἷς
322 4431 511 4503 χεῖρας
539 4426 602 4480 τὸ
650 4431 861 4498 πνεῦμα
915 4432 994 4499 τῷ
1051 4428 1222 4502 Πατρὶ
1271 4427 1661 4502 παραθέμενος,
1696 4429 1838 4506 ἀφίει

207 4511 266 4566 τὸ
295 4517 410 4586 ζῇν,
447 4515 538 4569 καὶ
587 4515 776 4589 νεκρὸς
824 4513 908 4588 ἐφ’
959 4517 1149 4570 ἰκανοῦ
1194 4517 1518 4590 ἀπῃώρητο.
1565 4520 1838 4573 Ἐντεῦθεν

1943 3363 2100 3428 runt,
2141 3360 2264 3425 Ave,
2298 3376 2397 3414 rex
2440 3358 2790 3426 Iudaeorum,
2821 3375 2957 3416 cum
3002 3361 3120 3417 risu
3169 3361 3590 3418 contumelioso

1941 3451 2294 3523 ingerentes.
2326 3448 2516 3519 Aliqui
2569 3448 2854 3504 arundine
2883 3455 3058 3522 caput
3100 3451 3396 3522 pulsantes
3429 3450 3590 3522 plau-

1941 3555 2073 3595 sum
2139 3537 2383 3594 addunt.
2431 3538 2611 3592 Erant
2671 3538 2770 3608 qui
2831 3536 3092 3610 colaphis
3151 3537 3418 3594 maxillas
3464 3539 3590 3609 ejus

1940 3632 2244 3689 caedentes.
2276 3627 2728 3700 irrisionemqus
2759 3645 2904 3686 naso
2935 3645 3038 3701 per
3067 3647 3275 3686 sannae
3306 3645 3588 3701 suspenso

1935 3721 2251 3790 jungentes
2309 3721 2632 3788 quaererent
2681 3733 2694 3771 :
2754 3718 3063 3775 Vaticinare
3119 3719 3299 3787 nobis,
3359 3719 3585 3776 Christe.

1941 3809 2064 3881 quis
2093 3811 2169 3863 est
2216 3809 2310 3880 qui
2355 3810 2406 3860 te
2433 3806 2738 3877 percussit?
2771 3807 2971 3863 Postea
3001 3808 3124 3864 suis
3171 3808 3367 3880 ipsum
3415 3808 3589 3864 vesti-

1944 3898 2056 3952 bus
2109 3911 2342 3951 rursum
2393 3894 2690 3964 indutum,
2719 3912 2949 3952 crucem
2986 3897 3043 3951 in
3086 3896 3364 3953 humeros
3394 3896 3592 3953 tollere

1936 3985 2168 4057 jubent,
2219 3988 2277 4039 et
2323 3988 2480 4038 extra
2529 3991 2752 4056 portam
2807 3986 3156 4054 producunt.
3209 3985 3591 4057 Posteaquam

1945 4078 2136 4130 autem
2195 4071 2268 4128 ad
2323 4072 2592 4127 Calvarias
2652 4073 2843 4129 locum
2895 4079 2984 4128 est
3027 4079 3286 4140 ventum,
3335 4074 3413 4130 ibi
3457 4091 3596 4130 crux

1945 4161 2354 4232 compingitur.
2381 4162 2649 4218 Servatur
2679 4161 2737 4217 in
2770 4179 2896 4218 eam
2931 4162 3260 4219 sustollitur
3288 4163 3390 4237 (i),
3423 4164 3594 4218 clavis

1947 4251 2228 4319 afﬁgitur,
2279 4255 2338 4304 et
2389 4267 2422 4306 a
2470 4253 2956 4321 praetereuntibus
3003 4251 3274 4323 plurimis
3318 4254 3598 4310 conviciis

1945 4339 2293 4410 exagitetur.
2327 4337 2398 4394 Ut
2445 4357 2577 4395 vero
2623 4339 2930 4396 maleficus
2959 4341 3135 4397 etiam
3168 4343 3601 4398 existimaretur

1947 4445 2094 4496 esse,
2147 4429 2294 4483 duos
2344 4427 2600 4484 latrones
2645 4429 2712 4484 ad
2761 4434 2980 4500 partem
3032 4436 3338 4503 utramque
3397 4434 3598 4488 eodem

1945 4516 2216 4588 supplicii
2279 4532 2492 4588 genere
2549 4521 2845 4590 torquent.
2907 4518 3142 4576 Titulus
3205 4535 3373 4590 porro
3429 4535 3606 4590 supra

205 4603 304 4654 τῶν
382 4624 462 4664 τις
547 4608 890 4676 στρατιωτῶν
968 4608 1050 4675 τῷ
1114 4601 1388 4659 Ἰουδαίων
1474 4607 1834 4680 χαριζόμενος

207 4682 254 4700 ..λ
429 4693 442 4700 -
571 4689 588 4700 .
712 4689 724 4700 .
831 4688 1196 4700 _..-....
1541 4693 1790 4700 ._-._

1949 4609 2124 4676 caput
2170 4605 2299 4676 ejus
2357 4607 2630 4674 positus;
2667 4607 3169 4688 condemnationis
3217 4623 3452 4662 causam
3501 4606 3602 4660 tri-

204 4682 356 4755 ἔθνει,
385 4693 486 4759 τήν
527 4689 762 4762 πλευρὰν
793 4693 862 4762 τῇ
896 4689 1077 4766 λόγχῃ
1106 4688 1369 4765 διώρυττε
1401 4711 1412 4722 ·
1465 4693 1554 4745 καὶ
1595 4695 1662 4765 τῇ
1715 4693 1845 4762 θίξει

205 4777 334 4844 αἷμα
362 4781 452 4834 καὶ
507 4775 652 4851 ὕδωρ
703 4779 1032 4853 παραδόξως
1083 4775 1356 4852 ἓξέὸλυζε.
1411 4779 1627 4836 Πάντων
1675 4779 1722 4834 δ’
1771 4781 1852 4835 ἐκ·

207 4861 377 4920 ποδὼν
406 4865 714 4944 γενομένων
744 4871 823 4938 τῷ
852 4863 1020 4946 φόϐῳ
1049 4873 1158 4924 τῶν
1201 4873 1492 4944 φονευτῶν,
1528 4871 1666 4942 μόνη
1716 4890 1852 4942 παρ-

207 4949 268 5017 ἦν
315 4956 348 5023 ἡ
403 4958 591 5031 μήτηρ
651 4957 738 5010 καὶ
797 4957 826 5010 ὁ
887 4955 1238 5030 φιλούμανος
1295 4959 1561 5030 μαθητὴς,
1623 4958 1687 5012 τὰ
1746 4959 1850 5032 πρὸ

207 5047 300 5108 τῆς
355 5045 670 5118 νεκρώσεως
721 5044 810 5098 καὶ
859 5045 990 5118 μετᾶ
1041 5047 1143 5115 τὴν
1205 5047 1466 5120 νέκρωσιν
1533 5045 1846 5122 ὀφθαλμοῖς

213 5127 422 5195 οἰκείοις
479 5129 676 5188 ἕκαστα
736 5134 1083 5208 θεωροῦντες.
1147 5136 1224 5192 Τό
1285 5155 1345 5208 γε
1406 5137 1513 5209 μὴν
1569 5136 1700 5208 αἷμα
1759 5135 1848 5190 καὶ

213 5214 370 5295 ὕδωρ,
399 5228 500 5292 τῆς
532 5220 770 5295 πλευρᾶς
815 5221 996 5298 ὥσπερ
1043 5221 1120 5278 ἔτι
1174 5227 1378 5292 ζῶντος
1422 5229 1624 5286 καινῶς
1675 5225 1850 5299 ἀπορ-

213 5305 409 5380 ῥέοντα,
437 5312 586 5366 ταῦτ’
641 5310 838 5366 ἐκεῖνοι
889 5310 1010 5366 λίαν
1064 5309 1311 5375 εύλαϐὦς
1359 5335 1417 5369 τε
1464 5312 1577 5388 ἅμα
1618 5314 1708 5369 καὶ
1759 5335 1850 5392 φι-

216 5391 449 5472 λοτίμως
508 5399 680 5456 σκεύει
729 5401 1011 5475 ἀρύονται.
1092 5404 1318 5457 Ἔπειτα
1401 5404 1492 5458 καὶ
1571 5391 1778 5478 μήτηρ
1812 5406 1846 5474 ἡ

1958 4693 2090 4765 plici
2139 4692 2461 4749 litterarum
2511 4711 2720 4766 genere
2751 4683 3066 4750 india-ibat.
3101 4695 3182 4750 Ex
3230 4693 3604 4767 praedonibus

1959 4798 2088 4838 vero
2119 4781 2284 4849 alter,
2310 4783 2498 4853 ipsum
2524 4784 2623 4854 qui
2647 4783 2732 4839 sic
2762 4784 3184 4840 condemnatus
3215 4787 3389 4848 esset,
3419 4783 3602 4838 Deum

1954 4870 2280 4942 professus,
2315 4873 2652 4944 paradisum
2701 4873 2873 4945 rapit,
2906 4889 3161 4944 eumque
3207 4887 3310 4944 per
3357 4871 3472 4928 vim
3520 4871 3606 4927 in-

1953 4962 2216 5034 greditur
2247 4977 2260 5017 :
2295 4963 2442 5019 alter
2494 4967 2712 5032 autem,
2746 4967 2811 5020 ut
2862 4945 3242 5035 blasphemus
3267 4961 3604 5035 despicitur.

1954 5052 2235 5106 Caeterum
2257 5067 2393 5108 cum
2417 5053 2614 5109 omnia
2642 5054 2760 5123 jam
2783 5056 3184 5110 consummata
3207 5059 3419 5119 essent,
3443 5051 3608 5118 Sitio,

1953 5141 2166 5214 inquit.
2204 5143 2289 5198 llli
2324 5160 2490 5216 porro
2523 5145 2593 5199 ad
2627 5143 2910 5200 malitiam
2943 5143 3184 5212 celeres,
3217 5145 3445 5200 acetum
3479 5140 3611 5196 ielle

1952 5231 2195 5287 mistum
2227 5232 2537 5288 confestim
2591 5232 2839 5288 aﬂ‘erunt
2870 5249 2884 5288 :
2925 5229 3102 5288 I09
3131 5230 3342 5302 quibus
3369 5228 3509 5286 olim
3543 5230 3606 5286 in

1954 5319 2096 5376 locis
2144 5319 2326 5377 aridi
2376 5320 2470 5376 siti
2521 5321 2762 5394 pressis,
2796 5327 2956 5394 petra
2989 5322 3206 5376 fontem
3241 5319 3606 5391 provolvens,

1951 5423 2162 5480 aquam
2208 5408 2780 5466 subministraverat.
2817 5411 2887 5466 Et
2936 5409 3008 5466 fel
3048 5408 3332 5482 praebent,
3365 5408 3465 5480 qui
3499 5406 3612 5463 mel

289 5603 364 5686 (ί)
396 5627 423 5654 ‹‹
456 5607 920 5686 Jesue__verhum
968 5605 1482 5686 Dei__incarnatum
1532 5622 1886 5680 suspensum
1934 5616 2018 5665 est
2067 5625 2247 5682 super
2294 5609 2544 5684 lignum.
2580 5611 2839 5686 »(lren.)
2873 5607 3264 5668 «Periculum
3311 5623 3444 5665 vero
3493 5608 3608 5664 Deo

228 5675 407 5733 status
436 5680 528 5736 sui
561 5677 789 5736 nullum
817 5677 948 5738 fuit.
979 5700 1008 5730 ι)
1039 5677 1248 5754 (Tert.)
