4070 6274
379 329 494 388 727
1185 337 1204 354 ‘
1675 317 2094 382 NICEPHORI
2135 318 2489 382 CALLISTI

381 463 663 527 nostram,
711 461 949 531 excepto
990 459 1246 529 peccato,
1298 459 1654 528 susceperat,
1687 453 1940 510 vivificas
1967 455 2024 508 et
2053 453 2103 519 Α

386 549 678 607 salutares
710 545 1112 620 perpessiones
1158 545 1219 601 in
1263 553 1575 618 conspectu
1609 544 1878 601 omnium
1916 559 2057 599 sus-

383 640 582 707 tinuit,
632 639 712 694 ita
759 641 826 693 ut
874 634 1298 692 recensuimus.
1354 634 1637 692 Caeterum
1670 634 1904 692 vitalem
1937 633 2044 688 tri-

384 731 758 799 duanamque
787 741 856 781 ex
887 724 1132 780 mortuis
1165 726 1649 782 resurrectionem
1692 741 1888 790 suam,
1931 740 2046 778 non

386 815 663 874 omnibus
693 814 953 886 profanis
983 811 1161 868 simul
1191 815 1248 868 et
1277 812 1458 868 sacris
1481 813 1682 870 eodem
1719 813 1892 868 modo
1921 825 2051 885 per'

388 904 748 976 spiciendam
783 901 1046 975 permisit
1079 917 1092 954 :
1145 901 1300 972 quod
1352 917 1458 957 nec
1507 918 1759 974 aequum,
1798 918 1904 957 nec
1941 918 2055 956 su-

387 993 607 1059 blimis,
643 991 848 1063 divini,
873 990 1091 1062 etjusti
1111 989 1314 1062 judicii
1339 989 1439 1046 Dei
1460 1007 1585 1046 esse
1615 991 1908 1048 creditum
1941 991 2014 1045 sit
2035 1015 2050 1042 9

391 1082 642 1156 impuris
670 1081 1032 1154 ingratisque
1053 1080 1244 1137 oculis
1267 1079 1412 1136 talia
1433 1080 1814 1147 committere,
1847 1085 1904 1136 et
1926 1091 2051 1152 ρει·-

401 1170 660 1229 νετείιιιιὶ
690 1170 882 1228 cordis
933 1171 992 1226 in
1027 1169 1346 1242 perieulum
1377 1173 1436 1224 et
1471 1169 1886 1240 experientiam
1921 1186 2050 1224 rur-

399 1278 532 1318 sum
565 1265 837 1317 sanctum
880 1258 1112 1316 lsraelis
1161 1260 1410 1326 tradere,
1461 1263 1528 1314 ut
1574 1258 1634 1314 in
1663 1257 1902 1330 ancipiti
1937 1259 2046 1313 du-

398 1351 614 1423 biaque
637 1348 1020 1406 consistentes
1042 1347 1337 1419 opinione,
1355 1347 1846 1418 quemadmodum
1865 1345 2043 1402 etiam

405 1449 596 1509 antea,
629 1445 686 1496 et
715 1440 773 1495 in
805 1438 1259 1510 cogitationibus
1289 1437 1654 1494 variantibus
1683 1454 1800 1492 non
1823 1441 2045 1492 rectum

403 1527 1071 1598 adhibentesjudicium,
1103 1543 1237 1583 eum
1270 1527 1647 1598 reprobarent
1667 1531 1844 1598 atque
1873 1541 2044 1596 repu-

401 1619 629 1677 diarent
659 1635 672 1673 :
705 1617 822 1674 illis
852 1633 986 1674 vero
1009 1619 1110 1689 qui
1143 1623 1395 1673 mentem
1429 1620 1642 1673 rectam
1673 1620 1730 1672 et
1757 1631 1854 1672 cor
1873 1631 2047 1688 quam

401 1708 656 1766 maxime
703 1723 912 1780 purum
943 1707 1295 1776 obtinerent,
1326 1705 1541 1763 claram
1573 1711 1628 1762 et
1658 1705 1730 1762 ab
1755 1705 1915 1762 omni
1947 1722 2046 1762 an-

399 1797 557 1870 cipiti
603 1797 966 1853 dubitatione
1019 1795 1270 1852 alienam
1331 1795 1814 1852 resurrectionem
1875 1811 2042 1852 suam

401 1885 690 1952 exhibuit,
723 1885 954 1956 ﬁdeque
983 1896 1140 1941 certa
1171 1885 1562 1942 comsrobavit
1585 1901 1599 1940 :
1626 1884 1882 1956 primum
1913 1883 2043 1956 qui-

403 1975 536 2030 dem
591 1990 626 2030 a
675 1977 862 2030 matre
907 1977 964 2028 et
1007 1973 1244 2044 reliquis
1291 1975 1631 2043 conSpeetus
1661 1971 2044 2039 mulieribus;

403 2063 614 2120 deinde
659 2079 692 2117 a
741 2061 978 2119 delectis
1026 2061 1348 2131 discipulis,
1397 2061 1543 2116 alias
1591 2060 1740 2128 aliis,
1789 2076 1893 2132 per
1923 2060 2047 2115 dies

403 2151 795 2224 quadraginta
822 2151 1020 2218 visus;
1052 2151 1206 2209 112
1238 2166 1304 2206 ac
1334 2150 1524 2207 verbis
1555 2149 1718 2207 nevis
1744 2149 1930 2222 [atque
1957 2151 2046 2206 in-

403 2241 613 2309 solitis,
646 2240 942 2312 simulque
977 2241 1158 2312 signis
1189 2246 1245 2297 et
1277 2241 1554 2313 prodigiis
1584 2243 1852 2297 naturam
1886 2256 2048 2310 supc-

407 2330 697 2399 rantibus,
727 2347 962 2388 omnem
1009 2329 1129 2386 illis
1177 2331 1483 2404 (quantum
1535 2329 1660 2385 ﬁeri
1691 2328 1892 2401 potuit)
1933 2328 2044 2384 sol-

401 2437 543 2478 vens
575 2425 752 2493 atque
801 2421 1068 2478 adimens
1108 2420 1548 2476 resurrectionis
1579 2418 2042 2490 ambiguitatem.

404 2510 532 2569 Non
562 2509 655 2566 his
688 2515 878 2568 autem
912 2509 1077 2579 solis,
1101 2511 1202 2566 sed
1231 2510 1362 2567 aliis
1384 2525 1614 2582 quoque
1645 2507 1945 2564 miraculis
1967 2523 2046 2564 se-

405 2601 679 2673 pulcrum
713 2600 1061 2670 consecutis,
1091 2600 1267 2656 ﬁdem
1289 2599 1724 2657 resurrectionis
1753 2615 1875 2655 suae
1904 2615 2048 2655 con-

409 2690 684 2746 ﬁrmavit.
716 2689 850 2756 Quae
879 2705 1014 2747 vero
1043 2705 1109 2746 ea
1147 2688 1283 2756 sint,
1313 2689 1565 2760 agedum
1596 2687 1884 2744 dicamus.
1918 2687 2049 2744 Pri-

406 2795 589 2850 mum,
612 2778 872 2852 sigillum
905 2777 1174 2851 sepulcro
1194 2779 1570 2849 impressum,
1588 2778 1741 2848 quod
1764 2777 2046 2832 intactum

403 2868 722 2942 permansit
765 2885 779 2924 :
833 2871 892 2924 et
938 2867 1207 2924 custodia
1245 2866 1518 2922 militaris
1571 2865 1694 2936 illa,
1729 2869 1790 2921 et
1841 2881 2048 2934 genere

403 2957 752 3028 alienigena,
785 2973 913 3028 qum
945 2957 1002 3012 in
1037 2956 1364 3028 propinquo
1389 2953 1648 3027 sigillum
1681 2955 1740 3010 in
1773 2955 2048 3011 observa-

403 3047 524 3104 bat.
557 3048 838 3102 Praaterea
863 3045 1067 3116 ingens
1097 3044 1196 3100 ille
1226 3045 1376 3117 lapis
1407 3044 1483 3102 ad
1513 3061 1578 3102 os
1600 3042 1853 3116 sepulcri
1883 3061 2050 3116 appo-

403 3136 568 3200 situs,
603 3135 704 3206 qui
734 3133 869 3191 inde
897 3133 1182 3200 deﬂuens,
1219 3149 1287 3189 ac
1319 3133 1512 3206 potius
1543 3149 1722 3189 manu
1754 3141 1809 3190 et
1840 3134 2044 3190 robore

403 3195 592 3296 angeli
619 3195 925 3280 devolutus
973 3195 1339 3295 (quod'sane.
1382 3223 1441 3277 in
1493 3221 1587 3278 his
1619 3221 1890 3279 omnibus
1920 3223 2046 3294 epi-
2076 3195 2118 3260 C

401 3313 638 3370 nionem
671 3327 902 3370 omnem
932 3313 1200 3383 excedit),
1235 3328 1307 3368 ne
1337 3311 1460 3383 ipse
1490 3311 1729 3383 quidem
1762 3312 1848 3367 vel
1883 3313 2046 3368 mini-

405 3417 569 3459 mum
600 3401 834 3474 signum
865 3417 1040 3457 suum
1064 3400 1341 3473 corrupit.
1374 3400 1673 3456 Traditum
1697 3401 1854 3457 enim
1878 3401 2046 3460 nobis

399 3496 491 3548 est
515 3489 590 3548 ab
619 3490 899 3562 antiquis,
925 3489 1161 3546 Judaeos
1191 3489 1442 3560 lapidem
1473 3506 1610 3546 eum
1643 3490 1742 3562 qui
1773 3490 1832 3546 in
1855 3490 2046 3547 saluti-

399 3580 590 3637 ferum
623 3578 768 3636 illud
819 3580 1150 3652 sepulcrum
1208 3595 1312 3650 pro
1361 3580 1632 3648 operculo
1665 3579 1889 3652 positus
1921 3581 2046 3636 fue-

397 3673 508 3741 rat,
540 3670 613 3726 ad
645 3685 947 3727 summum
998 3668 1364 3726 monumenti
1417 3669 1670 3738 labrum,
1703 3673 2046 3742 petramque

399 3758 624 3816 inferne
653 3757 740 3816 illi
793 3774 855 3815 se
893 3759 1364 3830 conjungentem,
1409 3759 1770 3815 ferramentis
1800 3759 2042 3830 quibus-

397 3847 530 3904 dam
578 3847 772 3904 fabrili
807 3847 1187 3918 lapicidarum
1235 3853 1358 3902 arte
1412 3847 1752 3916 perforasse,
1787 3849 2042 3904 ferrum-

397 3951 513 4010 que
555 3935 762 4009 ingens
801 3953 837 3992 a
878 3935 1042 3992 fabro
1081 3952 1151 3993 ex
1189 3935 1516 4008 propinquo
1556 3942 1878 4008 acceptum,
1912 3955 2038 4009 per-

399 4031 716 4096 utrumque
761 4026 1020 4082 foramen
1063 4025 1398 4091 immisisse,
1449 4029 1506 4078 et
1534 4025 1594 4080 in
1624 4025 1760 4080 circi
1794 4027 1912 4083 sive
1943 4045 2039 4083 an-

398 4113 524 4171 nuli
553 4113 804 4170 formam
849 4113 1264 4186 circumegisse
1295 4129 1309 4168 :
1344 4116 1518 4184 atque
1562 4115 1643 4170 ita
1681 4115 1922 4172 firmiter
1951 4133 2043 4172 ca-

397 4199 620 4272 pitibus
650 4197 1005 4260 commissis,
1055 4197 1216 4254 omni
1257 4213 1326 4253 ex
1357 4206 1518 4270 parte
1547 4199 1714 4268 quasi
1743 4199 2039 4257 vinculum

398 4287 886 4355 circumduxisse,
934 4291 998 4344 ut
1041 4287 1210 4358 lapis,
1249 4286 1642 4358 qualicunque
1683 4289 1876 4358 modo,
1918 4289 2042 4347 loco

399 4393 508 4434 suo
539 4375 760 4445 revelli,
791 4379 892 4432 aut
937 4375 1142 4432 saltem
1175 4375 1398 4432 ratione
1427 4375 1625 4446 aliqua
1655 4377 1869 4432 moveri
1898 4379 2042 4447 (nisi

399 4472 521 4524 arte
551 4466 826 4538 quapiam
858 4471 916 4523 et
942 4469 997 4522 vi
1024 4466 1307 4533 adhibita,
1332 4465 1659 4522 necessario
1691 4475 1794 4522 aut
1826 4468 2040 4524 ferrum

397 4557 884 4628 confringeretur,
933 4560 1036 4614 aut
1073 4559 1234 4628 petra
1275 4559 1766 4628 perrumperetur)
1798 4573 1910 4613 non
1943 4575 2039 4629 po-
2071 4561 2117 4625 Β

397 4645 598 4702 tuerit.
647 4646 836 4717 Atque
875 4645 949 4702 ad
994 4645 1152 4701 hunc
1191 4645 1430 4703 modum
1471 4659 1602 4700 cum
1636 4660 1852 4718 magna
1879 4661 2040 4717 cura,

397 4739 574 4806 atque
602 4734 774 4791 etiam
807 4734 976 4807 signo
1006 4750 1300 4806 appresso,
1325 4749 1457 4790 cum
1481 4735 1816 4806 sepulcrum
1839 4735 2044 4792 firmis-

399 4822 545 4880 sime
582 4825 1069 4892 communissent,
1113 4823 1379 4882 custodia
1422 4828 1660 4896 insuper
1689 4827 2040 4894 competenti

397 4912 676 4980 adhibita,
711 4929 810 4970 eos
842 4913 1078 4969 abiisse.
1108 4914 1495 4986 Quapropter,
1533 4929 1667 4968 cum
1703 4912 1844 4968 nihil
1879 4930 2040 4984 pror-

399 5017 500 5058 sus
525 5003 598 5058 de
628 5003 814 5074 signis
845 5003 962 5058 illis
996 5009 1218 5058 motum
1257 5007 1615 5058 mutatumve
1656 5007 1831 5073 esset,
1864 5007 1922 5058 et
1949 5002 2041 5058 la-

399 5091 488 5162 pis
517 5092 740 5164 absque
770 5091 995 5163 fragore
1041 5095 1099 5146 et
1143 5091 1340 5146 sonitu
1389 5090 1521 5146 inde
1553 5090 1890 5146 deﬂuxisset
1917 5091 2041 5162 (qui

398 5181 630 5250 quidem
661 5197 908 5251 magnus
941 5181 1120 5237 fuisse
1152 5179 1535 5253 perhibetur),
1559 5181 1639 5236 ita
1661 5184 1725 5234 ut
1749 5185 2045 5251 unguenta

397 5269 774 5325 efferentibus
817 5269 1184 5337 mulieribus,
1227 5273 1284 5324 et
1330 5268 1634 5340 discipulis
1684 5267 1826 5338 ipsis
1877 5285 2046 5324 acce-

398 5356 696 5424 dentibus,
731 5357 923 5413 locum
957 5357 1072 5427 his,
1105 5357 1202 5412 ubi
1231 5373 1443 5427 corpus
1475 5355 1800 5428 depositum
1837 5356 2042 5425 fuerat,

399 5444 803 5516 magnitudine
849 5463 958 5502 sua
1006 5451 1202 5518 aperte
1253 5445 1572 5502 indicarit:
1607 5445 1740 5516 quis
1780 5461 1894 5500 non
1929 5447 2046 5501 evi-

401 5532 633 5588 dentem
675 5532 826 5588 hanc
857 5537 914 5590 et
943 5534 1394 5605 irrefragabilem
1433 5533 1880 5589 resurrectionis
1915 5551 2045 5604 pro-

403 5620 707 5678 bationem
737 5627 913 5693 atque
941 5623 1495 5680 demonstrationem
1528 5627 1806 5692 agnoscat
1825 5621 1934 5679 ?Et
1955 5626 2044 5678 ta-

3694 319 3850 378 728

2137 453 2410 520 ζωοποιὸν
2455 455 2546 508 καὶ
2594 457 2912 532 τριήμερον
2964 457 3024 511 ἐκ
3070 461 3272 530 νεκρῶν
3319 456 3526 511 ἐκείνου
3578 454 3852 508 ἀνάστα.-

2163 563 2243 595 σιν
2287 541 2348 597 οὗ
2397 549 2556 598 πᾶσιν
2609 547 2768 614 ἀνῆκε
2821 543 3081 623 βεϐήλοις
3123 567 3181 601 τε
3211 547 3300 602 καὶ
3349 544 3530 620 ἁγίοις
3577 545 3626 598 ἐν
3681 564 3844 598 ταυ-

2159 637 2238 703 τῷ
2268 631 2500 688 κατιδεῖν
2543 654 2556 668 ο
2613 635 2799 714 ὅτιπερ
2855 635 2981 692 οὐδέ
3026 641 3134 691 τῶν
3181 635 3406 691 δικαίων
3459 635 3596 690 εἶναι
3641 637 3841 687 τοῦτο

2162 719 2524 796 λελόγισται·
2587 723 2711 780 οἱ)δὲ
2767 747 2826 802 γε
2887 727 2993 798 μὴν
3051 732 3152 794 τῆς
3208 723 3385 779 ἐνθέου
3433 724 3522 778 καὶ
3580 719 3837 795 ὑψηλῆς

2161 807 2552 881 δικαιοκρισίας
2605 819 2738 869 Θεοῦ
2789 809 3056 888 βεϐήλοις
3107 812 3195 868 καί
3250 812 3540 888 βασκάνοις
3597 808 3836 886 ὀφθκλ·

2164 905 2290 972 μοῖς
2349 903 2418 956 τα
2481 906 2705 957 τοιαῦτα
2776 902 3206 972 καταπιστεύειν,
3278 902 3365 956 καὶ
3439 896 3837 975 στρεϐλότητι

2159 985 2382 1063 καρδίας
2440 989 2517 1052 εἷς
2571 997 2758 1066 πεῖραν
2827 991 2978 1054 αὖθις
3035 992 3128 1047 τὸν
3202 991 3351 1067 ἅγιον
3405 991 3503 1044 τοῖ’»
3579 985 3834 1060 Ἰσραήλ

2157 1076 2568 1152 παραδίδοσθαι,
2628 1077 2766 1136 ὥστε
2819 1081 2909 1136 καὶ
2969 1082 3021 1136 ἐν
3083 1077 3420 1157 ἀμφιϐόλοις
3477 1078 3832 1134 καθεστάναι

2157 1168 2294 1222 καθᾶ
2348 1169 2437 1222 καὶ
2498 1170 2560 1223 τὸ
2625 1171 2912 1244 πρότερον,
2987 1170 3281 1244 λογισμοῖς
3339 1191 3398 1224 τε
3469 1168 3645 1242 κρίσιν
3735 1171 3828 1241 μή

2157 1251 2632 1330 προϐεϐλημένοις
2663 1259 2829 1332 ὀρθην
2875 1257 3375 1332 ἀποδοκιμαζεσθαι
3412 1279 3425 1292 ·
3473 1264 3590 1318 τοῖς
3637 1256 3698 1313 δέ
3759 1280 3831 1332 γε

2155 1345 2246 1398 τὸν
2302 1349 2423 1400 νοῦν
2481 1345 2656 1402 εὖθέσι
2713 1369 2801 1402 και
2855 1351 2954 1419 τήν
3005 1346 3232 1423 καρδίαν
3289 1347 3525 1420 καθαρὰν
3583 1348 3656 1408 ὡς
3721 1349 3828 1400 καὲ

2159 1437 2398 1508 μαλιστα
2451 1437 2807 1510 κεκτημένοις
2865 1445 3005 1516 σαφῆ
3066 1459 3126 1493 τε
3181 1437 3272 1493 καὶ
3326 1433 3663 1514 ἀμφιϐολίας
3741 1437 3835 1500 ὡς

2156 1523 2488 1599 πορῥωτέρω
2553 1527 2652 1596 τήν
2710 1525 2874 1581 αὐτοῦ
2932 1527 3218 1582 ἀνάστασιν
3286 1525 3528 1598 ὓπέδειξέ
3582 1547 3638 1580 τε
3717 1527 3831 1580 καὶ

2156 1613 2494 1669 ἐπιστώσατο
2529 1633 2541 1647 ·
2602 1619 2818 1688 πρῶτον
2885 1617 2978 1688 μὲν
3029 1621 3098 1690 τῇ
3161 1616 3330 1690 μητρὶ
3374 1615 3464 1670 καὶ
3521 1619 3642 1676 ταῖς
3685 1614 3822 1669 λοι-

2153 1706 2282 1763 παῖς
2332 1700 2516 1776 ὀφθείς
2563 1703 2801 1778 γυναιξίν
2835 1723 2848 1736 ·
2899 1704 3014 1758 εἶτα
3059 1709 3175 1764 τοῖς
3224 1701 3491 1776 έκκρίτοις
3541 1706 3648 1756 τῶν
3706 1723 3826 1772 μα-

2156 1792 2356 1862 θητῶν,
2387 1791 2477 1846 καὶ
2526 1789 2730 1848 ἄλλοτε
2763 1790 2954 1856 ἄλλοις
3005 1789 3074 1847 δι’
3119 1795 3342 1868 ἡμερῶν
3396 1795 3448 1864 μ’
3497 1792 3826 1863 απτανὸμε-

2155 1900 2246 1942 νος
2280 1898 2292 1912 ⁶
2329 1879 2521 1955 λόγοις
2547 1902 2606 1935 τε
2653 1881 2916 1952 ξενίζουσι
2946 1883 3036 1939 καὶ
3084 1883 3373 1958 ὑπερφυέσι
3425 1881 3676 1954 σημείοις
3711 1883 3822 1934 καὶ

2155 1965 2368 2043 τέρασιν
2421 1967 2642 2044 ἐξαίρων
2672 1970 2746 2033 ὡς
2796 1969 2910 2026 ἐνόν
2962 1992 3026 2046 γε
3053 1971 3118 2040 ἧν
3169 1970 3395 2033 ἐκείνοις
3435 1972 3521 2024 καὶ
3575 1971 3640 2024 τὸ
3688 1969 3821 2042 ἆμ-

2157 2053 2389 2131 φίϐολον
2452 2056 2689 2114 διαλύων
2745 2067 2844 2128 τῆς
2911 2059 3268 2122 ἀναστάσεως.
3327 2061 3407 2118 Οὐ
3469 2059 3687 2121 τούτοις
3751 2057 3822 2114 δὲ

2161 2146 2324 2219 μόνον
2373 2148 2471 2216 τήν
2535 2146 2674 2203 ἰδίαν
2734 2149 3018 2204 έπιστοῦτο
3067 2148 3368 2222 ἀνάστασιν,
3417 2147 3565 2204 ἄλλα
3621 2170 3682 2223 γε
3734 2146 3813 2217 δὴ

2157 2237 2244 2291 καὶ
2311 2243 2426 2299 τοῖς
2503 2243 2582 2310 τῷ
2655 2237 2808 2316 τάφῳ
2883 2239 3401 2314 παρακολουθήσασι
3473 2239 3811 2312 τεραστίοις.

2158 2326 2282 2381 Τίνα
2317 2325 2374 2382 δὲ
2419 2332 2622 2399 ταῦτας
2673 2334 2900 2404 Πρῶτον
2958 2329 3052 2402 μέν
3086 2333 3120 2398 ἡ
3170 2327 3259 2384 ἐπὶ
3302 2335 3379 2402 τῷ
3426 2330 3581 2404 τάφῳ
3627 2350 3817 2406 σφρα-

2159 2414 2268 2489 γὶς,
2298 2415 2494 2492 ἀθιγής
2544 2414 2982 2490 διαμεμενηκυῖα
3015 2437 3028 2450 ·
3080 2419 3114 2487 ἥ
3164 2439 3225 2473 τε
3265 2415 3575 2472 κουστωδία
3627 2417 3816 2492 ἔγγει-

2157 2505 2324 2560 τὸνων
2410 2507 2610 2576 ταύτην
2695 2507 3215 2582 παραφυλάττουσα,
3294 2508 3659 2580 στρατιωτική
3743 2527 3811 2560 τε

2159 2593 2294 2650 οὖσα
2331 2595 2420 2648 καὶ
2483 2595 2660 2649 ὀθνεία
2704 2601 2782 2666 τῷ
2838 2597 3000 2672 γένει,
3032 2596 3128 2650 καὶ
3179 2597 3206 2651 ὁ
3255 2596 3551 2670 πάμμεγας
3601 2595 3808 2658 ἐκεῖνος

2160 2684 2336 2748 λίθος,
2387 2690 2466 2756 τῷ
2523 2686 2752 2756 στόματι
2810 2684 3072 2747 ἐπιτεθεὶς
3126 2692 3230 2755 τῆς
3289 2689 3478 2759 σοροῦ.
3552 2685 3801 2741 κάκεῖθεν

2157 2771 2465 2848 ἀπορρυεὶς,
2528 2772 2742 2846 μᾶλλον
2820 2770 2878 2828 δὲ
2933 2774 3081 2850 χειρὶ
3156 2774 3244 2828 καὶ
3315 2775 3486 2830 σθένει
3559 2774 3801 2852 ἀγγέλου

2158 2861 2490 2923 έκκυλισθείς
2523 2879 2535 2892 ⁶
2595 2863 2686 2916 καὶ
2733 2864 2796 2916 τὸ
2837 2861 2939 2917 ἐπὶ
3000 2869 3128 2918 πᾶσι
3177 2863 3398 2926 τούτοις
3448 2862 3588 2932 δῆτα
3623 2864 3802 2937 παρά-

2157 2948 2332 3022 δοξον,
2397 2949 2537 3025 μηδὲ
2591 2955 2690 3022 τὴν
2753 2953 2944 3008 ἑαυτοῦ
3001 2950 3272 3028 σφραγῖδα
3329 2953 3420 3008 καὶ
3473 2952 3627 3014 αὐτὸς
3697 2953 3791 3007 κᾶν

2155 3041 2292 3114 πρὸς
2341 3041 2523 3118 βραχὺ
2569 3037 3051 3113 διαλυμηνάμενος
3082 3059 3094 3072 ’
3142 3041 3228 3094 καὶ
3289 3041 3390 3116 γὰρ
3451 3040 3502 3110 ἐξ
3553 3041 3788 3115 ἀρχαίων

2157 3131 2292 3200 ἡμῖν
2319 3128 2702 3204 παραδέδοται,
2736 3131 2826 3186 τὸν
2859 3129 2950 3184 τὸν
2982 3131 3266 3208 ζωηφὸρον
3299 3130 3469 3207 τάφον
3511 3129 3786 3203 ἐπιπωμα⁴

2157 3217 2376 3286 τίζοντα
2422 3219 2640 3274 τουτονὶ
2689 3217 2862 3288 λίθον,
2895 3220 3030 3294 πρὸς
3076 3224 3152 3291 τῷ
3205 3217 3354 3294 ἄκρῳ
3402 3224 3500 3274 τοῦ
3548 3219 3794 3296 χείλους,

2155 3307 2243 3361 καὶ
2291 3309 2391 3376 τήν
2441 3310 2678 3364 κάτωθεν
2729 3309 2834 3363 ἀπὸ
2877 3313 2974 3363 τοῦ
3019 3310 3194 3382 τάφου
3243 3307 3559 3384 ἐγγίζουσαν
3602 3310 3794 3382 πέτραν

2156 3393 2458 3470 ἐργαλείοις
2509 3396 2619 3451 τισὶ
2697 3395 2924 3468 λατόμῳ
2978 3393 3148 3470 τέχνῃ
3226 3393 3608 3466 διατρήσαντες
3669 3396 3799 3450 Ἰου-

2156 3480 2324 3554 δαῖοι,
2357 3482 2578 3558 σίδηρόν
2607 3505 2663 3539 τε
2693 3483 2873 3559 παχὺν
2914 3484 3116 3560 χαλκεῖ
3145 3483 3204 3540 ἐκ
3248 3489 3346 3540 τοῦ
3375 3482 3572 3559 σχεδὸν
3625 3505 3797 3558 προσ-

2155 3575 2447 3650 γενόμενον
2523 3573 2590 3627 ὂι’
2667 3572 2871 3653 ἀμφοῖν
2940 3578 3048 3628 τῶν
3123 3575 3414 3648 τρημάτων
3490 3572 3796 3643 ἐλάσαντες,

2153 3663 2243 3717 καὶ
2304 3663 2378 3723 εἰς
2437 3663 2626 3737 κρίκου
2687 3669 2882 3736 σχῆμα
2938 3662 3154 3716 τουτονὶ
3207 3663 3643 3736 περιαγαγόντες,
3705 3665 3793 3718 καὶ

2155 3749 2325 3812 οὕτως
2384 3750 2435 3804 ἐν
2490 3755 2568 3822 τῷ
2626 3748 2858 3825 ἀσφαλεῖ
2910 3751 3224 3824 ἁπανταχοῦ
3279 3747 3795 3825 συγκεφαλαιώσαν-

2152 3839 2240 3901 τές
2288 3859 2346 3892 τε
2388 3839 2478 3894 καὶ
2523 3836 2931 3914 περιδήσαντες,
2977 3839 3052 3900 ὡς
3104 3841 3180 3910 μή
3231 3839 3346 3892 οῖὸν
3396 3859 3456 3892 τε
3503 3838 3640 3892 εἶναι
3699 3840 3791 3894 τὸν

2155 3929 2307 3985 λίθον
2343 3931 2588 3984 ὁπωσοῦν
2622 3936 2722 3998 τῆς
2752 3927 2910 4004 ἕδρας
2953 3927 3229 3998 ἐκστῆναι,
3349 3933 3478 4002 γοῦν
3525 3927 3674 3989 ὅπως
3722 3925 3790 3998 δή

2151 4039 2282 4074 ποτε
2328 4021 2635 4091 κινηθῆναι,
2687 4019 2732 4072 εἰ
2781 4020 2856 4090 μή
2905 4039 3012 4072 τινι
3063 4017 3162 4090 ἄρα
3208 4017 3408 4092 τέχνῆς
3460 4017 3661 4090 ἀνάγκῃ
3701 4017 3792 4072 καὶ

2156 4109 2251 4182 βίᾳ
2288 4107 2322 4177 ἢ
2375 4109 2402 4162 ὁ
2463 4104 2684 4182 σίδηρος
2746 4105 3212 4180 διαθραυσθείη,ἧ
3273 4109 3306 4174 ἡ
3352 4107 3520 4181 πέτρα
3567 4104 3795 4180 διαρῥα-

2151 4198 2272 4272 γείη
2308 4219 2322 4233 ο
2367 4196 2538 4258 οῧτως
2588 4195 2679 4250 οὖν
2733 4191 2972 4271 ἀκριϐῶς
3022 4195 3560 4271 ἐπισφραγισαμενοι,
3606 4193 3791 4270 ᾤχονο

2147 4307 2234 4356 το,
2288 4285 2536 4362 φυλακὴν
2597 4286 2900 4356 ἀνήκουσαν
2960 4283 3250 4357 ἐπαφέντες
3305 4284 3470 4356 αὐτῷ.
3517 4288 3620 4340 Καὶ
3676 4285 3789 4339 τοί-

2151 4397 2241 4430 νυν
2276 4381 2385 4430 τῶν
2436 4376 2680 4447 σημείων
2733 4373 2950 4430 ἐκείνων
3003 4371 3258 4446 οὐδαμῶς
3312 4374 3795 4448 μετακινηθέντων,

2151 4470 2248 4518 τοῦ
2310 4463 2464 4519 λίθου
2523 4486 2579 4518 τε
2635 4464 2878 4542 ἀψοφητὶ
2931 4463 3127 4518 ἐκεῖθεν
3184 4461 3568 4539 ἀπορρυέντος,
3633 4464 3796 4538 μεγά-

2151 4552 2250 4609 λου
2281 4551 2483 4631 σφόδρα
2516 4555 2645 4608 εἶναι
2697 4557 3171 4628 μαρτυρουμένου,
3214 4553 3288 4614 ὡς
3337 4552 3426 4608 καὶ
3474 4559 3592 4615 ταῖς
3647 4553 3794 4626 μῦρα

2152 4644 2525 4715 κομιζούσαις,
2577 4642 2666 4697 καὶ
2713 4643 2903 4705 αὐτοῖς
2949 4645 3243 4716 μαθηταῖς,
3285 4643 3376 4696 τὸν
3431 4647 3615 4718 χῶρον
3671 4641 3798 4696 ἔνθα

2151 4733 2214 4786 τὸ
2265 4737 2422 4806 σῶμα
2479 4727 2676 4799 ἔκειτο,
2729 4729 2799 4786 δι’
2855 4729 3063 4786 ἐκείνου
3121 4735 3409 4808 προφανῶς
3459 4729 3800 4786 καταδείκνυς

2153 4825 2272 4877 σθαι
2323 4825 2596 4896 προϊοῦσι,
2645 4825 2762 4882 πῶς
2812 4821 2915 4876 οὐκ
2946 4820 3178 4895 ἐναργὴς
3227 4821 3364 4890 αὕτη
3409 4820 3500 4874 καὶ
3551 4820 3800 4897 ἀναντίρ-

2153 4911 2318 4986 ῥτ,τος
2375 4917 2474 4980 τῆς
2535 4911 2872 4972 ἀναστάσεως
2932 4911 2966 4978 ἡ
3029 4907 3344 4980 ἀπόδειξις;
3403 4913 3638 4965 Τοιαῦτα
3699 4911 3796 4981 μὲν

2153 4999 2220 5070 δὴ
2271 5002 2359 5055 καὶ
2415 5004 2604 5070 ταῦτα,
2637 5007 2736 5070 τῆς
2799 5000 3138 5062 ἀναστάσεως
3194 5005 3291 5054 τοῦ
3350 5007 3611 5073 Σωτῆρος
3669 5021 3802 5054 τεκ-

2155 5093 2328 5166 μήρια
2358 5089 2698 5161 ἐκδηλότατα
2731 5109 2743 5121 ·
2791 5091 2853 5144 τὸ
2885 5087 2941 5144 δὲ
2984 5094 3090 5145 τῶν
3125 5090 3351 5144 ὀθονίων
3396 5087 3572 5142 εἷ’τουν
3614 5086 3799 5142 σινδό-

2150 5200 2278 5249 νων,
2312 5179 2355 5232 εἰ
2389 5176 2445 5232 δὲ
2492 5177 2705 5252 βούλει,
2745 5177 2833 5232 καὶ
2882 5177 2933 5232 ἐν
2983 5183 3052 5252 τῇ
3100 5177 3314 5255 κεφαλῇ
3367 5174 3658 5250 σουδαρίου
3707 5176 3800 5232 αὖ·

2153 5271 2233 5332 θις
2264 5271 2490 5338 ὀποῖον;
2537 5273 2714 5323 Ταῦτα
2743 5268 2830 5321 καὶ
2876 5270 2978 5341 γαρ
3006 5272 3073 5340 τῇ
3120 5266 3326 5340 σμύρνῃ
3376 5267 3465 5320 καὶ
3511 5265 3652 5338 ἀλὸῃ
3703 5267 3798 5321 καὶ

2153 5363 2230 5428 τῷ
2309 5363 2604 5432 ζωαρχικῷ
2676 5359 2890 5428 σώματι
2964 5357 3147 5428 ἐκείνῳ
3220 5354 3628 5430 προσαρηρότα,
3705 5358 3800 5410 καὶ

2156 5449 2322 5500 οἱονεὶ
2369 5447 2424 5500 ἓν
2485 5452 2646 5520 σῶμα
2687 5451 2755 5520 τῇ
2812 5451 2918 5500 τῶν
2969 5446 3274 5518 ἀρωμάτων
3325 5443 3604 5514 δυναστείᾳ
3653 5464 3800 5519 γεγε-

2154 5537 2381 5608 νημένα,
2444 5535 2699 5610 οὐδαμῶς
2762 5537 2864 5590 ὑπὸ
2921 5535 3134 5604 κλοπήν
3192 5536 3255 5589 τὸ
3304 5539 3464 5606 σῶμα
3515 5541 3804 5608 συγχωρεῖ

2156 5625 2398 5700 γενέσθαι
2457 5628 2591 5683 κατὰ
2645 5629 2743 5697 τὴν
2805 5623 3110 5696 Ἰουδαϊκήν
3167 5619 3614 5705 φρενοϐλάϐειαν,
3668 5627 3800 5688 Πῶς
