4070 6274
238 328 406 388 729
1334 334 1961 398 ECCLESIASTICE
2003 339 2395 402 HISTORLE
2435 339 2584 400 LIB.
2631 339 2679 398 Ι.
3588 337 3708 398 730

234 463 374 539 γὰρ
461 465 523 520 ἂν
576 467 663 522 καὶ
718 466 1012 542 ἐγύμνουν,
1066 470 1155 524 καὶ
1211 474 1380 524 ταῦτα
1434 469 1783 538 κλέπτοντες,
1841 473 1920 526 ἀθι

2065 473 2144 530 lia
2175 473 2412 546 quidem
2445 477 2587 531 sunt
2618 472 2738 530 hac
2781 471 3232 529 resurrectionis
3260 471 3583 529 Servatoris
3612 471 3704 528 in-

238 557 397 626 γῶν
479 561 588 610 τῶν
649 555 906 636 ἐνταφίων
966 561 1055 612 καὶ
1113 561 1249 613 κατὰ
1306 557 1493 633 χώραν
1548 559 1787 614 ἑκάστων
1847 579 1920 614 πα

2063 562 2217 619 dicia
2271 563 2661 635 apertissima.
2720 561 2996 618 Sindonis
3056 577 3194 616 vero
3251 565 3310 616 et
3365 559 3704 627 linteorum,

242 647 662 718 ρακειμένων,
719 647 807 701 καὶ
859 646 1249 723 εὐσχημόνων,
1295 650 1476 712 καθὼς
1523 648 1628 722 ἄρα
1669 650 1760 704 καὶ
1806 669 1920 723 περι

2063 651 2362 724 ipsiusque
2391 653 2554 721 adeo,
2586 651 2634 707 si
2660 649 2870 722 placet,
2901 651 2962 706 in
2993 649 3441 721 capitssudarii,
3467 665 3701 707 rursum

244 734 505 804 ἐκειτο,
539 740 636 790 τοῦ
687 757 746 790 τε
795 734 1092 806 σουδαρίου
1143 739 1219 810 μή
1275 736 1507 814 φύρδην,
1551 736 1681 792 ἀλλ’
1729 737 1815 816 ὕφ’
1861 735 1916 793 ἓν

2062 740 2259 812 qualia
2279 742 2306 796 ‘i
2335 741 2468 797 Haec
2497 740 2713 796 etenim
2756 740 3020 811 myrrhae,
3061 743 3119 794 et
3163 739 3326 809 alca»,
3358 743 3416 796 ct
3443 739 3586 795 item
3617 739 3710 793 vi-

241 821 466 876 τόπον
526 826 823 902 σωφρόνως
889 825 1341 901 περιειλουμένου
1411 829 1549 902 πρὸς
1619 826 1710 881 τὸν
1781 826 1918 882 τόπο

2060 831 2226 888 vilico
2251 831 2478 903 corpori
2503 829 2594 885 illi
2623 833 2946 900 compacta,
2976 833 3035 884 et
3063 829 3228 900 quasi
3263 843 3441 884 unum
3473 844 3704 900 corpus,

245 918 382 980 τῆς
457 913 740 990 κεφαλῆς;
804 915 1132 990 Παρίσταται
1187 919 1475 990 τοιγαροῦν
1540 920 1658 978 τοῖς
1712 915 1920 972 συνιένα

2061 923 2486 992 unguentorum
2537 919 2591 974 vi
2640 926 2816 990 atque
2861 917 3142 985 etﬁcacia,
3193 917 3370 985 facta,
3399 915 3709 988 haudqua—

245 1007 499 1076 γνῶσιν
543 1003 844 1072 ἐθέλουσιν,
876 1005 1063 1078 ὅτιπερ
1127 1005 1188 1060 οὗ
1241 1007 1406 1080 μόνον
1462 1008 1762 1080 τθιημεοος
1815 1027 1920 1080 μετς

2057 1025 2232 1080 quam
2265 1025 2476 1082 corpus
2514 1007 2714 1063 furtim
2767 1007 2981 1062 auferri
3033 1006 3372 1078 permisere,
3409 1007 3576 1076 juxta
3603 1006 3710 1061 Ju-

251 1091 558 1164 σώματος
616 1091 810 1164 ἀνέστη
866 1095 894 1148 ὁ
954 1095 1178 1168 Κύριος,
1237 1095 1382 1151 ἀλλὰ
1442 1097 1576 1168 μετᾶ
1632 1095 1833 1151 λεπτοῦ
1890 1117 1919 1150 τ

2056 1102 2311 1156 deorum
2345 1101 2615 1158 insanam
2647 1099 3024 1156 dementiam.
3058 1099 3213 1154 na
3237 1098 3534 1162 Quomodo
3551 1097 3708 1154 enim

248 1179 370 1234 καὶ
445 1183 673 1256 κούφου,
731 1182 821 1236 καὶ
872 1182 1051 1238 οὐκέτι
1116 1186 1314 1254 θνητοῦ
1369 1184 1460 1240 καὶ
1536 1187 1776 1262 φθαρτοῦ
1853 1205 1920 1239 κα

2054 1205 2268 1263 corpus
2299 1190 2495 1261 ipsum
2521 1190 2832 1254 nudantes,
2853 1187 2976 1244 haac
2997 1188 3152 1246 fures
3171 1187 3256 1244 sic
3276 1187 3708 1244 detraxissent?

252 1270 529 1347 παχέος,
585 1271 660 1332 ὡς
734 1271 1023 1346 πρότερον,
1081 1273 1357 1350 ἀφθάρτου
1433 1272 1490 1328 δὲ
1567 1271 1782 1347 μᾶλλον
1849 1294 1920 1328 κα

2055 1295 2190 1334 eum
2243 1277 2598 1352 sepulcralia
2631 1277 2812 1334 lintea
2860 1277 3100 1346 intacta,
3141 1280 3197 1333 et
3243 1277 3536 1344 decenter,
3583 1293 3705 1346 per-

250 1356 580 1427 ἆθσινάτου,
627 1359 716 1414 καὶ
763 1361 828 1416 τὸ
885 1359 1015 1418 ὅ),ον
1071 1362 1252 1438 φάναι,
1286 1361 1799 1435 πνευματικωτὲρου
1851 1362 1941 1417 καὶ

253 1445 592 1522 θειοτέρου,
651 1448 738 1502 καὶ
814 1449 1050 1522 ὁμοθέου
1111 1449 1291 1526 λέγειν
1370 1449 1574 1526 θαρῥω,
1635 1449 1942 1524 κατάληψίν

251 1554 328 1588 τε
431 1535 611 1604 πάσης
688 1536 990 1607 αἰσθήσεως
1078 1535 1521 1614 ὑπερϐαίνοντος,
1580 1537 1802 1604 ἐσθῆτός
1882 1559 1941 1593 τε

255 1624 374 1676 καὶ
441 1625 670 1698 βρώσεις
731 1626 1049 1702 ὑπερτέρου,
1109 1629 1182 1689 ὡς
1239 1627 1328 1681 καὶ
1387 1625 1476 1682 διὰ
1541 1625 1920 1699 κεχλεισμὲνω·

2047 1633 2280 1690 Certum
2313 1635 2510 1706 itaque
2542 1639 2633 1690 est
2663 1649 2728 1688 ac
2760 1649 3104 1704 persuasum
3135 1631 3436 1698 omnibus,
3468 1631 3568 1703 qui
3601 1633 3698 1686 in-

257 1713 428 1766 κατά
476 1712 630 1788 φύσιν
687 1716 862 1789 θυρῶν
921 1716 1141 1770 εἰσιέναι
1175 1736 1187 1748 ·
1250 1717 1294 1770 εἰ
1342 1717 1434 1770 καὶ
1483 1712 1920 1793 συγκαταδάσεωι

2047 1724 2303 1797 telligere
2346 1723 2864 1796 cognitionemque
2911 1722 3144 1794 assequi
3191 1725 3250 1777 et
3293 1729 3446 1778 recte
3495 1738 3700 1794 sapere

259 1800 486 1875 λόγοις
546 1803 838 1881 ὑπερφυέσι
896 1811 1014 1867 τοῖς
1072 1804 1295 1867 οἰκείοις
1364 1805 1667 1880 ὁρώμενος,
1723 1807 1819 1875 τήν
1879 1826 1920 1860 τι

316 1889 343 1907 κ
481 1891 494 1907 ε
637 1894 648 1907 .
739 1895 750 1907 .
883 1898 908 1907 -
1007 1893 1063 1907 ,η
1293 1897 1304 1907 .
1477 1896 1522 1907 ..
1585 1895 1601 1907 .
1699 1902 1724 1907 μ

2048 1813 2270 1880 volunt,
2302 1811 2618 1868 Dominum
2653 1829 2766 1868 non
2817 1813 3007 1868 solum
3061 1811 3153 1868 die
3205 1810 3370 1868 tertio
3401 1826 3536 1868 cum
3569 1826 3694 1868 cor-

261 1889 531 1966 πλευρὰν
559 1894 649 1948 καὶ
699 1895 793 1955 τὰς
841 1898 949 1948 τῶν
999 1893 1155 1963 ἥλων
1202 1897 1420 1969 τρήσεις
1473 1895 1815 1974 ἐψηλαφᾶτο,
1847 1916 1913 1950 κα

2047 1919 2183 1972 pore
2211 1901 2557 1966 surrexisse,
2607 1901 2706 1956 sed
2752 1899 2926 1956 etiam
2973 1916 3105 1955 cum
3157 1915 3396 1972 corpore
3435 1899 3598 1956 tenui
3630 1915 3697 1956 ac

261 1987 498 2056 τροφῆς
551 1989 794 2060 μετεῖχε,
825 1982 915 2038 καὶ
966 1982 1158 2058 ἰχθύος
1205 1985 1292 2040 καὶ
1351 1983 1572 2056 μέλιτος
1623 1985 1912 2060 ἀπεγεύετο

2049 1990 2156 2047 levi
2181 2007 2196 2057 ;
2221 2007 2324 2047 nec
2353 1989 2611 2062 amplius
2641 1989 2867 2046 mortali
2901 1993 2958 2045 et
2985 1987 3354 2057 corruptibili
3383 1991 3440 2044 et
3468 2005 3686 2055 crasso,

269 2069 344 2124 οὐ
407 2075 630 2143 πεινῶν,
691 2071 770 2134 εἰς
825 2071 1090 2128 πίστωσιν
1153 2073 1248 2146 μὲν
1304 2080 1402 2143 τῆς
1461 2078 1648 2141 καινῆς
1703 2075 1920 2131 ἀναστά-

2047 2084 2111 2136 ut
2140 2085 2333 2148 antea,
2367 2078 2470 2135 sed
2507 2095 2750 2150 prorsus
2783 2076 3214 2149 incorruptibili
3247 2081 3303 2133 et
3351 2077 3701 2134 immortali.

269 2181 451 2226 σεως,
501 2167 601 2224 τῆς
653 2159 711 2216 δὲ
757 2164 1044 2238 φαντασίας
1091 2165 1386 2240 ἀναίρεσιν,
1437 2165 1625 2242 λόγοις
1672 2165 1920 2241 ἀῤῥήτοις

2043 2174 2220 2242 atque
2247 2169 2336 2240 (ut
2389 2167 2566 2224 semel
2615 2165 2830 2238 dicam)
2880 2165 3177 2238 spirituali
3228 2167 3414 2237 magis
3460 2173 3516 2222 et
3545 2166 3696 2222 divi-

264 2256 383 2318 τῆς
437 2257 644 2328 τροφῆς
703 2253 782 2323 τῷ
834 2253 964 2328 πυρί
1017 2261 1121 2323 τῆς
1178 2255 1438 2326 θεότητος
1495 2255 1920 2330 ἀναλισκομένηι

2043 2259 2224 2332 niore,
2257 2257 2531 2330 quodque
2582 2255 2761 2312 simul
2809 2255 2962 2312 Deus
3008 2258 3165 2311 esset
3194 2255 3350 2326 (nam
3385 2255 3470 2310 sic
3501 2255 3691 2310 dicere

273 2340 598 2416 ὑπερφυῶς·
2040 2349 2280 2421 ausim),
2313 2352 2550 2420 captum
2599 2362 2804 2402 sensus
2847 2345 3041 2402 omnis
3072 2344 3407 2412 excellente,
3437 2343 3683 2401 vestitu-

269 2447 398 2504 que
425 2436 484 2489 et
513 2433 812 2504 alimento,
846 2451 958 2507 quo
990 2453 1105 2493 non
1139 2437 1444 2510 indigeret,
1476 2438 1799 2511 superiore,
1849 2441 1929 2498 ita
1973 2445 2038 2498 ut:
2083 2445 2140 2497 et
2187 2438 2417 2495 clausas
2468 2438 2618 2493 fores
2663 2435 3012 2492 naturaliter
3042 2433 3446 2506 pertransiret,
3477 2449 3690 2504 quam-

274 2521 374 2578 vis
411 2523 654 2580 miritica
702 2525 924 2582 ratione
959 2527 1367 2585 submissionis
1415 2533 1590 2600 atque
1637 2530 2116 2588 conformationis
2147 2531 2244 2602 (1),
2285 2528 2372 2584 eis
2410 2544 2556 2599 quos
2595 2525 2708 2582 sibi
2755 2526 2815 2582 in
2855 2525 3161 2582 arctiorem
3211 2523 3691 2580 consuetudinem

279 2612 591 2682 acciverat,
652 2620 998 2690 conspectus
1053 2617 1152 2688 sit,
1207 2625 1261 2674 et
1317 2619 1472 2674 latus
1529 2620 1885 2692 ﬁssurasque
1935 2621 2230 2678 clavorum
2288 2617 2632 2675 contrectari
2692 2616 2910 2684 siverit,
2968 2617 3277 2684 cibumque
3334 2613 3568 2686 ceperit,
3629 2631 3695 2668 ac

289 2700 488 2771 pisces
519 2707 577 2758 et
603 2704 715 2761 mel
759 2705 1107 2776 gustaverit;
1140 2724 1259 2765 non
1307 2707 1406 2764 ille
1454 2709 1690 2781 quidem
1741 2711 1897 2782 quod
1945 2709 2211 2776 esurirst,
2257 2709 2359 2764 sed
2411 2711 2476 2762 ut
2522 2705 2695 2762 ﬁdem
2757 2704 3200 2761 resurrectionis
3247 2719 3406 2760 novas
3455 2703 3686 2770 faceret,

297 2795 359 2845 et
387 2791 812 2862 phantasmatis
844 2795 1172 2867 opinionem
1229 2797 1503 2867 aboleret,
1551 2797 1832 2855 ineffabili
1879 2800 2132 2871 quodam
2185 2798 2356 2854 modo
2403 2804 2608 2868 praeter
2655 2798 2922 2851 naturam
2973 2794 3248 2850 alimento
3295 2809 3329 2848 a
3366 2790 3689 2850 divinitatis

296 2880 430 2954 igne
461 2891 820 2958 consumpto.

2055 1367 2190 1425 inde
2218 1373 2388 1440 atque
2417 1369 2468 1424 ei
2495 1367 2860 1423 circumdata
2890 1366 3146 1436 fuerant,
3177 1382 3284 1422 suo
3313 1381 3557 1438 queque
3579 1364 3704 1421 loco

2053 1463 2286 1530 reperta
2316 1457 2483 1514 sint?
2515 1461 2573 1513 et
2601 1455 2906 1512 sudarium
2935 1472 3049 1512 non
3075 1458 3312 1523 temere,
3335 1455 3440 1512 sed
3467 1455 3526 1510 in
3561 1471 3702 1516 uno,

2050 1545 2256 1618 capitis
2285 1544 2510 1602 scilicet
2557 1545 2703 1613 loco,
2747 1545 2852 1600 rite
2883 1543 3370 1600 circumvolutum
3395 1542 3698 1615 jacuerit?

889 2999 1127 3051 ΚΕΦΔΛ
1140 3039 1152 3051 .
1194 2997 1316 3054 Kl".

2591 2992 2826 3050 CAPUT
2862 2992 3120 3049 XXXIII.

289 3083 608 3176 "EPEITG‘PI
647 3081 852 3176 ᾁγίνων
907 3091 1242 3176 γυναικξὺν
1297 3086 1719 3176 μυροφόρων,
1780 3085 1925 3138 ὁσά-

313 3153 416 3214 κις
460 3153 567 3208 ἐπὶ
605 3153 714 3208 τὸν
754 3153 1103 3231 ζωηφόρον
1143 3153 1308 3224 ἧκον
1340 3153 1546 3232 τᾶφὸν
1575 3153 1896 3231 Χριστοῦ.

352 3242 473 3318 Οὐχ
502 3245 668 3311 ἧττον
715 3240 772 3298 δὲ
813 3244 888 3306 εἰς
937 3241 1225 3320 βεϐαίωσιν
1274 3253 1372 3314 τῆς
1421 3245 1660 3315 ἀληθοῦς
1703 3247 1924 3301 ἀναστά-

280 3350 414 3392 σεως
463 3330 554 3385 καὶ
607 3333 643 3400 ἡ
689 3332 834 3407 παρὰ
874 3334 980 3387 τῶν
1039 3333 1364 3412 μοροφόρων
1410 3339 1676 3404 γυναικῶν
1724 3355 1926 3410 μαρτυ-

283 3419 390 3494 ρία.
449 3421 636 3476 ίΙισταὶ
697 3421 800 3495 γὰρ
863 3422 1006 3496 παρᾶ
1062 3427 1178 3495 Θεῷ
1236 3423 1324 3477 καὶ
1383 3422 1555 3479 αὗται.
1619 3425 1771 3480 Ἐπεί
1842 3423 1926 3477 τοί

278 3529 338 3581 γε
369 3507 422 3562 ἐν
468 3513 685 3583 Χριστῷ
715 3510 902 3578 Ἰησοῦ
953 3510 1052 3566 οὐκ
1095 3514 1270 3586 ἄρσεν,
1304 3511 1365 3566 οὐ
1415 3513 1576 3582 θῆλυ,
1625 3511 1746 3568 οὕτε
1797 3511 1926 3567 δοῦ-

283 3595 406 3668 λος,
451 3593 574 3652 οὔτε
631 3595 916 3671 ἐλεύθερος
948 3617 960 3632 ·
1019 3599 1147 3655 ἀλλ’
1195 3603 1272 3662 εἷς
1329 3598 1381 3654 ἐν
1435 3607 1551 3662 τοῖς
1607 3601 1778 3674 ἀξίοις
1835 3602 1920 3656 καὶ

281 3683 371 3740 ἐπὶ
432 3689 589 3740 πᾶσιν
645 3688 673 3742 ὁ
731 3687 948 3761 Κύριοσ,
1012 3689 1112 3760 μία
1168 3710 1226 3744 τε
1281 3690 1486 3757 πίστις,
1538 3688 1595 3744 ἓν
1655 3711 1711 3745 τε
1771 3691 1922 3764 ἅγιον

286 3779 532 3847 Πνεῦμα,
559 3777 622 3830 τὸ
665 3777 843 3832 πάντα
889 3775 1154 3851 ἐνεργοῦν,
1203 3779 1276 3840 ὥς
1319 3800 1380 3852 γε
1413 3779 1732 3853 βουλομένῳ
1782 3778 1922 3833 ἐστὶν

285 3864 456 3936 αὐτῷ.
516 3865 605 3928 Ὠς
651 3869 785 3941 γοῦν
843 3867 896 3919 o't
951 3867 1126 3928 ὠθεῖς
1181 3871 1292 3922 τῶν
1353 3869 1651 3941 ἀνθρώπων
1702 3865 1924 3941 παραδε-

284 3952 439 4006 κτέοι
472 3951 685 4025 μᾶλλον
734 3949 920 4024 ἔδοξαν
950 3955 1039 4009 καὶ
1088 3954 1291 4023 πιστοί,
1323 3953 1394 4010 δι’
1424 3957 1496 4010 ὧν
1541 3956 1629 4010 καὶ
1663 3957 1690 4010 ὁ
1718 3956 1924 4028 κόσμος

284 4041 419 4100 ὅλος
475 4046 544 4115 τῇ
599 4042 921 4118 εὐαγγελικῇ
999 4043 1289 4120 ἐζωγρήθη
1365 4047 1588 4120 σαγήνῃ,
1645 4044 1734 4098 καὶ
1811 4045 1925 4116 μετ’

283 4131 479 4194 αὐτοὺς
526 4129 706 4205 ἕτεροι
733 4135 798 4187 τὰ
849 4131 1122 4207 δευτερεῖα
1168 4134 1304 4210 πρός
1351 4155 1408 4188 τε
1457 4135 1634 4189 πίστιν
1679 4136 1764 4188 καὶ
1823 4137 1924 4203 τήν

281 4219 468 4289 ἀληθῆ
522 4227 724 4296 γνῶσιν
800 4223 1047 4300 φέροντες
1083 4243 1096 4257 ο
1161 4222 1305 4278 οὕτω
1361 4225 1450 4278 καὶ
1529 4229 1780 4299 γυναῖκες
1839 4223 1922 4278 ὅτι

283 4309 534 4364 πλεῖσται
612 4309 1040 4390 παρελήφθησαν
1111 4317 1191 4385 τῷ
1275 4318 1491 4386 Χριστῷ
1573 4313 1919 4368 πιστεύσασαι

281 4401 370 4453 καὶ
408 4399 477 4453 τὰ
531 4401 666 4473 πρὸς
717 4401 904 4475 χρείαν
961 4397 1322 4458 διακονοῦσαι.
1373 4402 1562 4456 Πασῶν
1623 4400 1675 4456 δ’
1730 4401 1918 4472 ἐπιση-

285 4491 496 4560 μοτάτη
525 4487 637 4543 ἐστὶ
683 4489 884 4562 Μαρία,
915 4491 950 4558 ἣ
1000 4488 1060 4544 ἐκ
1106 4487 1414 4566 Μαγδάλων
1461 4489 1694 4566 ὥρμητο
1731 4509 1744 4522 ·
1796 4491 1920 4560 ἥτις

280 4577 369 4632 καὶ
426 4576 714 4652 πρότερον,
784 4578 919 4632 ἑπτὰ
974 4578 1244 4653 πνεύμασι
1301 4579 1538 4658 κάτοχος
1617 4579 1770 4647 οὖσα,
1828 4579 1918 4634 καὶ

281 4666 386 4721 ὑπὸ
419 4670 518 4722 τοῦ
563 4667 742 4736 Ἰησοῦ
769 4671 868 4720 τοῦ
916 4663 1094 4743 ὄχλου
1134 4667 1350 4723 ἐκείνων
1401 4667 1795 4744 ἀπαλλαγεῖσα,
1821 4672 1920 4723 τοῦ

280 4755 479 4811 λοιποῦ
538 4760 770 4810 συνεῖναι
827 4757 918 4811 καὶ
994 4753 1387 4832 συνδιατρίϐειν
1460 4762 1541 4829 τῷ
1617 4760 1919 4832 θεραπευτῇ

278 4843 384 4899 δεῖν
432 4842 590 4918 ᾤετο.
643 4846 804 4902 ’Ὁθεν
853 4846 942 4900 καὶ
997 4851 1066 4921 τῇ
1115 4850 1215 4902 τοῦ
1263 4851 1398 4902 Θεοῦ
1449 4847 1629 4920 Μητρὶ
1677 4845 1767 4900 καὶ
1821 4852 1920 4900 Σα-

278 4933 445 5008 λώμῃ
494 4933 584 4988 καὶ
631 4937 700 5006 τῇ
749 4932 895 5007 ἄλλῃ
948 4935 1153 5011 Μαρίᾳ,
1201 4936 1423 5012 θυγατρὶ
1485 4937 1579 5009 μὲν
1633 4939 1730 4990 τοῦ
1783 4937 1916 5007 μνή-

276 5043 466 5096 στορος
518 5023 744 5100 Ἰωσὴφ,
797 5023 858 5078 ἐκ
905 5023 1093 5080 Κλοπᾶ
1136 5022 1194 5081 δὲ
1237 5028 1338 5091 τῆς
1387 5027 1484 5081 τοῦ
1532 5023 1771 5102 ἀδελφοῦ
1819 5046 1918 5101 γυο

348 5231 423 5303 (1)
455 5253 483 5282 u
518 5230 591 5303 Ut
639 5231 984 5288 resurrectio
1033 5234 1380 5301 crederetur,
1435 5233 1606 5288 talem
1656 5249 1716 5290 se
1753 5231 1922 5288 exhi-

281 5302 430 5357 nuit.
463 5302 862 5375 »_(Cbrysost.)
896 5325 924 5353 ‹‹
957 5305 1036 5358 Ex
1056 5306 1488 5375 dispensatione
1511 5321 1624 5361 non
1645 5305 1702 5360 in
1727 5305 1921 5360 debita

278 5373 539 5448 corporis
565 5373 874 5448 sui'gloria,
889 5375 989 5429 sed
1008 5375 1067 5430 in
1083 5373 1270 5448 prima
1290 5376 1478 5448 ﬁgura
1503 5377 1867 5432 cernebatur.
1890 5397 1918 5426 »

279 5445 498 5519 (Cypri)
531 5466 559 5494 «
590 5446 699 5500 Sed
732 5445 1219 5519 nequeeamdem
1253 5445 1520 5519 gloriam,
1543 5464 1718 5519 quam
1749 5451 1920 5502 antea

277 5517 534 5574 ostendit
565 5517 869 5590 apostolis,
904 5516 1058 5590 illico
1089 5516 1365 5590 ostendit.
1386 5518 1508 5590 (Sed
1541 5516 1690 5590 quod
1722 5519 1919 5574 videre

277 5588 718 5656 consueverant,
748 5588 860 5645 boc
891 5588 1158 5645 viderunt
1190 5605 1204 5644 :
1236 5593 1293 5644 et
1321 5589 1501 5645 dilata
1521 5588 1609 5646 est
1637 5590 1920 5650 claritatis

279 5658 601 5731 plenitudo,
635 5675 762 5732 qua
791 5659 852 5717 in
889 5676 955 5718 se
983 5665 1108 5720 erat
1137 5661 1408 5733 perfecta.
1441 5681 1471 5714 »
1499 5660 1635 5735 (Id.)

2039 3088 2113 3142 De
2139 3086 2344 3141 sanctis
2370 3083 2702 3140 mulieribus
2741 3093 3084 3154 unguentum
3121 3083 3441 3153 ferentibus,
3475 3080 3682 3153 quoties

2195 3157 2266 3212 ad
2294 3157 2570 3226 viciﬁcum
2601 3155 2812 3210 Christi
2837 3157 3145 3222 sepulcrum
3174 3156 3518 3210 accesserint.

2108 3246 2307 3316 Neque
2336 3261 2468 3300 vero
2499 3244 2695 3300 minus
2724 3244 2795 3299 ad
2831 3261 3024 3300 veram
3057 3247 3394 3314 certamque
3425 3257 3676 3298 resurre-

2037 3335 2288 3391 ctionem
2312 3333 2776 3391 conﬁrmandam
2803 3333 3018 3388 faciunt
3042 3332 3352 3388 mulierum
3377 3335 3676 3402 unguenta

2035 3423 2342 3480 ferentium
2392 3422 2724 3480 testimonia
2753 3423 2848 3493 (2).
2901 3421 3046 3477 Nam
3077 3425 3132 3478 et
3163 3421 3282 3476 hec
3312 3420 3485 3476 ﬁdem
3519 3421 3672 3490 apud

2034 3511 2216 3569 Deum
2266 3519 2580 3568 merentur.
2623 3511 2687 3566 In
2730 3509 2958 3566 Christo
3007 3525 3256 3582 namque
3305 3508 3445 3564 Jesu
3485 3523 3674 3580 neque

2037 3599 2358 3668 masculus,
2421 3616 2608 3671 neque
2665 3599 2900 3665 femina,
2962 3614 3150 3670 neque
3204 3614 3430 3666 servus,
3485 3613 3675 3669 neque

2038 3688 2226 3746 liber:
2278 3690 2380 3746 sed
2431 3705 2584 3746 unus
2631 3687 2690 3742 in
2739 3687 2932 3760 dignis
2978 3691 3152 3758 atque
3198 3687 3446 3754 idoneis,
3496 3689 3675 3758 atque

2036 3780 2179 3835 adeo
2208 3779 2267 3833 in
2299 3778 2571 3834 omnibus
2591 3776 2912 3833 Dominus:
2938 3793 3050 3832 una
3075 3776 3238 3845 fides,
3265 3791 3416 3832 unus
3441 3780 3674 3832 sanctus

2033 3868 2309 3939 Spiritus,
2341 3866 2434 3938 qui
2464 3866 2644 3923 efﬁcit
2689 3869 2860 3936 atque
2905 3869 3180 3937 operatur
3207 3880 3309 3936 pro
3339 3863 3579 3920 arbitrio
3617 3870 3675 3922 et

2033 3956 2331 4012 voluntate
2377 3972 2485 4012 sua
2523 3955 2740 4014 omnia.
2773 3955 2976 4026 Itaque
3006 3955 3500 4026 quemadmodum
3533 3955 3671 4010 recti

2038 4047 2363 4118 integrique
2394 4045 2679 4113 homines,
2715 4061 2815 4116 per
2845 4061 2990 4117 quos
3036 4048 3092 4100 et
3141 4045 3398 4101 mundus
3429 4044 3670 4101 univer-

2035 4152 2137 4191 sus
2183 4135 2514 4207 evangelica
2565 4151 2779 4206 sagena
2825 4139 3032 4207 captus
3091 4138 3200 4201 est,
3248 4137 3304 4190 et
3351 4135 3668 4190 secundum

2033 4222 2140 4280 hos
2169 4223 2290 4293 alii,
2323 4224 2608 4281 secundas
2655 4223 2724 4278 in‘
2766 4223 2876 4280 [ide
2923 4223 3302 4296 veritatisque
3345 4222 3673 4296 cognitione

2033 4313 2304 4381 ferentes,
2356 4313 2452 4383 qui
2485 4329 2599 4383 pm
2646 4311 2868 4370 cateris
2909 4317 3143 4384 propter
3173 4313 3346 4368 ﬁdem
3377 4313 3668 4384 egregiam

2029 4401 2468 4474 susciperentur
2497 4401 2661 4474 digni
2691 4401 2797 4458 visi
2828 4407 3006 4458 sunt:
3042 4403 3123 4459 sic
3151 4406 3210 4458 et
3239 4402 3514 4459 mulieres
3548 4401 3670 4474 plu-

2030 4492 2193 4548 rimae
2231 4493 2555 4558 credentes,
2605 4497 2662 4548 et
2714 4493 3036 4548 necessaria
3082 4492 3132 4548 ei
3187 4493 3606 4558 ministrantes,
3639 4510 3666 4545 ει

2027 4581 2256 4638 Christo
2287 4585 2426 4637 sunt
2457 4581 2748 4638 admissas.
2782 4583 2844 4639 In
2875 4581 3087 4652 quibus
3109 4581 3384 4638 omnibus
3414 4581 3668 4637 celeber-

2027 4669 2177 4724 rima
2213 4674 2304 4725 est
2333 4669 2514 4727 Maria
2544 4669 2829 4742 Magdalis
2856 4677 2980 4726 orla
3011 4670 3114 4742 (3),
3144 4686 3274 4742 quas
3299 4668 3531 4740 quidem
3564 4687 3666 4726 an-

2026 4762 2118 4813 tea
2167 4766 2384 4830 septem
2435 4759 2738 4830 spiritibus
2781 4759 2982 4816 afﬂata
3031 4764 3205 4830 atque
3247 4759 3480 4815 detenta
3509 4758 3666 4814 114

2027 4847 2226 4919 eisque
2256 4848 2328 4904 ob
2359 4848 2498 4904 Jesu
2533 4848 2796 4918 liberata,
2851 4849 2922 4905 de
2969 4853 3175 4904 caetero
3205 4847 3665 4904 conversandum

2026 4937 2456 5010 vivendumque
2517 4936 2628 4994 sibi
2673 4953 2806 4994 cum
2865 4941 3130 4994 curatore
3187 4952 3290 4993 suo
3348 4942 3663 5007 potaverat.

2025 5025 2388 5099 Quapropter
2417 5043 2550 5084 cum
2583 5027 2871 5084 Genitrice
2919 5027 3038 5090 Dei.
3088 5030 3144 5082 et
3183 5025 3432 5098 Salome,
3463 5030 3524 5083 et
3551 5026 3666 5082 alia

2097 5225 2173 5295 (2i
2204 5248 2234 5277 «
2268 5227 2564 5298 Perfectus
2594 5225 2860 5298 Christus
2900 5230 3010 5293 est,
3059 5243 3171 5282 non
3215 5229 3448 5298 propter
3477 5227 3665 5283 deita-

2026 5299 2144 5353 tem
2176 5297 2370 5367 modo,
2402 5315 2518 5369 qua
2550 5297 2690 5354 nihil
2724 5297 3054 5370 perfectius,
3098 5299 3198 5353 sed
3224 5297 3401 5353 etiam
3436 5303 3668 5370 propter

2024 5383 2260 5441 carnem
2307 5374 2690 5441 assumptum,
2741 5386 2868 5440 quae
2919 5370 3131 5424 deitate
3177 5374 3374 5437 uncta,
3423 5377 3478 5441 et
3509 5371 3660 5425 idem

2025 5440 2182 5514 quod
2214 5443 2410 5514 unctio
2444 5440 2595 5514 facta
2623 5447 2730 5514 est,
2781 5441 3043 5512 adeoque
3091 5442 3347 5496 condens
3394 5440 3665 5514 (ὁμὸθεο.)

2025 5511 2258 5584 ἴδοιο..)
2291 5511 2893 5584 (GregLThenlogusJ

2092 5582 2172 5654 (3)
2205 5581 2334 5638 Hec
2365 5581 2885 5656 ex'Hagiogtaphis
2915 5584 3208 5656 decerpta.
