4070 6274
357 339 472 402 ’731

1651 348 2071 411 NIGEPHOBI
2115 345 2462 411 CALLISTI

3641 342 3793 405 732

362 473 541 533 Maria
571 478 772 550 sponsi
802 477 1041 549 Josephi
1071 478 1210 546 filia,
1233 495 1301 536 ex
1331 479 1594 553 Cleophae
1626 481 1817 538 fratris
1842 483 1990 554 ejus,

2113 481 2309 549 ναικὸς,
2359 477 2587 541 ἄπαιδος
2636 475 2979 549 τεθνηκότος,
3039 477 3189 549 αὐτῷ
3238 475 3585 552 γεννηθείσῃ,
3632 496 3793 531 συν-

363 567 465 637 qui
496 566 619 622 sine
652 567 849 623 liberis
882 569 1196 638 procreatis
1227 570 1570 639 decesserat,
1604 572 1851 643 conjuge
1870 590 2000 643 pro-

363 659 576 719 creata,
612 659 781 722 atque
811 671 939 709 cum
974 656 1101 712 aliis
1148 656 1485 713 familiarem
1518 661 1997 717 consuetudinem

364 743 610 809 habens,
644 744 881 813 obsequi
916 752 970 800 et
996 745 1323 801 ministrare
1354 747 1583 804 Christo
1612 751 1670 804 et
1697 748 2002 821 discipulis

362 832 491 900 ejus
542 848 653 886 non
706 832 1117 889 intermiserat.
1170 834 1564 903 Magdalenam
1614 853 1784 908 porro
1828 839 2000 894 istam

363 919 699 975 Cbanauaeee
755 920 912 976 illius
952 921 1130 978 filiam
1172 939 1300 980 esse
1331 925 1567 995 quidam
1601 925 1999 996 prodiderunt.

366 1005 511 1063 Cum
541 1008 625 1064 eis
656 1012 874 1076 autem,
907 1027 1053 1081 quas
1086 1011 1368 1079 diximus,
1418 1014 1531 1069 alia
1561 1030 1791 1070 rursum
1826 1016 2002 1071 Maria

362 1096 696 1164 orat,.ludaa
725 1098 960 1168 Josephi
1011 1098 1133 1168 lilii,
1185 1100 1358 1157 unius
1406 1119 1474 1158 ex
1521 1103 1823 1160 duodecim
1858 1123 2003 1161 con-

356 1184 466 1255 jux
496 1184 571 1256 (1)
606 1201 620 1240 :
653 1202 830 1256 quam
860 1187 1036 1243 etiam
1070 1188 1313 1245 minoris
1364 1192 1559 1248 Jacobi
1606 1197 1663 1248 et
1698 1194 1848 1250 Josaa
1883 1212 1998 1250 ma-

362 1278 507 1331 trem
540 1277 807 1332 nonnulli
850 1288 1167 1335 memorant
1194 1280 1294 1351 (2).
1326 1281 1467 1337 Item
1501 1282 1721 1341 Joanna
1752 1285 2000 1341 ﬁliorum

362 1364 640 1433 Zebedsei,
671 1364 872 1422 Jacobi
903 1372 960 1423 et
988 1368 1229 1424 Joannis
1254 1377 1455 1427 mater.
1482 1372 1619 1441 Has,
1640 1375 1796 1445 quod
1832 1378 2001 1430 matri

362 1452 527 1521 Jesu,
561 1470 665 1509 nec
697 1454 893 1527 minus
925 1455 1161 1527 ipsimet
1187 1459 1475 1516 Servatori
1499 1462 1766 1519 omnibus
1796 1465 2002 1522 ofﬁciis

364 1541 707 1610 praestaudis
758 1542 956 1599 fideles
1004 1555 1219 1614 essent,
1271 1547 1397 1603 aliae
1431 1550 1627 1619 plures
1657 1568 1722 1606 ex
1753 1551 2005 1609 Gallileza

367 1630 779 1700 sequebantur,
806 1632 876 1687 ad
901 1634 1372 1692 vestimentorum
1403 1654 1568 1694 usum
1594 1640 2005 1714 reliquumque

368 1716 757 1774 ministerium
785 1724 1226 1790 percommode).
1252 1729 1347 1779 Has
1370 1726 1548 1797 igitur
1577 1729 1862 1786 desiderio
1887 1748 2005 1786 ma-

2110 575 2263 639 οῦσα,
2295 571 2382 624 καὶ
2432 573 2551 631 ταῖς
2603 566 2827 629 λοιπαῖς
2876 565 3245 641 θεραπεύουσα
3288 567 3380 621 καὶ
3431 563 3797 621 διακονοῦσα

2111 664 2334 731 Χριστῷ
2388 679 2447 713 τε
2504 657 2595 712 καὶ
2670 662 2785 719 τοῖς
2844 655 3008 710 αὐτοῦ
3089 657 3355 727 μαθηταῖς
3433 655 3532 709 οὐκ
3593 653 3786 710 ἀνίει.

2107 751 2212 816 Τὴν
2262 745 2631 821 Μαγδαληνῆν
2683 743 2740 801 δὲ
2785 744 2989 815 ταύτην
3036 744 3125 799 καὶ
3175 743 3441 819 θυγατέρα
3486 750 3588 811 τῆς
3635 748 3788 799 Χα-

2108 837 2324 900 ναναίας
2375 837 2503 892 εἷναί
2553 857 2695 900 τινες
2737 833 3065 891 ἐκδέδωκασι
3101 853 3112 864 ·
3169 835 3304 908 μετά
3359 854 3423 908 γε
3481 834 3588 906 μὴν
3644 836 3787 887 τῶν

2111 925 2414 1000 εἰρημένων
2465 925 2553 980 καὶ
2606 926 2814 999 Μαρίαν
2858 921 3059 993 ἄλλην,
3092 920 3266 978 Ἰνύδα
3319 923 3413 993 μέν
3460 923 3579 975 υἱοῦ
3630 922 3785 976 Ἰω-

2112 1016 2221 1091 σὴφ
2272 1015 2387 1078 ἑνὸς
2432 1019 2541 1069 τῶν
2582 1010 2791 1068 δώδεκα
2840 1014 3091 1088 σύζυγον,
3141 1013 3203 1080 ἢν
3248 1011 3340 1065 καὶ
3387 1013 3594 1083 μητέρα
3640 1011 3789 1064 Ἰα-

2110 1099 2295 1159 κώϐου
2326 1108 2421 1159 τοῦ
2473 1107 2672 1178 μικροῦ
2705 1101 2794 1156 καὶ
2844 1103 3001 1170 Ἰωσῆ
3055 1102 3331 1173 ἱστοροῦσι
3364 1116 3378 1130 ’
3428 1098 3516 1154 καὶ
3564 1097 3784 1155 Ἰωάν-

2108 1214 2203 1248 ναν
2248 1191 2455 1266 μητέρα
2508 1197 2616 1248 τῶν
2660 1193 2791 1246 υἱῶν
2838 1186 3149 1257 Ζεϐεδαίου,
3183 1184 3442 1246 Ἰακώϐου
3491 1184 3783 1258 δηλονότι

2111 1283 2201 1339 καὶ
2252 1285 2523 1341 Ἰωάννου.
2571 1283 2798 1343 Ταύταις
2845 1280 2939 1336 οὖν
2988 1281 3065 1343 ὡς
3108 1280 3177 1334 τὰ
3232 1279 3396 1334 πιστὰ
3452 1282 3520 1351 τῇ
3580 1277 3779 1352 μητρὶ

2110 1376 2207 1428 τοῦ
2257 1373 2435 1441 Ἰησοῦ
2481 1372 2570 1426 καὶ
2617 1371 2765 1437 αύτῷ
2813 1370 2863 1446 γ’
2912 1369 3103 1441 ἐκείνῳ
3148 1367 3468 1446 φρονούσαις
3510 1365 3602 1420 καὶ
3650 1364 3781 1420 ἆλ-

2112 1459 2206 1516 λαι
2234 1459 2459 1522 πλείους
2492 1461 2596 1514 ἀπὸ
2643 1467 2743 1528 τῆς
2787 1456 3081 1521 Γαλιλαίας
3131 1456 3444 1534 ἐφείποντο,
3476 1455 3609 1520 πρὸς
3650 1455 3775 1523 τὴν

2108 1551 2217 1605 τῶν
2264 1547 2577 1616 ἐνδυμάτων
2640 1547 2825 1623 χρείαν
2876 1546 2967 1602 καὶ
3024 1544 3205 1615 ἄλλην
3264 1542 3532 1600 διακονίαν
3585 1540 3777 1612 δεξιαὶ

2110 1640 2510 1710 κιθορώμεναι.
2565 1637 2732 1692 Δῦται
2783 1638 2969 1691 τοίνυν
3023 1639 3101 1706 τῷ
3149 1636 3303 1706 πόθῳ
3348 1637 3446 1688 τοῦ
3496 1629 3778 1688 διδασκά-ι

2114 1727 2215 1784 λου
2245 1727 2606 1804 φλεγόμεναι,
2636 1725 2716 1799 τῷ
2766 1724 2823 1780 δὲ
2871 1719 3027 1803 φόϐῳ
3074 1729 3181 1779 τῶν
3233 1720 3476 1778 διωκτῶν
3524 1718 3775 1775 συστελο

369 1805 539 1877 gistri
571 1806 907 1878 ﬂagrantes,
959 1815 1115 1865 metu
1164 1817 1353 1868 autem
1404 1820 1835 1885 persecutorum
1879 1838 2004 1876 sese

373 1894 708 1918 --L:L-_L--
783 1897 834 1918 1-
893 1899 1128 1918 n_Ll,-.,
1275 1902 1285 1913 ο
1332 1908 1340 1918 ι
1681 1911 1689 1918 .
1762 1909 1778 1918 .
1888 1910 1898 1918 ι
1966 1916 1973 1918 .

2114 1815 2365 1890 λόμεναι,
2410 1817 2473 1870 τὸ
2537 1816 2629 1888 μὲν
2693 1810 2972 1918 Σάϐϐῗτον
3022 1815 3214 1918 ἐὴῖυχῆ
3276 1810 3557 1918 μένεινχῆ-
3597 1806 3777 1917 θέμις

372 1894 730 1965 cohibentes,
783 1897 841 1952 in
893 1899 1142 1956 Sabbalo
1191 1902 1395 1973 quietas
1440 1920 1583 1974 esse,
1634 1911 1699 1962 ut
1746 1909 2003 1977 decebat,

374 1983 753 2053 cogebantur.
786 1986 925 2042 Sero
955 1995 1148 2045 autem
1181 1991 1581 2057 Sabbatorum,
1615 1996 1721 2052 hoc
1742 2006 1846 2066 esl,
1883 2005 2011 2069 post

372 2071 624 2128 Sabbata
672 2075 865 2130 omnia
930 2077 1297 2147 (consuevere
1357 2089 1549 2139 autem
1600 2086 1788 2142 Judaei
1847 2088 2008 2159 ipsos

374 2162 500 2218 dies
528 2169 749 2234 septem
782 2164 1032 2223 Sabbata
1064 2172 1302 2239 vocare),
1349 2180 1478 2244 post
1527 2177 1701 2231 totius
1744 2178 2011 2237 videlicet

373 2250 755 2308 hebdomadis
805 2261 1100 2325 peractum
1152 2261 1485 2326 circuitum.
1540 2270 1597 2320 et
1644 2272 1775 2337 post
1804 2270 2006 2325 mediae

371 2342 559 2395 noctis
592 2340 761 2397 horas
809 2343 984 2400 unius
1030 2346 1436 2419 Sabbatorum,
1477 2351 1601 2424 ipsa
1633 2354 1907 2412 nimirum
1939 2357 2006 2413 il-

368 2430 699 2485 lucescente
751 2432 1070 2501 Dominica,
1123 2435 1305 2493 Maria
1361 2439 1723 2512 Magdalena,
1781 2454 1835 2501 et
1893 2447 2005 2502 alia

367 2516 548 2573 Maria
578 2519 696 2587 (Dei
728 2535 860 2576 vero
904 2522 1254 2581 Gcnitricem
1291 2527 1436 2583 banc
1465 2545 1613 2598 esse,
1660 2535 1806 2589 sacri
1838 2535 2005 2591 nobis

365 2606 669 2676 prodidere
698 2606 879 2681 libri),
917 2614 981 2667 ut
1010 2612 1248 2685 reliquis
1298 2617 1657 2689 lervidiores,
1690 2622 2006 2680 vehemen-

365 2694 631 2767 tioreque
680 2697 895 2754 affectae
956 2699 1171 2772 dolore,
1226 2713 1522 2775 unguenta
1578 2712 1843 2780 quaedam
1899 2714 2006 2769 rite

365 2789 686 2857 praeparata
743 2787 1022 2846 habentes
1076 2793 1482 2864 adveniebant,
1545 2799 1616 2854 de
1670 2800 2001 2858 Judaeorum

365 2874 785 2934 consuetudine
818 2876 1021 2934 Jesum
1071 2886 1347 2952 unctura},
1399 2890 1573 2958 atque
1616 2904 1682 2942 ex
1717 2893 2004 2948 matutino

366 2964 620 3032 tempore
651 2965 1112 3040 comploraturm,
1161 2970 1550 3046 lacrymisque
1602 2977 1744 3033 adeo
1774 2979 2003 3035 animo-

367 3067 493 3105 rum
521 3068 822 3110 mmrorem
844 3058 1381 3119 exsatiatumEcce
1394 3069 1588 3120 autem
1604 3066 1854 3137 lapidem
1873 3084 2002 3125 con-

367 3138 625 3210 spiciunt
662 3140 828 3211 longe
872 3160 906 3198 a
955 3146 1178 3204 foribus
1222 3150 1579 3219 devolutum,
1613 3155 2003 3229 angelumque

367 3227 418 3284 ei
448 3228 825 3301 insidentem,
853 3232 998 3292 lucis
1023 3236 1244 3309 fulgore
1264 3241 1462 3297 oculos
1487 3227 1998 3319 perstringentc—m,

368 3317 635 3390 bonoque
656 3322 851 3377 animo
881 3341 978 3381 eas
1009 3342 1152 3395 esse,
1176 3337 1347 3399 atque
1368 3333 1644 3405 evestigio
1665 3317 1998 3404 redeuntes,

369 3406 573 3478 mystis
590 3408 1010 3485 discipulisque
1038 3433 1169 3472 cum
1204 3418 1402 3475 laetitia
1422 3425 1896 3482 resurrectionem
1922 3444 2004 3483 re-

367 3497 638 3554 nuntiare
675 3499 1004 3570 jubentem.
1059 3504 1498 3566 Revertentibus
1537 3513 1730 3585 itaque
1759 3515 1875 3571 illis
1905 3517 2002 3573 ob-

369 3583 491 3642 vius
524 3587 588 3641 ﬁt
635 3588 921 3661 Christus,
968 3594 1184 3651 salvere
1230 3613 1328 3653 eos
1362 3601 1594 3670 jubens,
1636 3583 1919 3678 Petroque
1949 3615 2002 3662 et

366 3673 676 3746 discipulis
707 3679 916 3750 dicere,
951 3687 1013 3738 ut
1044 3685 1230 3753 primo
1261 3704 1491 3760 quoque
1521 3695 1779 3764 tempore
1808 3673 1865 3749 in
1897 3696 2002 3752 Ga.

369 3761 603 3829 lilaaam,
628 3766 1014 3826 desideratum
1044 3773 1249 3845 ipsum
1270 3777 1473 3846 visuri,
1500 3761 1664 3835 irent.
1689 3784 1874 3853 Atque
1893 3785 2003 3839 illas

371 3852 602 3921 quidem
629 3860 862 3925 stupore
895 3860 1076 3917 multo
1126 3866 1420 3934 perculsa,
1464 3869 1541 3924 ita
1570 3852 1793 3928 abiere.
1815 3872 2005 3928 Prima

374 3939 496 3995 haec
526 3947 654 4011 post
696 3950 1175 4007 resurrectionem
1225 3955 1452 4011 duabus
1500 3957 1695 4015 Mariis
1726 3963 2006 4033 apparitio

376 4032 550 4099 atque
607 4033 884 4092 exhibitio
943 4040 1112 4104 facta,
1172 4058 1346 4112 quam
1394 4047 1542 4103 115
1593 4032 1894 4107 Μειιὶιδὲυε
1951 4054 2010 4108 et

374 4116 596 4172 Marcus
645 4118 1054 4192 depraedicunt.
1105 4128 1225 4185 Illa;
1273 4131 1467 4201 igitur,
1520 4140 1581 4188 ut
1618 4136 1807 4192 dicere
1838 4140 2004 4209 ccepi,

373 4205 591 4274 abiere,
625 4209 826 4266 timore
873 4229 906 4268 a
949 4231 1011 4271 se
1043 4216 1185 4284 ipsis
1216 4219 1587 4287 dissidentes,
1622 4241 1809 4295 neque
1839 4205 2009 4297 quid;

372 4309 542 4365 quam
575 4312 771 4354 eorum
806 4318 931 4371 qua
962 4302 1243 4362 vidissent
1273 4310 1629 4367 nuntiantes.
1665 4313 2009 4385 Magdalena

372 4390 527 4439 certe
556 4385 817 4456 quidem,
851 4391 1022 4447 sicuti
1051 4393 1308 4451 Joannes
1339 4399 1564 4465 scribit,
1598 4401 1883 4459 desiderio
1919 4411 2007 4459 ta-

373 4474 635 4546 bescens,
668 4478 739 4533 ad
789 4489 1235 4541 monumentum
1281 4488 1469 4559 rediit,
1504 4490 1831 4564 iterumque
1864 4496 2007 4565 lapi-

2116 1905 2591 1981 κατηναγκάζοντο
2622 1923 2634 1937 ’
2688 1904 2787 1977 ὀψὲ
2837 1900 2894 1957 δὲ
2939 1896 3259 1970 Σαϐϐἀτων,
3308 1901 3338 1956 ’ὀ
3387 1897 3589 1970 δηλοῦν
3642 1896 3775 1952 ἐστι

2120 1995 2254 2069 μετὰ
2301 1994 2472 2049 πάντα
2526 1994 2593 2049 τὰ
2637 1988 2889 2049 Σάϐϐατα
2921 2010 2934 2024 ⁸
2991 1985 3113 2052 ἔθος
3166 1987 3225 2045 δὲ
3281 1983 3550 2063 Ἑϐραίοις
3609 1981 3774 2042 Σάϐ-

2116 2079 2252 2139 ϐατα
2292 2085 2388 2146 τὰς
2433 2084 2566 2137 ἑπτα
2611 2081 2819 2156 ἡμέρας
2863 2079 3074 2149 καλεῖν,
3115 2079 3278 2134 οἱονεὶ
3325 2078 3461 2151 μετὰ
3503 2077 3604 2146 τὴν
3653 2079 3769 2141 τῆς

2116 2169 2421 2245 ἑϐδομάδος
2470 2171 2611 2242 ὅλην
2668 2169 2921 2244 περίοδον
2953 2189 2964 2202 ·
3032 2170 3167 2242 μετά
3218 2167 3315 2232 τὰς
3373 2164 3774 2241 μεσονυκτίους

2114 2260 2258 2336 ὥρας
2299 2268 2398 2329 τῆς
2452 2265 2577 2332 μιᾶς
2624 2254 2943 2327 Σαϐϐἀτων,
2976 2255 3152 2312 εἷ’τουν
3201 2257 3369 2322 αὐτῆς
3415 2254 3770 2327 ἐπιφωσκού-

2114 2372 2213 2421 σης
2276 2358 2569 2424 Κυριακῆς,
2619 2352 2653 2419 ἡ
2714 2345 3052 2423 Μαγδαληνή
3115 2347 3320 2420 Μαρία,
3367 2345 3456 2400 καὶ
3513 2346 3548 2413 ἡ
3603 2341 3770 2414 ἄλλη

2113 2441 2295 2514 Μαρία
2329 2459 2342 2472 ·
2387 2442 2485 2506 τὴν
2534 2436 2796 2493 Θεοτόκον
2847 2434 2892 2491 δ’
2948 2437 3082 2491 εἶναι
3125 2436 3326 2505 ταύτην
3377 2433 3519 2509 ἱεραὶ
3568 2427 3771 2508 βίϐλοι

2113 2532 2249 2603 ἡμῖν
2299 2526 2658 2584 ἐκδεδώκασιν
2696 2546 2708 2558 ·
2758 2527 2833 2589 ὡς
2881 2531 2991 2581 τῶν
3041 2524 3228 2581 ἄλλων
3282 2523 3603 2597 θερμότεραι
3665 2523 3766 2577 καὶ

2111 2619 2585 2692 περιπαθέστεραι,
2675 2614 2818 2689 μύρα
2898 2616 3021 2669 τινὰ
3106 2612 3522 2689 εύτρεπίσασαικ
3586 2630 3768 2683 παρε-

2109 2707 2350 2784 γένοντο,
2411 2705 2593 2782 ὥσπερ
2661 2707 2728 2774 ἧν
2807 2702 3094 2765 Ἰουδαίοις
3161 2699 3302 2773 ἔθος,
3366 2702 3591 2777 μυρίσαι
3660 2702 3761 2756 τὸν

2112 2799 2344 2867 Ἰησοῦν,
2396 2793 2629 2850 κλαῦσαί
2685 2815 2742 2849 τε
2797 2792 2849 2866 ἐξ
2909 2793 3157 2864 ἑωθινοῦ,
3208 2790 3301 2846 καὶ
3354 2796 3474 2853 τοῖς
3529 2788 3760 2865 δάκρυσι

2109 2887 2172 2941 τὸ
2218 2888 2315 2953 τῆς
2365 2888 2553 2958 ψυχῆς
2610 2882 2776 2958 ἄλγος
2828 2881 3136 2937 ἀκέσασθαι.
3186 2880 3284 2934 Καὶ
3333 2877 3401 2948 δὴ
3453 2881 3545 2935 τὸν
3599 2876 3756 2933 λίθον

2113 2976 2283 3050 ὁρῶσι
2343 2973 2552 3046 μακρὰν
2607 2978 2708 3039 τῆς
2767 2969 2929 3044 θύρας
2989 2966 3329 3037 διαπεσόντα,
3370 2969 3464 3023 καὶ
3517 2966 3751 3042 ἄγγελον

2111 3062 2290 3134 τούτῳ
2352 3063 2817 3135 ὑπερκαθήμενον,
2874 3060 3052 3137 φωτὸς
3129 3058 3377 3133 ἀστραπῇ
3431 3058 3527 3118 τὰς
3593 3056 3742 3128 ὄψεις

2111 3150 2509 3221 ἐκπλήττοντα,
2578 3148 2791 3223 θαῤῥεῖν
2849 3169 2909 3204 τε
2965 3145 3409 3223 ἐγκελευόμενον,
3468 3144 3556 3200 καὶ
3625 3145 3748 3198 θᾶτ-

2105 3262 2199 3297 τον
2247 3241 2458 3295 ἀπιέναι
2514 3244 2630 3299 τοῖς
2684 3238 2909 3311 μύσταις
2970 3235 3417 3313 εὐαγγελίσασθαι
3473 3235 3577 3303 τὴν
3629 3232 3754 3286 ἀνά-

2109 3352 2310 3388 στασιν.
2371 3330 2632 3386 Ὀπισθεν
2686 3326 2858 3382 τοίνυν
2931 3325 3353 3400 ἀνατρεχούσαις
3429 3323 3753 3397 προσυπήν-

2107 3440 2176 3476 τα
2227 3418 2446 3480 ταύταις
2505 3417 2762 3490 Χριστὸς,
2839 3412 3136 3489 Χαίρετε,
3213 3409 3749 3489 προσφθεγγόμενος,

2117 3510 2303 3584 Πέτρῳ
2358 3527 2418 3562 τε
2473 3505 2563 3561 καὶ
2619 3510 2737 3566 τοῖς
2797 3505 3067 3578 μαθηταῖς
3124 3499 3509 3576 ἀπαγγέλλειν,
3542 3501 3598 3553 οἵ
3643 3519 3751 3553 πο-

2112 3594 2219 3652 δῶν
2270 3595 2415 3671 ἔχειν
2466 3594 2618 3663 ἥκειν
2671 3593 2747 3655 είς
2795 3590 3110 3661 Γαλιλαίαν,
3141 3590 3232 3645 καὶ
3280 3590 3495 3644 θεᾶσθαι
3541 3585 3610 3656 δὴ
3655 3587 3750 3642 τὸν

2112 3685 2471 3758 ποθούμενον.
2554 3682 2655 3739 Καὶ
2738 3683 2793 3736 αἱ
2880 3681 2976 3754 μὶν
3063 3675 3259 3752 θάμϐει
3344 3677 3749 3753 περισχεθεῖσαι

2112 3774 2312 3846 πολλῷ
2354 3773 2614 3847 ἀπῄεσαν.
2669 3772 2864 3845 Πρώτη
2925 3768 3059 3839 αὕτη
3124 3768 3257 3842 μετὰ
3311 3765 3753 3869 τΪλνΙᾶνάστασιγ

2111 3868 2231 3925 ταῖς
2291 3861 2409 3917 δυσὶ
2467 3861 2699 3930 Μαρίαις
2755 3857 3033 3932 ἐμφάνεια,
3092 3857 3153 3925 ἣν
3208 3855 3482 3916 Ματθαῖός
3537 3873 3596 3908 τε
3658 3855 3753 3907 καὶ

2115 3954 2332 4027 Μάρκος
2375 3950 2804 4026 διαγορεύουσιν.
2856 3948 2920 4002 Δὶ
2973 3947 3066 4020 μὶν
3119 3943 3208 4000 οὗν
3257 3943 3426 4004 οὕτως
3476 3939 3748 4011 ἀπῆλθον,

2113 4047 2191 4114 τῷ
2238 4037 2394 4118 φόϐῳ
2438 4037 2868 4115 διαφωνήσασαι,
2926 4033 3095 4108 μηδὲν
3147 4034 3395 4089 εἰποῦσαι
3452 4033 3526 4087 ὢν
3583 4032 3756 4104 ἕωρά-

2113 4151 2312 4187 κεισαν.
2372 4130 2435 4184 Ἡ
2515 4130 2697 4201 μέντοι
2769 4122 3136 4200 Μαγδαληνὴ,
3192 4122 3329 4176 κατὰ
3402 4121 3492 4175 τὸν
3568 4120 3754 4175 Ἰωάν-

2115 4227 2237 4288 νην,
2294 4223 2373 4289 τῷ
2423 4218 2579 4289 πόθῳ
2637 4215 2999 4288 ἐκτηκομένη,
3054 4211 3222 4268 πάλιν
3292 4209 3380 4266 ἐπὶ
3435 4209 3498 4264 τὸ
3560 4215 3756 4280 μνῆμα

2114 4308 2239 4379 ἥκει
2272 4327 2285 4341 ⁸
2318 4310 2410 4364 τόν
2455 4329 2514 4363 τε
2562 4306 2714 4362 λίθον
2746 4304 2969 4376 ἀρθέντα
3019 4301 3205 4358 ἰδοῦσα
3248 4299 3421 4371 αὖθις,
3472 4297 3602 4372 ὄναρ
3649 4297 3753 4372 γὰρ

2116 4398 2252 4473 ᾤετο
2307 4399 2341 4453 ’ὰ
2392 4397 2729 4471 προεώρακε,
2783 4390 3006 4467 δραμεῖν
3067 4391 3261 4446 αὐτίκα
3312 4388 3403 4443 καὶ
3462 4386 3650 4462 Πέτρῳ
3696 4405 3758 4440 τε

2117 4489 2204 4545 καὶ
2254 4488 2472 4559 Ἰωάννῃ
2528 4489 2644 4545 τοῖς
2702 4480 3051 4556 θερμοτέροις
3101 4476 3430 4552 ἀπαγγεῖλαι
3478 4479 3584 4530 τῶν
3650 4493 3757 4547 μα-

374 4565 505 4622 dem
536 4566 829 4624 sublatum
850 4572 1053 4628 videns
1074 4574 1387 4643 (somnium
1412 4579 1562 4635 enim
1588 4597 1687 4635 seu
1722 4583 2001 4639 visionem

2114 4578 2311 4647 θητῶν,
2373 4574 2539 4645 ἧρθαι
2601 4574 2695 4645 μὲν
2733 4575 2830 4627 τοῦ
2894 4567 3315 4673 μνημὲουιιτξν
3370 4560 3760 4673 ἰησοῦν,¹ἀγο

373 4652 486 4711 sibi
516 4655 729 4712 vidisse
776 4657 899 4714 visa
930 4660 1144 4733 fuerat)
1192 4667 1494 4722 confestim
1535 4673 1807 4740 cucurrit,
1844 4672 2005 4729 Petro

2114 4670 2253 4721 νοεῖν
2317 4664 2503 4736 μέντοι
2547 4661 2655 4731 ὅπη
2713 4666 2814 4732 γῆς
2873 4656 2981 4728 ε’ίη.
3043 4662 3129 4711 Ἐν
3191 4657 3358 4729 ἀγῶνι
3421 4649 3468 4706 δ’
3519 4648 3759 4740 έκείνους

371 4751 427 4798 et
454 4743 665 4800 Joanni
694 4747 792 4818 qui
829 4750 1066 4820 reliquis
1094 4755 1345 4811 acriores
1395 4757 1814 4833 calidioresque
1845 4768 2010 4817 erant

370 4833 669 4903 apostolis,
733 4838 1030 4895 sublatum
1073 4842 1303 4913 quidem
1364 4861 1394 4900 e
1455 4855 1827 4905 monumento
1884 4864 2010 4905 esse

369 4920 594 4989 Jesum,
627 4940 688 4979 se
717 4931 905 4982 autem
958 4930 1054 4985 ubi
1086 4930 1344 4988 locorum
1378 4941 1533 4991 esset
1582 4937 1863 5007 ignorare,
1900 4956 2009 4994 an-

376 5011 734 5069 nuntiatura.
785 5015 875 5071 Illi
926 5034 1094 5088 porro
1142 5020 1375 5078 solliciti
1425 5028 1599 5096 atque
1630 5028 1783 5083 anxii
1817 5028 2009 5083 confe-

372 5100 509 5155 stim
540 5104 610 5158 ad
664 5105 994 5174 sepulcrum
1046 5125 1365 5179 accurrere,
1397 5116 1566 5185 atque
1597 5117 1753 5174 intus
1785 5119 1893 5175 rite
1924 5117 2009 5174 lo-

375 5203 558 5260 coque
587 5208 694 5248 suo
724 5196 1075 5266 sepulcralia
1109 5198 1288 5257 lintea
1318 5204 1643 5274 composita
1672 5222 1927 5273 cernere,
1959 5212 2015 5263 ct

374 5280 684 5338 verborum
718 5300 845 5354 quis
893 5284 944 5341 is
982 5287 1083 5357 qui
1114 5296 1506 5348 resurrexerat
1537 5294 1870 5364 prolocutus
1901 5296 2013 5353 fue-

449 5418 529 5497 (t)
556 5422 749 5478 Malim
782 5423 984 5497 legere,
1033 5434 1238 5487 mater.
1290 5430 1561 5489 Sedenim
1606 5438 1664 5491 et
1702 5436 1886 5492 Judas
1912 5436 2015 5491 Ja-

379 5490 647 5576 cobi,_§c
695 5490 936 5576 proinde
969 5490 1042 5555 'et
1065 5499 1323 5576 Δροῑῐιίυί
1374 5504 1569 5573 frater,
1619 5490 1768 5562 infra
1794 5490 1897 5563 lib.
1922 5490 2012 5576 ιιι,

378 5575 501 5650 cap.
656 5572 894 5636 nepotes
932 5570 1197 5650 _ex_filio,
1248 5573 1454 5650 itaque
1485 5563 1915 5650 et'conjugem,
1947 5563 2016 5634 ei

380 5647 498 5703 qua
527 5632 691 5692 illum
722 5632 995 5712 suscepit,
1024 5632 1297 5702 habuisse
1323 5632 2015 5708 s‘oribiturJV'eru’m—eam

2117 4752 2435 4828 γεγονότας,
2495 4750 2583 4805 ἐπὶ
2630 4750 2721 4805 τὸν
2780 4748 2950 4823 τάφον
3008 4745 3161 4807 εὐθὺς
3218 4743 3522 4818 ἀφικέσθαι.
3571 4736 3762 4795 Ἒνδον

2119 4842 2177 4899 δὲ
2232 4844 2554 4918 γενομένους
2611 4842 2699 4895 καὶ
2770 4837 2825 4894 ἒν
2891 4838 3086 4911 κόσμῳ
3162 4833 3385 4933 κείμενα
3438 4832 3506 4886 τὰ
3538 4829 3763 4933 ..ὀθόνια

2116 4932 2459 5000 κατιδόντας,
2518 4936 2586 5005 τῇ
2644 4932 2737 5003 μὲν
2790 4929 3068 4983 ἀναστάσει
3140 4927 3439 4986 πιστεῦσαι,
3496 4924 3762 5024 τιξνντου

2119 5024 2439 5083 ἀναστάντος
2497 5020 2549 5075 ἐν
2626 5020 2817 5093 μνήμῃ
2888 5016 3177 5093 γεγονότας
3249 5014 3445 5089 φωνῶν
3476 5027 3489 5042 ·
3551 5005 3641 5062 διά
3697 5027 3764 5080 γε

2123 5113 2230 5184 μὴν
2290 5109 2380 5164 τὸν
2439 5105 2610 5185 φόϐον
2670 5106 2819 5166 αὖθις
2877 5105 3012 5176 πρὸς
3081 5099 3303 5162 ἑαυτοὺς
3374 5094 3764 5203 συρταλῆναι;

2121 5198 2331 5272 Μαρίαν
2383 5184 2718 5253 δ’ίὲστῶσαν
2770 5195 2876 5269 πρὸ
2905 5191 3006 5249 τοῦ
3058 5193 3343 5264 μνήματος
3396 5184 3627 5251 κλαίειν,
3668 5184 3766 5239 καὶ

2121 5289 2173 5344 ἐν
2223 5289 2414 5364 ἀπόρῳ
2464 5288 2756 5357 ποιεῖσθαι,
2806 5288 2922 5346 πῶς
2969 5302 3104 5338 ποτε
3145 5281 3247 5354 ἀρα
3304 5278 3333 5332 ὁ
3387 5276 3572 5349 νεκρὸς
3631 5273 3773 5328 ἀπό-

2122 5434 2464 5516 conjugem,
2489 5432 2537 5488 si
2588 5430 2771 5516 Maria
2807 5420 3477 5516 nominat-aluittaliam
3509 5435 3544 5475 a
3575 5419 3770 5474 matre

2120 5501 2331 5563 Jacobi
2353 5508 2410 5561 et
2439 5504 2607 5574 lose,
2638 5508 2772 5571 etc.,
2804 5501 2983 5557 fuisse
3011 5510 3248 5579 necesse
3277 5501 3380 5550 est.

2191 5578 2273 5650 (2)
2303 5575 2647 5647 Discrepant
2673 5573 2789 5632 ista
2811 5590 2844 5630 a
2872 5586 3000 5644 cap.
3031 5569 3066 5625 3
3103 5568 3238 5625 libri
3267 5560 3587 5636 sequentis.
