4070 6274
1650 247 2072 310 NICEPHORI
2115 249 2464 314 CALLISTI

909 381 1139 439 CAPUT
1176 382 1436 440 XXXIV.
2028 387 2080 452 Α

356 511 576 576 Quoties
606 519 656 569 et
693 511 893 583 quibus
935 527 1006 567 ea:
1055 511 1342 584 discipulis
1377 514 1741 584 apparuerit:
1785 519 1848 567 ut
1876 514 1999 584 pri-

425 600 577 638 mum
605 582 811 638 scilicet
845 584 998 655 Luem
1027 587 1078 637 et
1128 582 1357 655 Cleopae,
1407 583 1604 640 deinde
1625 586 1857 655 _vesperi
1879 582 1994 639 un-

423 655 600 710 decim
646 653 910 724 apostolis
958 655 1156 709 clausis
1195 653 1391 725 januis
1441 653 1744 710 videndum'
1761 671 1818 710 se
1844 671 1996 722 pra:—

427 727 651 780 buerit:
700 732 751 780 et
795 731 857 780 ut
893 731 1007 796 post
1054 726 1170 781 dies
1221 733 1340 782 octo
1391 727 1460 782 ab
1507 727 1746 797 apostolo
1789 726 1996 784 Thoma

426 799 494 851 sit
523 801 905 852 contrectatus.

353 249 472 310 135
1650 249 2072 310 NICEPHORI
2115 249 2464 314 CALLISTI
3657 251 3802 320 736

2735 396 2965 448 ΚΕΦΑΛ
3005 397 3124 448 KA'.

2103 513 2362 594 Ὁσάκις
2421 516 2527 568 καὶ
2583 517 2721 570 τίσι
2759 522 2886 570 τῶν
2918 517 3240 594 μαθητῶν
3279 516 3608 594 ἀνεφάᾳνηι·
3663 515 3798 570 καὶ

2175 585 2257 660 ὡμς
2297 591 2556 660 πρῶτον
2596 585 2937 660 τοῖςᾼπερῖ
2977 585 3230 642 Λουκᾶν
3271 589 3378 642 καὶ
3410 585 3796 660 Ἠλεόπαν,

2176 657 2314 732 εἶτα
2350 655 2722 732 ὂψί-αςῗτοίς
2763 655 2994 714 ἕνδέκα
3031 664 3156 714 τῶν
3189 661 3409 732 ,θυρῶν
3448 655 3798 714 κεκλεισεὲ

2178 726 2654 803 μένων’ὤφθ-η’
2715 733 2821 803 καὶ
2880 732 3014 803 μεθ’
3073 726 3331 802 ἡμέρας
3385 730 3564 787 ὀκτὼ
3642 733 3796 786 ὑπὸ

2173 799 2288 854 τοῦ
2329 799 2712 856 ἀποστόλου
2751 799 3162 878 ἐψηλαφήθη
3206 799 3423 876 Θωμᾶ.

426 920 728 992 Deinceps,
762 920 990 992 quoties
1023 919 1320 992 discipulis
1359 921 1716 994 apparuerit,
1749 921 1991 993 quibus-

357 1025 469 1081 que
493 1009 676 1081 signis
723 1013 781 1065 et
829 1009 1152 1080 miraculis,
1182 1009 1268 1066 eis
1291 1011 1572 1080 perculsis
1605 1013 1870 1082 cognitus
1899 1015 1994 1082 sit,

355 1115 428 1154 ne
467 1099 612 1172 ipsis
643 1098 905 1172 quidem,
957 1099 1058 1171 qui
1114 1099 1238 1155 suis
1268 1097 1528 1168 ipsorum
1561 1101 1747 1157 oculis
1777 1119 1843 1158 ea
1873 1118 2000 1174 spe-

356 1193 607 1258 ctarunt,
659 1188 720 1244 in
771 1189 1002 1262 publico
1052 1195 1432 1245 monumenta
1481 1192 1678 1246 referri
1734 1199 1998 1264 oportere

353 1277 542 1334 visum
574 1285 683 1344 est,
714 1277 952 1334 sublimi
983 1279 1285 1350 Deumque
1306 1279 1546 1336 decente
1571 1285 1788 1338 terrore
1817 1281 1997 1337 simul

356 1373 414 1424 et
443 1367 826 1424 admiratione
875 1368 1062 1425 facilis
1111 1369 1670 1441 compendiarissque
1715 1372 1996 1426 orationis

359 1459 721 1514 occasionem
772 1457 889 1514 illis
942 1458 1283 1530 praebente:
1333 1458 1544 1530 quippe
1587 1460 1805 1532 quibus
1851 1459 1993 1516 illud

2177 925 2444 979 Ἐντεῦθεν
2505 923 2688 987 ὁσάκις
2747 923 2988 1004 ἐμφανὴς
3045 930 3162 990 τοῖς
3233 925 3460 998 μύσταις
3515 925 3792 1000 ἐγένετο,

2105 1012 2252 1076 ὅσοις
2311 1035 2368 1070 τε
2416 1015 2666 1088 σημείοις
2721 1017 2810 1070 καὶ
2873 1017 3054 1090 τέρασι
3111 1017 3509 1088 καταπλήττων
3559 1017 3792 1078 αὐτοὺς

2104 1097 2366 1179 ἔγνωστο,
2427 1102 2550 1160 οὔτε
2611 1110 2727 1168 τοῖς
2803 1105 3096 1167 αὖτόπταις
3171 1107 3581 1182 ἀναγράψασθαι
3659 1103 3791 1160 δεῖν

2105 1190 2300 1263 ἐδόκει,
2358 1200 2460 1263 τῆς
2535 1196 2867 1269 θεοπρεποῦς
2940 1195 3282 1271 γοργότητος
3355 1200 3456 1250 τοῦ
3539 1215 3798 1250 συντετ-

2109 1282 2360 1354 μημένου
2401 1282 2572 1358 λόγου
2624 1281 2872 1347 διδόντος
2925 1285 2986 1339 τὸ
3035 1284 3370 1362 πρόχειρον
3424 1283 3678 1358 μελέτην
3724 1305 3791 1339 τε

2105 1373 2448 1446 ποιούμενοι,
2517 1374 2614 1428 ὅσα
2683 1374 2820 1448 πρὸς
2877 1374 3054 1428 πίστιν
3118 1373 3352 1447 ἐξαρκεῖν
3428 1379 3544 1436 τοῖς
3626 1375 3792 1428 ἀνα-

2104 1461 2240 1532 ξίοις
2297 1463 2387 1518 καὶ
2452 1463 2834 1539 ὀλιγοπίστοις
2892 1461 3117 1537 ἔμελλε,
3147 1467 3314 1518 ταῦτα
3371 1460 3438 1531 δὴ
3497 1465 3784 1538 παραθεῖ.

360 1547 555 1604 studio
606 1546 799 1615 fuerit,
850 1551 916 1604 ut
952 1563 1018 1602 ea
1056 1551 1284 1604 tantum
1333 1553 1704 1619 exponerent,
1753 1565 1877 1620 quae
1925 1550 1994 1604 ad

2110 1569 2227 1604 ναι·
2260 1551 2326 1605 τὰ
2378 1549 2435 1606 δὲ
2481 1549 2709 1606 πλεῖστα
2755 1555 2835 1623 τῷ
2879 1557 2980 1619 τῆς
3031 1557 3242 1620 σιωπῆς
3292 1547 3560 1623 ἀκινδύνῳ
3605 1550 3786 1605 κατέ-

358 1635 536 1691 fidem
569 1651 684 1692 non
714 1635 856 1691 satis
901 1633 1128 1691 idoneis
1170 1651 1491 1708 parumque
1519 1637 1772 1693 credulis
1806 1637 1994 1693 homi-

2110 1642 2313 1714 κρύψαν
2351 1658 2365 1672 ⁸
2429 1642 2526 1696 Ἑν
2594 1641 2888 1713 ἡμέραις
2952 1639 3094 1714 γὰρ,
3155 1639 3318 1718 φησὶν
3391 1641 3420 1695 ὁ
3486 1640 3782 1716 θεηγόρος

357 1723 532 1780 nibus
563 1725 888 1782 faciendam
919 1725 1268 1792 sufﬁcerent,
1321 1725 1574 1798 plurima
1603 1731 1798 1782 autem
1827 1742 1994 1783 secu-

2110 1735 2338 1798 Λουκᾶς,
2373 1731 2454 1802 μ’,
2495 1727 2563 1784 ἐκ
2607 1727 3122 1802 διαλειμμάτων
3163 1731 3395 1792 αὐτοῖς
3447 1728 3781 1802 ἐμφανὴς

359 1812 515 1869 ritati
562 1813 778 1870 silentii
827 1811 1270 1871 committerent.
1310 1815 1509 1872 Diebus
1557 1818 1724 1886 enim,
1764 1815 1996 1872 divinus

361 1901 554 1973 inquit
584 1903 792 1970 Lucas,
826 1903 1188 1975 quadraginta
1215 1920 1286 1960 ea:
1314 1903 1620 1960 intervallis
1648 1921 1703 1962 se
1751 1906 1869 1961 illis
1898 1921 1998 1961 ea:-

362 1989 571 2060 hibens,
619 1999 671 2048 et
710 1991 925 2064 quidem
969 2009 1078 2049 non
1124 1993 1245 2049 sine
1290 1993 1586 2050 miraculis
1621 2000 1676 2050 et
1708 1993 1999 2066 prodigiis,

357 2097 478 2152 qua
507 2083 675 2154 regni
701 2083 800 2140 Dei
827 2087 1022 2154 essent,
1046 2083 1166 2140 laeto
1186 2083 1460 2140 recensuit
1488 2083 1702 2142 nuntio.
1737 2084 1997 2140 Primum

356 2171 570 2244 itaque,
603 2173 775 2229 sicuti
806 2177 977 2230 antea
1001 2173 1216 2230 dictum
1247 2182 1358 2242 est,
1389 2174 1760 2242 mulieribus,
1801 2178 1999 2246 utpote

358 2261 472 2317 ﬁde
504 2261 945 2318 ferventioribus
990 2280 1056 2318 ac
1108 2263 1398 2320 desiderio
1444 2263 1634 2320 cordis
1678 2265 1862 2332 magis
1893 2264 2000 2319 ﬂa-

359 2351 681 2424 grantibus,
736 2361 1076 2425 conspectus
1135 2357 1238 2409 est.
1294 2355 1442 2409 117
1497 2353 1714 2410 Deinde
1773 2353 1998 2410 Simoni

361 2444 554 2508 Petro,
578 2446 635 2497 et
662 2441 774 2513 ipsi
807 2442 1155 2514 singularem
1189 2444 1454 2500 ardorem
1485 2459 1621 2515 erga
1653 2443 1995 2515 magistrum

359 2527 667 2596 obtinenti,
697 2527 758 2584 in
786 2528 1110 2602 primisque
1131 2529 1343 2603 linguae
1375 2530 1596 2586 lubrico
1618 2529 1805 2602 lapso,
1829 2538 1998 2601 atque

360 2617 641 2688 majorem
673 2619 732 2674 in
765 2618 1006 2676 modum
1029 2635 1209 2692 supra
1238 2619 1386 2678 alios
1411 2634 1601 2676 rerum
1633 2635 1870 2676 suarum
1904 2637 1996 2674 sa~

361 2707 598 2780 tegenti.
650 2709 728 2763 Ac
773 2708 976 2764 eadem
1025 2707 1176 2780 ipsa,
1226 2709 1389 2766 tertia
1439 2709 1672 2782 quidem
1723 2707 1846 2776 illa,
1897 2709 1996 2764 sed

359 2797 550 2866 prima
605 2797 1048 2854 resurrectionis
1105 2797 1218 2866 die,
1257 2814 1292 2854 a
1333 2799 1489 2854 Luca
1538 2799 1614 2867 (t)
1658 2801 1715 2854 ct
1765 2797 1994 2868 CleOpa,

362 2883 474 2940 iter
503 2877 899 2958 carpentibus,
949 2901 1080 2943 cum
1119 2902 1355 2958 vespere
1393 2887 1466 2943 ad
1497 2902 1718 2942 omnem
1749 2901 1882 2941 cum
1913 2885 1998 2940 eis

363 2971 742 3039 consedisset,
771 2989 872 3044 per
892 2973 1059 3044 panis
1087 2972 1370 3029 nimirum
1402 2973 1765 3041 fraetionem,
1801 2972 1996 3045 cogni-

360 3062 454 3113 tus
484 3065 569 3116 est
603 3075 616 3112 :
647 3061 766 3130 qui,
799 3077 932 3116 cum
963 3077 993 3117 e
1045 3066 1356 3132 conspectu
1403 3077 1602 3117 eorum
1643 3063 1990 3128 evanuisset,

360 3147 470 3218 ipsi
517 3163 678 3204 caena
727 3149 945 3216 relicta,
1000 3149 1274 3222 nullaque
1326 3166 1486 3207 mora
1523 3151 1884 3223 interposita,
1927 3167 1992 3206 eo

359 3237 486 3308 ipso
530 3241 792 3310 tempore
849 3255 977 3296 cum
1038 3240 1402 3296 festinatione
1459 3240 1855 3312 Hierosolyma
1903 3257 1994 3296 re—

354 3327 506 3384 versi
535 3332 690 3397 sunt,
720 3331 891 3400 atque
919 3328 978 3383 in
1023 3327 1408 3397 crsnaculum,
1461 3330 1560 3386 ubi
1590 3333 1648 3386 et
1677 3347 1839 3386 coena
1859 3346 1992 3402 per-

359 3421 486 3473 acta
532 3417 742 3486 fuerat,
790 3422 847 3474 et
886 3422 1011 3475 tum
1063 3418 1334 3490 discipuli
1385 3423 1540 3475 metu
1585 3435 1991 3490 percussorum

361 3507 665 3563 confertim
713 3513 1124 3576 convenerant,
1173 3525 1352 3580 quam
1401 3509 1657 3580 primum
1715 3510 1992 3566 ascende-

359 3600 512 3652 runt.
550 3595 632 3652 Ibi
673 3595 754 3651 eis
802 3595 1084 3668 apparitio
1114 3596 1347 3666 Christi,
1381 3597 1606 3654 Simoni
1631 3599 1798 3654 Petro
1831 3599 1994 3654 exhi-

360 3684 504 3754 bita,
535 3685 766 3758 aliaque
813 3687 882 3742 de
922 3687 1048 3756 ipsa
1079 3685 1441 3759 Magdalena,
1493 3688 1562 3743 de
1595 3687 1806 3758 lapide,
1837 3694 1888 3743 et
1922 3687 1992 3742 de

358 3773 605 3846 angelis,
622 3775 1128 3846 praestantissimis
1148 3776 1512 3832 vestimentis
1523 3775 1992 3841 coruscantibus,

357 3878 573 3933 magna
600 3878 731 3919 cum
764 3865 1058 3936 voluptate
1105 3865 1436 3922 renuntiata
1476 3871 1629 3922 sunt.
1661 3866 1730 3921 Et
1759 3867 1868 3938 ipsi
1905 3867 1994 3920 vi-

359 3950 584 4018 cissim,
615 3951 772 4022 quod
801 3952 918 4008 illis
967 3953 1025 4008 in
1075 3954 1280 4010 itinere
1326 3955 1636 4021 evenisset,
1686 3960 1831 4010 etut
1862 3972 1991 4012 eum

359 4055 568 4111 panem
595 4038 956 4112 frangentem
985 4043 1414 4115 cognovissent,
1439 4053 1991 4102 commemorarunl.

360 4129 467 4186 Sed
498 4129 654 4184 enim
687 4147 801 4185 non
847 4131 1056 4202 exigua
1105 4148 1336 4204 quoque
1366 4137 1490 4188 tum
1525 4133 1602 4188 ibi
1635 4133 1877 4188 excitata
1908 4139 1996 4190 est

361 4217 533 4274 turba
561 4218 630 4274 ab
661 4218 769 4286 eis,
817 4219 916 4290 qui
967 4219 1120 4276 inter
1167 4237 1228 4276 se
1275 4221 1558 4293 ancipites
1588 4221 1780 4277 adhuc
1809 4229 1991 4278 erant.

357 4310 637 4364 Caeterum
667 4306 786 4363 illis
817 4307 896 4364 ita
925 4309 1381 4381 ambigentibus,
1413 4315 1646 4384 propter
1677 4327 1874 4368 earum
1911 4329 1995 4366 re-

356 4412 489 4454 rum
525 4411 656 4468 qua:
683 4397 1028 4453 dicebantur
1076 4397 1412 4465 novitatem,
1463 4399 1614 4454 circa
1657 4401 1782 4471 ejus
1813 4399 1995 4470 ipsius

2109 1818 2494 1894 γινόμενος,
2547 1818 2656 1872 καὶ
2727 1820 2853 1874 οὐκ
2917 1817 3065 1872 ἄνευ
3132 1817 3426 1893 τεράτων
3479 1817 3591 1870 καὶ
3645 1839 3777 1887 ση-

2111 1908 2314 1981 μείων
2370 1914 2614 1963 καινῶν
2669 1910 2743 1964 τὰ
2815 1909 2968 1980 περὶ
3042 1914 3160 1976 τῆς
3213 1911 3328 1962 τοῦ
3395 1904 3776 1982 βασιλείας

2107 1988 2380 2051 τούτοις
2437 1988 2946 2064 εὐηγγελίζετο.
2992 1994 3212 2062 Πρῶτον
3267 1987 3360 2060 μὶν
3404 1985 3639 2055 οῦν,ὥς
3706 2007 3773 2062 γε

2109 2074 2342 2153 εἴρηται,
2375 2083 2492 2141 ταῖς
2517 2077 2754 2153 γυναιξὶν
2787 2077 2980 2149 οἷάπερ
3031 2076 3384 2150 θερμοτέραις
3425 2077 3524 2144 τήν
3569 2075 3769 2131 πίστιν

2106 2167 2310 2239 καὶτῷ
2357 2167 2508 2238 πόθῳ
2549 2174 2650 2236 τῆς
2707 2164 2932 2241 καρδίας
2985 2165 3357 2239 ἐκκαιομέναις
3417 2166 3766 2220 dativum“

2110 2255 2226 2309 εἶτα
2280 2260 2360 2326 τῷ
2420 2255 2632 2327 Σίμωνι
2693 2257 2902 2328 Πέτρῳ,
2964 2255 3054 2308 ἅτε
3112 2251 3178 2321 δὴ
3227 2253 3317 2308 καὶ
3367 2253 3519 2325 αύτῷ
3569 2253 3770 2322 ζέοντα

2107 2343 2228 2418 περὶ
2272 2345 2364 2399 τὸν
2402 2341 2749 2414 διδάσκαλον,
2783 2341 2970 2405 ἄλλως
3015 2363 3072 2398 τε
3117 2341 3208 2397 καὶ
3249 2342 3458 2414 όλίσθῳ
3488 2341 3767 2418 γλώττης

2107 2434 2472 2509 περιπεσόντι,
2505 2433 2595 2486 καὶ
2627 2428 3086 2507 ὑπερϐαλλόντως
3112 2437 3220 2486 τῶν
3261 2429 3452 2486 ἄλλων
3513 2430 3765 2502 μάλιστα

2108 2521 2539 2597 διαπονουμένῳ.
2601 2523 2703 2580 Καὶ
2761 2526 2878 2578 κατ’
2929 2523 3095 2592 αὐτήν
3163 2542 3226 2596 γε
3283 2519 3348 2590 δὴ
3406 2522 3507 2590 τήν
3558 2520 3761 2595 τρίτην

2110 2613 2228 2687 μὲν,
2261 2613 2482 2687 πρώτην
2540 2609 2598 2667 δὲ
2646 2611 2854 2684 ἡμέραν
2901 2615 3000 2676 τῆς
3044 2610 3401 2678 ἀναστάσεως,
3455 2615 3577 2674 τοῖς
3623 2609 3759 2682 περῖ

2108 2709 2315 2758 Λουκᾶν
2355 2702 2446 2757 καὶ
2497 2701 2742 2757 Κλεόπαν
2791 2702 2888 2770 τὴν
2947 2698 3072 2756 ὁδὸν
3111 2703 3368 2775 παριοῦσι
3399 2699 3751 2775 γνωρίζεται,

2105 2795 2241 2867 πρὸς
2299 2793 2524 2868 ἑσπέραν
2580 2791 2656 2855 εἷς
2731 2788 2942 2846 δεῖπνον
3013 2791 3195 2852 αὐτοῖς
3270 2789 3748 2867 συγκατακλιθεὲς,

2104 2881 2200 2936 κάν
2235 2885 2304 2955 τῇ
2360 2879 2550 2936 κλάσει
2605 2884 2702 2934 τοῦ
2760 2881 2926 2954 ἄρτου
2972 2879 3186 2940 τούτοις
3245 2877 3618 2953 ἐπιγνωσθεὶς,
3649 2875 3742 2930 καὶ

2104 2971 2312 3048 ἀφανής
2369 2967 2430 3024 ἐκ
2479 2971 2643 3043 μέσου
2707 2969 2913 3024 τούτων
2983 2968 3150 3023 πάλιν
3207 2968 3524 3042 γενόμενος.
3578 2963 3739 3021 Δῦτοὲ

2109 3056 2165 3114 δὲ
2215 3059 2276 3114 τὸ
2316 3057 2530 3114 δεῖπνον
2583 3056 2858 3127 λιπόντες,
2894 3055 3063 3130 μηδέν
3103 3077 3162 3112 τε
3213 3054 3585 3130 μελλήσαντες
3624 3054 3740 3108 κατ’

2107 3147 2278 3203 ἐκεῖνο
2311 3145 2378 3218 δὴ
2409 3152 2506 3204 τοῦ
2548 3151 2738 3223 καιροῦ
2788 3143 2998 3220 σπουδῇ
3039 3145 3360 3220 ἀνέστρεφον
3392 3144 3468 3206 είς
3507 3141 3746 3220 Ἱεροσό-

2103 3235 2286 3311 λυμα·
2321 3238 2411 3292 καὶ
2457 3237 2520 3292 τὸ
2567 3237 2810 3310 ὑπερῷον
2868 3237 3036 3310 τάχος
3095 3235 3220 3289 ὅσον
3271 3229 3578 3302 ἀναϐάντες,
3605 3234 3746 3288 ὅπου

2102 3325 2168 3396 δὴ
2227 3325 2316 3382 καὶ
2375 3327 2403 3381 ὁ
2462 3324 2676 3390 δεῖπνος
2729 3324 3032 3395 τετέλεστο,
3064 3322 3185 3379 ἔνθα
3242 3323 3331 3378 καὶ
3389 3325 3441 3376 oi
3505 3321 3746 3396 μαθηταὶ

2102 3417 2288 3490 ἀθρόοι
2364 3420 2443 3487 τῷ
2516 3409 2671 3493 φόϐῳ
2736 3419 2843 3470 τῶν
2905 3417 3174 3490 φονευτῶν
3235 3409 3584 3481 κατεδύοντο,
3639 3415 3744 3478 τήν

2100 3507 2234 3580 πρὸς
2291 3504 2508 3578 Σίμωνα
2557 3499 2757 3577 Πέτρον
2805 3502 3096 3580 ἐμφάνειαν
3135 3506 3232 3558 τοῦ
3279 3506 3516 3575 Χριστοῦ
3561 3499 3744 3570 ἡδέως

2100 3596 2314 3656 τούτοις
2349 3590 2730 3668 κατήγγελλον
2756 3612 2766 3624 ·
2803 3593 2886 3646 καὶ
2923 3588 3102 3646 τᾶλλα
3134 3592 3200 3645 τὰ
3229 3591 3350 3664 περί
3381 3591 3480 3658 τὴν
3514 3589 3744 3666 Μαγδα-

2102 3683 2278 3754 ληνήν
2307 3684 2397 3738 καὶ
2423 3682 2512 3736 τὸν
2557 3681 2732 3750 λίθον,
2762 3681 2852 3735 καὶ
2895 3679 3022 3742 τοὺς
3069 3685 3186 3742 ταῖς
3233 3677 3486 3750 ἐξάλλοις
3535 3678 3744 3754 ἀστρά-

2101 3792 2329 3834 πτοντας
2379 3769 2644 3846 ἀγγέλους
2709 3771 2953 3831 στολαῖς.
2978 3770 3208 3824 Ἐκεῖνοι
3267 3765 3312 3822 δ’
3357 3767 3424 3822 αῦ
3480 3767 3548 3823 τά
3605 3771 3748 3824 κατὰ

2100 3861 2198 3928 τήν
2232 3858 2354 3914 ὁδὸν
2386 3857 2680 3933 διεξῄεσαν,
2711 3859 2800 3914 καὶ
2852 3859 2924 3919 ὡς
2981 3857 3128 3912 κλῶν
3179 3858 3267 3911 τὸν
3321 3855 3478 3931 ἄρτον
3519 3855 3750 3932 διεγνώ-

2103 3951 2203 4019 σθη
2234 3948 2416 4010 αὐτοῖς
2441 3967 2452 3980 '
2475 3942 2617 4002 ἔνθεν
2648 3968 2735 4002 τοι
2766 3948 2850 4002 καὶ
2883 3947 3124 4022 τάραχος
3159 3944 3257 4001 οὐκ
3286 3945 3582 4023 ἐλάχιστος
3615 3945 3751 4017 ἐπηο

2101 4038 2314 4114 γείρετο
2338 4043 2455 4098 τοῖς
2488 4037 2612 4110 παρ’
2646 4033 2910 4106 ἀλλήλων
2944 4037 2994 4091 ἐν
3049 4031 3344 4111 ἀμφιϐόλῳ
3395 4033 3460 4105 δὴ
3510 4038 3752 4108 γενομέ-

2101 4149 2231 4184 νων.
2289 4126 2501 4182 Τούτων
2562 4123 2605 4179 δ’
2669 4125 2840 4187 οὕτως
2916 4119 3406 4200 ἀμφισϐητούντων
3477 4129 3557 4195 τῷ
3633 4131 3749 4180 τῶν

2105 4213 2462 4290 διηγημάτων
2522 4213 2794 4284 ξενίζοντι,
2846 4213 2898 4267 ἐν
2974 4217 3042 4286 τῇ
3106 4219 3208 4280 τῆς
3291 4212 3454 4282 αὐτῆς
3536 4215 3756 4287 ἡμέρας

2104 4304 2322 4378 ἑσπέρᾳ,
2351 4311 2450 4372 τῆς
2483 4303 2642 4376 ὀψίας
2690 4297 2766 4356 ἔτι
2817 4295 3282 4371 ἔπιπολαζούσης,
3312 4305 3417 4355 τῶν
3460 4321 3518 4357 τε
3564 4303 3751 4376 θυρῶν

2105 4393 2156 4448 ἐν
2216 4397 2293 4464 τῷ
2367 4389 2600 4470 ἀσφαλεῖ
2677 4394 2976 4462 μενουσῶν,
3025 4386 3288 4444 ἐδεδίεσαν
3353 4388 3455 4464 γὰρ
3527 4393 3605 4460 μή
3663 4411 3754 4452 τις

357 4485 471 4543 diei
501 4500 716 4553 serum,
769 4501 1010 4558 vespera
1036 4485 1518 4556 increbrescente,
1549 4505 1680 4544 cum
1716 4489 1864 4546 fores
1896 4490 1992 4544 ﬁr-

2110 4483 2239 4556 λάθῃ
2285 4480 2599 4554 παρεισδὺς,
2631 4479 2826 4553 ἀθρόον
2878 4480 2906 4534 ὁ
2955 4479 3148 4552 Κύριος
3195 4475 3614 4556 διαφερομένοις
3656 4477 3754 4535 ἐπὶ

356 4575 531 4632 miter
569 4573 782 4632 clausas
812 4583 1114 4634 manerent
1158 4577 1518 4646 (metuebant
1549 4577 1729 4646 enim,
1762 4594 1832 4634 ne
1864 4579 1994 4650 quis

357 4663 506 4720 clam
536 4663 983 4738 ingrederetur),
1015 4667 1325 4738 derepente
1355 4665 1415 4722 in
1456 4669 1708 4738 ipsorum
1741 4667 1993 4724 addubi—

355 4753 604 4810 tantium
638 4754 828 4811 medio
859 4753 1184 4811 consistens
1213 4754 1510 4827 Dominus,
1543 4773 1808 4814 serenam
1841 4761 1994 4812 tran~

353 4841 701 4914 quillitatem
746 4843 960 4900 animis
1007 4859 1207 4899 eorum
1255 4843 1543 4911 immittit,
1585 4861 1652 4902 ac
1708 4846 1880 4902 turba
1910 4862 1998 4901 se-

355 4929 513 4999 data,
573 4946 775 5002 pacem
833 4931 918 4987 eis
978 4947 1135 4988 more
1200 4948 1307 4988 suo
1364 4939 1732 5004 apprecatur,
1785 4950 1998 4989 manus

354 5035 596 5093 quoque
641 5025 698 5078 et
743 5022 942 5093 pedes,
984 5026 1260 5091 praeterea
1296 5027 1353 5080 et
1380 5025 1638 5081 divinum
1671 5025 1827 5081 latus
1857 5041 1995 5082 con-

361 5109 732 5166 trectandum
791 5110 1152 5182 permittens,
1208 5113 1592 5169 ﬂuctuantem
1653 5129 1853 5170 eorum
1925 5115 1996 5170 de

359 5199 776 5256 resurrectione
814 5199 1147 5272 opinionem
1185 5201 1468 5269 dissolvit,
1514 5207 1571 5258 et
1616 5205 1846 5274 plenam
1879 5203 1995 5260 illis

355 5291 701 5358 certamque
746 5287 882 5344 facit
921 5289 1119 5359 ﬁdem,
1168 5294 1232 5346 ut
1271 5291 1518 5346 ﬁrmiter
1545 5297 1996 5364 constanterque

363 5374 679 5442 crederent,
728 5392 790 5433 se
826 5391 961 5433 eum
992 5377 1212 5451 ipsum,
1245 5381 1341 5450 qui
1373 5381 1550 5436 clavis
1583 5397 1767 5452 nuper
1795 5382 1992 5437 admo-

365 5461 504 5517 dum
537 5465 850 5521 transtixus
882 5466 1088 5535 fuerat,
1112 5485 1226 5525 non
1247 5469 1514 5540 spiritum
1531 5487 1680 5527 esse.
1698 5469 1992 5536 Quomodo

2107 4571 2291 4645 μέσοις
2323 4572 2471 4639 στας,
2501 4569 2748 4646 γαλήνην
2795 4588 2854 4624 τε
2901 4566 3057 4629 εὐθὺς
3105 4565 3280 4638 ἐνίησι
3327 4573 3446 4629 ταῖς
3495 4570 3708 4642 ψυχαῖς
3737 4587 3748 4598 ·

2105 4660 2194 4714 καὶ
2258 4661 2348 4714 τὸν
2399 4659 2641 4732 τάραχον
2711 4655 3086 4725 καταστείλας,
3140 4655 3358 4728 εἰρήνην
3418 4655 3630 4724 αὐτοῖς,
3687 4660 3756 4714 τὸ

2105 4748 2351 4819 σύνηθες,
2431 4745 2822 4826 ἐπεφθέγγετο·
2883 4745 2976 4808 τάς
3044 4765 3103 4798 τε
3183 4750 3396 4820 χεῖρας,
3452 4745 3544 4801 καὶ
3619 4748 3755 4811 τοὺς

2103 4835 2294 4907 πόδας,
2328 4837 2464 4912 πρὸς
2507 4833 2564 4890 δὲ
2611 4834 2700 4890 καὶ
2749 4837 2849 4904 τήν
2897 4834 3038 4889 θείαν
3086 4831 3322 4908 πλευρὰν
3375 4832 3518 4896 ἀνείς
3561 4834 3756 4908 ψηλα-

2103 4929 2227 5002 φᾷν,
2267 4925 2328 4979 τὸ
2397 4930 2497 4993 τῆς
2571 4922 2908 4984 ἀναστάσεως
2976 4915 3290 4996 ἀμφίϐολον
3349 4919 3639 4978 διελύετοο
3701 4923 3759 4979 ἓν

2110 5010 2316 5090 βεϐαίῳ
2376 5012 2690 5070 καθεστάναι
2766 5013 3160 5088 πληροφορῶν,
3215 5013 3378 5068 αὐτὸν
3451 5014 3591 5069 εἶναι
3660 5016 3758 5071 τὸν

2103 5104 2233 5182 χθὲς
2290 5101 2380 5157 καί
2435 5097 2704 5178 πρότριτα
2748 5106 2862 5162 τοῖς
2909 5099 3071 5166 ἥλοις
3121 5099 3446 5178 ἐμπαγέντα,
3476 5104 3554 5174 μή
3593 5109 3759 5160 mea.

2107 5194 2182 5266 μά
2217 5213 2286 5265 ’τε
2321 5187 2468 5248 ὄντα.
2505 5196 2574 5246 Ἣ
2622 5194 2738 5252 πῶς
2771 5189 2830 5244 ἃν
2875 5191 2936 5244 τὸ
2977 5193 3186 5262 πνεῦμα
3217 5193 3375 5265 σαρκὶ
3414 5190 3504 5245 καὶ
3537 5190 3760 5257 ὀστέοις

2103 5284 2548 5358 προσχρήσηται,
2594 5281 2668 5343 ὡς
2720 5279 2924 5340 ἐκεῖνος
2974 5278 3346 5354 περικείμενος
3391 5281 3540 5336 ταῦθ’
3573 5283 3760 5352 ἕωρᾶ-

2101 5392 2200 5442 το;
2238 5373 2362 5433 Πῶς
2414 5368 2461 5426 δ’
2509 5367 2568 5424 ἂν
2618 5371 2708 5424 καὶ
2763 5371 2873 5446 ἀφῇ
2905 5371 3206 5445 χρήσηται,
3238 5370 3432 5446 ἀναφὲς
3463 5370 3758 5426 παντάπα-

2103 5483 2184 5516 σιν
2214 5459 2274 5514 ὅν
2299 5479 2315 5530 ;
2349 5461 2492 5536 Ἐγὼ
2520 5458 3039 5536 τοίνυν,είμὶ,φησὶ,
3058 5454 3188 5532 μηδ’
3218 5456 3366 5522 ὅλως
3393 5457 3758 5521 ἀλλοιωθείς.

438 5581 520 5657 (1)
549 5585 674 5644 Non
705 5591 920 5647 Lucam
952 5590 1128 5663 hunc,
1161 5595 1260 5651 sed
1291 5593 1707 5651 Nathanaelem
1738 5593 1938 5664 fuisse,
1971 5589 2282 5650 arbitratur
2309 5587 2732 5662 Ephiphanius.
