4070 6274
3587 382 3706 442 738

293 389 418 451 737
1331 385 1958 471 ECCLESIASTICE
2004 384 2389 446 HISTORIA?
2431 385 2580 445 LIB.
2626 385 2674 446 Ι.

299 523 402 578 Καί
453 543 515 597 γε
574 521 702 594 ὑμῖν
751 518 869 597 ὄίρτι
920 523 1136 592 πρῶτος
1180 520 1276 582 τὰς
1320 519 1574 599 ἀπαρχὰς
1621 523 1718 575 τοῦ
1768 525 1947 594 Παρα-

2063 520 2218 577 enim
2252 519 2488 592 spiritus
2520 532 2695 574 carne
2725 519 2782 573 et
2812 517 3042 574 osibus
3076 517 3378 572 uteretur?
3401 515 3592 589 {sicuti
3622 516 3707 572 illi

297 612 516 682 κλήτου
563 608 826 666 ἐπιπνέων
877 614 996 671 ταῖς
1043 607 1222 682 ὄψεσι,
1255 605 1468 678 λάϐετε,
1516 608 1686 682 λέγω,
1738 613 1947 682 Πνεῦμα

2061 609 2228 666 illum
2288 610 2502 664 habere
2556 607 2867 673 viderent;
2924 610 3023 662 aut
3081 606 3372 676 quomodo
3431 609 3707 661 attactum

297 701 461 776 ἅγιον
484 719 497 732 °
532 697 604 754 δι’
634 699 697 754 οὗ
726 700 816 754 καὶ
851 699 1054 772 κράτος
1098 697 1176 752 ἔτι
1210 695 1532 772 χαρίζομαι,
1565 696 1713 752 λύειν
1753 717 1812 752 τε
1858 697 1948 751 καὶ

299 788 522 864 δεσμεῖν
567 789 721 862 ᾧτινι
768 787 1070 862 ἀνθρώπων
1116 785 1424 860 ἀμπλακεῖν
1470 785 1702 862 γένοιτο.
1737 791 1942 841 Γνῶναι

299 878 361 934 δὶ
392 875 476 934 δεῖ
502 884 802 953 προσῆκον,
834 875 910 940 ὥς
938 875 999 952 γέ
1031 897 1125 950 μοι
1164 875 1254 930 καὶ
1293 875 1568 938 πολλάκις
1617 875 1744 948 ὑμῖν
1791 876 1945 950 εἰρη-

303 971 486 1043 μένον,
520 969 594 1028 ὡς
642 966 791 1021 οὕτω
847 961 954 1020 ἔδει
1014 965 1281 1041 γενέσθαι,
1334 967 1517 1019 παθεῖν
1568 966 1663 1020 τὸν
1716 967 1946 1039 Χριστὸν

297 1063 372 1130 τῇ
401 1055 695 1126 ἀκολουθίᾳ
733 1059 830 1108 τοῦ
859 1056 1210 1130 γράμματος,
1243 1055 1332 1108 καὶ
1373 1052 1500 1108 ε’ίσω
1545 1061 1643 1123 τῆς
1694 1054 1946 1131 σφετέρας

301 1145 467 1220 δόξης
516 1145 669 1208 αὖθις
721 1152 998 1219 χωρῆσαι.
1031 1145 1121 1205 Ὦς
1171 1143 1230 1198 ἂν
1274 1141 1331 1197 δὲ
1377 1145 1454 1216 μὴ
1504 1147 1572 1217 τῇ
1604 1140 1723 1216 ὄψει
1760 1144 1944 1215 μόνον,

297 1237 440 1312 πρὸς
468 1234 524 1290 δὲ
553 1241 622 1310 τῇ
653 1235 791 1309 ἀκοῇ
823 1255 879 1288 τε
908 1233 997 1288 καὶ
1027 1237 1095 1308 τῇ
1131 1235 1266 1307 ἁφῇ,
1298 1231 1443 1287 ἀλλά
1472 1234 1562 1288 καὶ
1602 1233 1738 1307 αὐτῇ
1769 1234 1945 1308 γεύσει

298 1324 372 1380 ττὶ
422 1324 586 1379 πιστά
633 1324 886 1398 σχοίητε,
919 1324 994 1384 ὡς
1054 1322 1116 1376 ού
1170 1323 1377 1397 φάσμα,
1411 1321 1538 1376 ἀλλ’
1587 1321 1695 1394 ἐγώ
1749 1321 1887 1394 εἶμι,
1919 1323 1947 1376 6

303 1413 455 1486 ξύλῳ
509 1414 602 1485 μὲν
652 1413 846 1481 θανὼν,
892 1411 1047 1488 τάφῳ
1107 1408 1164 1465 δὲ
1216 1411 1586 1486 καθειρχθεὶς,
1637 1409 1833 1466 ἐκεῖθεν
1892 1408 1950 1466 δὲ

300 1506 374 1576 τῇ
423 1504 542 1574 θείᾳ
585 1500 862 1557 δυναστεία
907 1499 1252 1576 ἀναῤῥαγείς,
1281 1503 1371 1556 καὶ
1429 1500 1476 1555 ε⁹ί
1523 1523 1574 1556 τι
1631 1501 1758 1574 ὑμῖν
1813 1503 1948 1576 πρὸς

299 1593 512 1670 τροιρὴν
547 1589 788 1666 σχέδιον,
818 1591 1053 1666 παρίτω.
1089 1589 1185 1644 Καὶ
1219 1591 1270 1643 οἱ
1316 1590 1411 1661 μὲν
1459 1588 1625 1665 μέρος
1664 1588 1951 1664 προύτίθε-

303 1701 401 1735 σαν
458 1680 650 1754 ἰχθύος
697 1681 888 1750 ὀπτοῦ,
921 1680 1056 1753 πρὸς
1097 1675 1153 1732 δὲ
1195 1679 1284 1732 καὶ
1335 1676 1463 1751 μέλι
1511 1678 1692 1752 κηρίῳ
1741 1679 1952 1752 σύμμι-

303 1789 436 1824 κτον
463 1789 474 1800 ·
521 1769 608 1823 καὶ
662 1769 766 1823 ὑπὸ
805 1773 922 1830 ταῖς
971 1768 1221 1822 ἁπάντων
1266 1766 1420 1841 ὄψεσι
1461 1773 1578 1829 ταῖς
1639 1769 1795 1843 χερσὶ
1845 1774 1952 1823 τῶν

304 1859 680 1932 προκειμένων
731 1859 1012 1931 ἁψάμενος
1056 1854 1233 1926 ἤσθιε,
1278 1859 1365 1910 καὶ
1419 1857 1663 1929 πόματος
1728 1859 1949 1932 ἄπεγεύ·

306 1963 422 2010 ετο,
478 1943 578 2009 τήν
639 1941 700 1996 ἐκ
781 1945 985 2015 νεκρῶν
1059 1945 1156 1994 τοῦ
1231 1942 1484 2014 σώματος
1560 1943 1846 1996 ἀνάστασιν
1903 1944 1953 1997 ἐν

307 2027 514 2106 βεϐαίῳ
570 2029 758 2092 τιθείς.
791 2033 896 2100 Τὴν
945 2031 1040 2102 μὲν
1093 2027 1184 2084 οὗν
1233 2030 1490 2101 τοιαύτην
1545 2035 1643 2086 τοῦ
1694 2039 1952 2106 Σωτῆρος

304 2119 598 2198 ἐμφάνειαν
647 2121 785 2194 πρὸς
833 2120 959 2181 τοὺς
1010 2119 1254 2192 μαθητάς
1287 2118 1402 2175 ὅτε
1423 2121 1563 2182 θεῖος
1607 2124 1814 2180 Λουκᾶς
1862 2121 1952 2174 καὶ

301 2210 333 2263 6
381 2211 656 2273 θεστέσιος
687 2210 946 2279 Ἰωάννης
995 2209 1232 2283 ἀρίστως
1290 2206 1738 2283 εύηγγελίσαντο.
1781 2211 1854 2264 Τἀ
1903 2207 1950 2264 δ’

302 2299 428 2371 ἑξῆς
480 2297 696 2353 τούτων
755 2299 782 2351 6
838 2304 938 2366 τῆς
1030 2297 1262 2372 βροντῆς
1349 2298 1464 2359 υἱὸς
1538 2293 1949 2372 έπεϐρόντησεν.

303 2391 506 2459 Θωμᾶς
537 2387 664 2462 γὰρ,
695 2389 743 2458 ᾧ
785 2384 1023 2460 Δίδυμος
1055 2387 1120 2456 ἦν
1155 2387 1218 2441 τὸ
1249 2386 1558 2459 ἐπώνυμον,
1590 2392 1658 2461 τῇ
1708 2387 1952 2461 ὀψιαιτέ-

303 2497 373 2551 ρᾳ
403 2478 467 2530 ού
499 2483 682 2551 παρῆν
734 2475 935 2548 θεωρίᾳ
966 2479 1064 2530 τοῦ
1095 2476 1281 2546 Ἰησοῦ
1308 2495 1320 2508 ·
1355 2477 1476 2530 ὅθεν
1522 2476 1610 2530 καὶ
1659 2481 1765 2532 τῶν
1828 2476 1952 2531 λοι-

299 2569 421 2620 πῶν
485 2563 816 2636 ἐπανήκοντι
870 2562 1247 2638 διηγουμένων
1300 2566 1391 2620 σὺν
1460 2571 1607 2642 χαρᾷ
1652 2567 1751 2634 τήν
1802 2565 1950 2640 ὄψιν,

303 2649 559 2708 έδάκνετό
614 2673 671 2707 τε
726 2653 815 2708 καὶ
876 2649 1168 2722 ἠδικῆσθαι
1229 2651 1402 2725 ᾤετο¹
1455 2655 1544 2707 καὶ
1609 2655 1708 2722 τήν
1767 2655 1951 2728 ψυχὴν

308 2740 614 2813 ἐμερίζετο,
645 2740 697 2795 ἐν
729 2736 1030 2817 ἀμφιϐόλῳ
1069 2741 1366 2811 καθεστὼς,
1407 2741 1474 2796 ού
1515 2748 1633 2806 τοῖς
1680 2741 1950 2816 λέγουσιν,

313 2828 446 2885 ἀλλ’
474 2828 555 2884 ὅτι
599 2827 722 2884 οὐδὲ
767 2830 959 2901 ἀνέστη
990 2849 1003 2862 ·
1053 2835 1172 2892 πῶς
1225 2831 1329 2906 γὰρ
1374 2831 1660 2905 ἄνθρωπος
1707 2829 1818 2902 ὤνς
1857 2833 1948 2886 καί

313 2938 377 2994 γε
430 2923 543 2980 τοῖς
598 2919 813 2994 λέγουσι
872 2917 1159 2974 διετείνετο
1216 2918 1406 2994 πόρῥω
1454 2923 1687 2984 πίστεως
1719 2922 1946 2990 εἷναι,εί

310 3009 393 3080 μή
437 3027 498 3082 γε
541 3007 630 3062 καὶ
680 3008 842 3070 αὐτὸς
896 3005 1056 3070 ἰδίαις
1087 3008 1247 3083 χερσὶ
1277 3009 1373 3070 τὰς
1403 3013 1510 3063 τῶν
1546 3009 1699 3078 ἥλων
1728 3010 1945 3087 ἐπαφώ-

309 3116 472 3170 μενος
523 3099 763 3170 τρήσεις,
803 3097 893 3152 καὶ
953 3099 1087 3152 κατά
1140 3103 1241 3166 τῆς
1296 3095 1530 3170 πλευρᾶς
1590 3097 1718 3152 ε”σω
1777 3101 1944 3170 θήσας

304 3185 410 3253 τήν
457 3191 642 3260 χεῖρα,
685 3186 954 3262 τάσφαλὲς
1025 3186 1195 3261 σχοίη
1253 3191 1332 3257 τῷ
1375 3185 1651 3266 ψηλαφᾷν.
1705 3189 1850 3244 Ἐπεὶ
1901 3187 1949 3244 δ’

305 3271 482 3349 ὀγδόη
541 3273 593 3344 ἐξ
651 3274 860 3345 ἐκείνης
914 3276 1094 3349 ἡμέρα
1170 3271 1444 3351 διέδραμε,
1503 3281 1611 3332 τῶν
1667 3280 1840 3352 θυρῶν
1897 3277 1947 3334 ἒν

307 3366 564 3438 σχήματι
621 3362 1079 3440 ἐπιζυγουμένων,
1128 3364 1345 3420 πάντων
1407 3385 1467 3420 τε
1521 3370 1628 3420 τῶν
1705 3370 1948 3441 Χριστοῦ

307 3449 529 3508 ὀπαδῶν
585 3450 778 3522 ἐπίσης
835 3456 915 3524 τῷ
972 3449 1078 3507 δέει
1126 3452 1615 3527 συνηθροισμένων,
1665 3459 1841 3530 παρῆν
1892 3453 1949 3511 δὲ

307 3543 410 3618 ἄρα
456 3541 674 3603 τούτοις
723 3542 812 3597 καὶ
857 3543 886 3596 δ
935 3547 1154 3616 Θωμᾶς,
1187 3542 1340 3604 αὖθις
1387 3545 1415 3598 6
1451 3547 1661 3613 Ἰησοῦς
1704 3545 1947 3625 ἀψοφητὶ

302 3630 700 3706 παραγίνεται·
761 3633 950 3706 ἡσυχῆ
1021 3652 1080 3686 τε
1151 3635 1230 3703 τῷ
1296 3637 1666 3705 πνευματικῷ,
1722 3635 1810 3688 καί
1884 3635 1947 3689 τὸ

302 3720 434 3776 ὅλον
463 3720 644 3792 φάναι,
677 3717 906 3774 θεοειδεῖ
952 3719 1136 3792 ἐκείνῳ
1175 3722 1410 3793 σώματι,
1457 3723 1530 3794 μή
1578 3743 1725 3785 τινος
1769 3721 1944 3794 ἐμπο-

302 3807 410 3864 δὼν
442 3811 751 3886 γεγονότος,
783 3807 837 3864 έν
891 3831 1083 3883 μυσοις
1133 3809 1349 3872 τούτοις
1399 3812 1712 3884 γενόμενος,
1743 3812 1842 3880 τήν
1891 3813 1943 3884 ἒξ

300 3895 457 3960 ἔθους
507 3901 897 3976 προσφώνησιν
932 3898 1216 3972 ἐπεφώνει.
1255 3899 1380 3954 Εἶτα
1431 3901 1518 3954 καὶ
1569 3904 1649 3972 τῷ
1699 3898 1943 3974 Διδύμῳ,

297 3989 364 4042 τὸ
411 3983 726 4065 ἀμφίϐολον
775 3986 1036 4060 διαλύων,
1061 3988 1152 4044 καὶ
1204 3987 1274 4044 δι’
1322 3989 1530 4046 ἐκείνου
1577 3995 1738 4046 πᾶσιν
1785 3989 1943 4054 ένιεὲς

299 4076 564 4154 ἀσφαλεῖς
611 4079 707 4140 τὰς
753 4075 1027 4153 κρηπῖδας
1071 4085 1172 4149 τῆς
1232 4079 1589 4150 ἀναστάσεως,
1643 4079 1832 4156 χεῖράς
1887 4101 1947 4136 τε

299 4167 391 4220 καὶ
449 4163 620 4228 πόδας
667 4167 757 4221 καὶ
813 4169 914 4236 τὴν
979 4166 1216 4240 πλευρὰν
1287 4165 1641 4242 παρεδείκνυ·
1701 4167 1945 4242 ἀκριϐῶς

297 4277 356 4311 τε
407 4254 666 4334 ψηλαφᾷν
721 4259 1016 4334 παρηγγύα
1060 4259 1186 4318 τοὺς
1231 4259 1441 4320 τύπους
1487 4260 1595 4314 τῶν
1645 4258 1822 4328 ἥλων,
1855 4261 1945 4316 καὶ

295 4348 400 4414 τήν
431 4344 485 4407 ἐς
512 4345 658 4401 πολύ
715 4367 768 4400 τι
831 4347 1031 4420 βάθους
1091 4346 1276 4402 ἰοῦσαν
1328 4355 1430 4418 τῆς
1481 4345 1720 4422 πλευρᾶς
1773 4349 1943 4423 ῥῆξιν.

2061 697 2418 764 admitteret,
2475 695 2571 766 qui
2653 710 2893 767 prorsus
2949 692 3444 749 incontrectabilis
3501 693 3712 749 esset?

2061 787 2264 858 Itaque
2295 802 2422 857 ego,
2455 784 2664 855 inquit,
2697 799 2854 848 sum,
2887 799 3001 839 non
3053 799 3286 854 prorsus
3323 782 3601 854 omnique
3641 799 3706 839 ex

2055 879 2220 948 parte
2249 874 2526 930 mutatus.
2563 875 2750 944 Atque
2783 871 3050 943 equidem
3089 871 3316 942 primus
3366 888 3522 926 nunc
3580 871 3706 943 pri-

2056 965 2252 1022 mitias
2284 963 2562 1020 Paracleti
2606 963 2767 1019 vobis
2818 963 2876 1016 in
2907 961 3111 1018 faciem
3152 961 3397 1032 spirans.
3420 960 3706 1043 Accipite,

2053 1057 2206 1121 dico,
2269 1053 2550 1124 Spiritum
2603 1053 2892 1116 sanctum,
2956 1067 3056 1120 per
3113 1067 3287 1122 quem
3361 1054 3704 1122 potestatem

2054 1145 2230 1199 etiam
2264 1143 2454 1197 tribuo
2485 1141 2747 1196 solvendi
2779 1139 3120 1212 ligandique
3142 1141 3482 1212 quicunque
3514 1155 3704 1212 pecca-

2057 1234 2247 1288 verint
2274 1231 2563 1288 homines.
2597 1230 2878 1286 Convenit
2909 1233 3106 1285 autem
3137 1245 3240 1285 vos
3263 1229 3433 1299 scire,
3467 1231 3524 1286 id
3556 1231 3709 1302 quod

2057 1336 2459 1393 saepenumero
2490 1319 2720 1375 vobisa
2769 1335 2862 1374 me
2919 1323 3009 1374 est
3068 1319 3316 1386 dictum,
3374 1319 3460 1376 sic
3513 1319 3714 1376 omnia

2059 1409 2388 1482 oportuisse
2412 1407 2554 1474 ﬁeri,
2613 1407 3032 1479 Christumque
3089 1423 3159 1462 ex
3219 1408 3554 1480 praescripto
3610 1406 3707 1462 lit-

2061 1505 2196 1555 terae
2231 1499 2370 1569 pati,
2438 1501 2494 1550 et
2524 1497 2589 1551 ad
2634 1495 2879 1568 gloriam
2932 1493 3102 1550 118
3145 1511 3313 1551 suam
3363 1497 3592 1553 reverti.
3631 1495 3708 1552 Ut

2062 1593 2255 1644 autem
2291 1603 2404 1642 non
2437 1585 2624 1642 oculis
2656 1586 2824 1642 modo
2855 1585 3020 1658 ipsis,
3056 1585 3380 1656 audituque
3417 1590 3474 1642 et
3531 1589 3707 1654 tactu,

2063 1695 2264 1734 verum
2297 1678 2470 1734 etiam
2502 1680 2763 1747 gustatu,
2799 1675 2933 1732 ﬁdei
2965 1675 3468 1732 conﬁrmationem
3501 1676 3710 1732 habea-

2063 1768 2160 1833 tis,
2191 1768 2338 1838 quod
2383 1764 2606 1821 scilicet
2635 1781 2747 1819 non
2780 1767 3100 1831 spectrum,
3133 1765 3234 1820 sed
3268 1778 3373 1836 ego
3414 1765 3540 1834 ipse
3578 1765 3704 1834 sim,

2063 1857 2161 1929 qui
2199 1857 2252 1910 in
2282 1855 2441 1926 ligno
2472 1853 2705 1923 quidem
2739 1856 3024 1919 mortuus,
3055 1857 3111 1909 et
3142 1853 3214 1912 in.
3254 1853 3520 1924 sepulcro
3557 1853 3712 1908 clau-

2060 1961 2162 2000 sus
2201 1942 2431 2008 fuerim,
2457 1941 2592 1996 inde
2623 1945 2811 1995 autem
2843 1940 3037 1995 divina
3067 1942 3120 1995 vi
3154 1945 3210 1994 et
3260 1940 3517 2012 potentia
3581 1956 3708 1996 eva-

2059 2036 2264 2104 serim;
2298 2035 2347 2090 si
2381 2034 2516 2106 quid
2548 2032 2710 2088 vobis
2741 2033 2800 2086 in
2836 2036 3109 2104 promptu
3151 2040 3237 2088 est
3275 2033 3410 2104 cibi,
3451 2033 3707 2105 profera-

2058 2129 2172 2180 tur.
2208 2128 2393 2196 Atque
2423 2121 2504 2177 illi
2536 2127 2757 2194 partem
2788 2121 2966 2192 piscis
2997 2121 3130 2189 assi,
3161 2126 3218 2176 et
3257 2121 3369 2178 mel
3409 2123 3536 2178 favo
3593 2137 3700 2178 suo

2060 2215 2315 2280 mistum,
2364 2213 2416 2267 si
2472 2216 2791 2282 apponunt.
2853 2212 3052 2282 Itaque
3103 2211 3163 2265 in
3215 2215 3527 2282 conspectu
3583 2227 3707 2268 om-

2058 2303 2239 2369 nium,
2291 2301 2589 2367 manibus,
2642 2317 2774 2372 quas
2832 2301 3132 2374 proposita
3179 2305 3364 2370 erant,
3431 2317 3699 2372 carpens,

2055 2393 2223 2448 edit:
2284 2395 2342 2446 et
2387 2395 2658 2462 praeterea
2707 2395 2911 2462 potum
2971 2392 3266 2462 degustat,
3333 2405 3400 2446 ex
3457 2391 3705 2448 mortuis

2054 2481 2314 2551 corporis
2373 2479 2853 2536 resurrectionem
2913 2480 3289 2536 conﬁrmans.
3369 2479 3437 2535 Et
3525 2479 3703 2537 talem

2053 2571 2290 2642 quidem
2331 2570 2646 2626 Servatoris
2686 2569 3106 2642 apparitionem
3165 2574 3222 2625 et
3278 2569 3700 2626 exhibitionsm

2052 2660 2208 2732 apud
2243 2658 2562 2730 discipulos
2587 2657 2698 2713 divi
2737 2660 2912 2714 Lucas
2955 2667 3008 2714 et
3047 2659 3304 2715 Joannes
3361 2659 3580 2729 optime
3636 2659 3696 2716 in

2052 2747 2374 2821 Evangeliis
2407 2748 2534 2804 suis
2562 2748 3019 2820 promulgarunt.
3045 2748 3125 2804 Ea
3163 2752 3351 2804 autem
3374 2764 3505 2820 qua:
3535 2765 3705 2821 porro

2051 2843 2394 2910 sequuntur,
2425 2837 2679 2893 tonitrus
2711 2837 2866 2893 ﬁlius
2895 2839 3168 2893 intonuit.
3218 2837 3472 2894 Thomas
3530 2855 3697 2894 nam-

2051 2944 2187 3000 que.
2245 2929 2337 2984 cui
2393 2932 2449 2982 et
2504 2926 2734 3000 Didymi
2792 2943 3111 2997 cognomen
3165 2935 3304 2995 erat,
3370 2928 3700 3000 vespertino

2053 3017 2384 3090 spectaculo
2430 3016 2642 3072 Christi
2701 3033 2815 3073 non
2875 3016 3096 3072 aderat.
3157 3018 3200 3082 0
3259 3025 3528 3089 apropter
3570 3033 3704 3074 cum

2055 3106 2258 3180 reliqui
2291 3105 2560 3178 discipuli
2593 3121 2728 3162 cum
2782 3105 2995 3177 gaudio
3053 3106 3381 3162 advenienti
3427 3103 3478 3162 ei
3533 3123 3709 3178 appa-

2055 3197 2324 3252 ritionem
2379 3196 2818 3261 annuntiarent,
2881 3193 3115 3251 moleste
3172 3211 3305 3251 cum
3368 3211 3700 3252 sermonem

2061 3284 2297 3350 ferebat,
2332 3289 2510 3356 atque
2570 3283 2786 3354 injuria
2815 3299 2878 3338 se
2962 3283 3113 3338 afﬁci
3200 3287 3434 3356 putans,
3501 3283 3698 3342 animo

2061 3378 2293 3445 propter
2341 3371 2720 3428 ﬂuctuantem
2787 3371 3079 3444 opinionis
3131 3372 3577 3444 ambiguitatem
3635 3371 3696 3427 in

2059 3468 2254 3534 partes
2291 3461 2481 3517 varias
2534 3460 2911 3528 dividebatur,
2962 3477 3076 3516 non
3124 3461 3296 3516 modo
3354 3466 3419 3516 ut
3469 3476 3700 3518 annuu-

2058 3551 2342 3606 tiantibus
2375 3567 2486 3605 non
2521 3549 2801 3617 crederet,
2825 3565 3027 3605 verum
3081 3548 3254 3605 etiam
3297 3548 3461 3605 illum
3517 3565 3704 3606 resur-

2058 3638 2270 3694 rexisse
2301 3643 2552 3709 negaret.
2577 3637 2684 3702 Qui
2715 3637 2870 3692 enim
2903 3637 2982 3704 id,
3024 3637 3192 3694 homo
3232 3653 3364 3694 cum
3403 3641 3578 3706 esset,
3621 3638 3704 3695 fa-

2057 3732 2211 3784 ceret
2237 3727 2265 3781 ?
2295 3726 2440 3794 Quin
2471 3731 2525 3782 et
2556 3726 2763 3780 obnixe
2794 3731 2996 3782 contra
3019 3731 3418 3782 asseverantes
3458 3735 3698 3784 conten-

2057 3817 2248 3883 debat,
2281 3832 2340 3871 se
2370 3831 2484 3870 non
2517 3814 2894 3878 crediturum,
2935 3815 3046 3869 nisi
3087 3830 3218 3870 man
3252 3815 3364 3872 bus
3403 3817 3526 3886 ipse
3571 3816 3697 3872 suis

2055 3905 2343 3961 clavorum
2368 3905 2608 3959 ﬁssurae
2629 3903 2944 3974 attingens,
2971 3919 3329 3977 manumque
3355 3904 3510 3960 intra
3538 3904 3694 3962 latus

2056 3993 2404 4063 immittens,
2439 4007 2560 4047 rem
2592 3991 2774 4062 ipsam
2829 4006 2930 4063 per
2963 3992 3483 4049 contrectationem
3538 3998 3694 4050 certo

2055 4081 2534 4156 deprehenderet.
2559 4080 2875 4151 Postquam
2909 4085 3104 4136 autem
3161 4080 3440 4154 deinceps
3496 4087 3698 4140 octava

2059 4170 2289 4227 advenit
2317 4170 2463 4236 dies,
2497 4168 2717 4224 foribus
2749 4169 2922 4224 modo
2965 4185 3072 4225 suo
3105 4169 3210 4226 rite
3231 4171 3543 4242 occulusis,
3575 4188 3700 4229 sec-

2055 4261 2341 4318 tatoribus
2385 4259 2598 4316 Christi
2632 4258 2907 4315 omnibus
2950 4258 3128 4315 simul
3167 4259 3245 4316 ibi
3288 4265 3444 4318 metu
3471 4276 3706 4334 congre-

2059 4351 2208 4422 gatis
2235 4350 2458 4420 (aderat
2497 4352 2692 4404 autem
2728 4363 2860 4402 cum
2908 4347 2994 4403 eis
3052 4351 3109 4404 et
3136 4348 3431 4420 Thomas),
3471 4365 3701 4408 rursum

298 4434 398 4490 Τὸν
459 4431 504 4488 δ’
562 4433 616 4497 ἐς
674 4438 932 4490 τοσοῦτον
1008 4439 1077 4506 τῇ
1135 4435 1247 4511 ἁφῇ
1299 4438 1662 4508 πιστωθῆναι,
1721 4437 1796 4500 ὡς
1855 4439 1944 4492 καὶ

2058 4443 2223 4496 Jesus
2273 4438 2400 4495 sine
2439 4437 2685 4508 strepitu
2729 4437 2886 4492 omni
2942 4438 3126 4504 adest,
3184 4439 3473 4510 taciteque
3529 4440 3702 4512 spiri-

299 4523 494 4598 Κύριον
525 4525 614 4579 καὶ
649 4526 776 4580 Θεὸν
811 4525 1027 4600 μεγάλῃ
1053 4526 1290 4582 ἀνειπεῖν
1323 4528 1484 4582 αὐτὸν
1530 4530 1600 4601 τῇ
1633 4532 1810 4604 φωνῇ.

2058 4527 2224 4595 tuali,
2256 4531 2314 4583 et
2345 4532 2406 4583 ut
2431 4543 2544 4582 uno
2583 4527 2758 4582 verbo
2791 4526 3011 4596 dicam,
3044 4528 3238 4582 divino
3286 4543 3525 4600 corpore
3583 4528 3704 4597 illo,

300 4615 462 4672 nullo
514 4617 782 4672 obstante
831 4616 1272 4687 impedimento,
1330 4619 1389 4673 in
1440 4619 1632 4674 medio
1688 4635 1885 4676 eorum
1946 4623 2164 4684 astans,
2225 4623 2559 4673 consuetam
2610 4614 2718 4671 sibi
2775 4632 2976 4672 vocem
3045 4616 3284 4688 profert.
3360 4617 3573 4672 Deinde
3643 4621 3702 4674 et

301 4702 546 4774 Didymo
573 4701 807 4758 dubiam
841 4703 1276 4776 ambiguitatem
1310 4703 1599 4773 adimens,
1648 4710 1706 4762 et
1743 4722 1846 4777 per
1891 4706 2059 4760 illum
2107 4703 2261 4776 apud
2318 4703 2464 4760 alios
2521 4718 2726 4759 omnes
2779 4709 2938 4759 certa
2991 4703 3275 4774 ﬁrmaque
3323 4703 3551 4774 jaciens
3607 4720 3705 4759 re-

299 4790 682 4847 surrectionis
739 4792 1140 4864 fundamenta,
1209 4810 1422 4850 manus
1487 4795 1665 4850 simul
1727 4803 1780 4850 et
1839 4795 2012 4866 pedes
2081 4793 2396 4866 ipsumque
2463 4793 2615 4848 latus
2681 4797 2950 4859 ostentat,
3015 4795 3396 4864 accurateque
3459 4797 3516 4848 et
3570 4792 3705 4847 dili-

295 4886 506 4953 genter
554 4885 902 4952 pertraotare
953 4883 1116 4952 jubet
1173 4883 1465 4941 clavorum
1527 4885 1794 4958 vestigia,
1845 4889 1902 4941 et
1933 4901 2059 4956 quas
2108 4882 2252 4939 satis
2311 4881 2428 4938 alta
2475 4888 2622 4949 erat,
2680 4881 2877 4938 lateris
2927 4882 3222 4940 ﬁssuram.
3255 4881 3457 4953 Itaque
3483 4881 3542 4936 in
3575 4887 3702 4936 tan-

299 4975 429 5026 tum
463 4970 620 5026 illius
653 4970 796 5027 ﬁdes
830 4986 894 5026 ea
915 4973 1363 5031 contrectatione
1393 4981 1480 5031 est
1536 4975 1898 5044 conﬁrmata,
1949 4979 2016 5031 ut
2069 4987 2208 5030 voce
2255 4987 2466 5044 magna
2519 4975 2577 5027 et
2633 4971 2944 5028 Dominum
2975 4977 3032 5027 et
3087 4971 3272 5027 Deum
3322 4971 3518 5042 ipsum
3577 4987 3706 5044 pro-

301 5060 585 5116 ﬁteretur.

2533 5168 2572 5226 I
2596 5168 2709 5226 I9
2753 5168 2984 5226 CAPUT
3022 5167 3243 5225 XXXV.

2183 5277 2410 5349 posthac
2463 5275 2536 5331 ad
2615 5291 2769 5332 mare
2835 5275 3140 5332 Tiberiadi:
3195 5275 3376 5349 Petro.
3411 5274 3618 5330 Thamar
3654 5279 3708 5349 et

2135 5346 2451 5406 Nat/lanae“
2480 5349 2822 5420 apparuerit,
2871 5349 2951 5420 in
2995 5350 3226 5419 captura
3277 5348 3513 5418 piscium
3541 5363 3564 5402 .·
3607 5346 3705 5403 ιιὺί

2131 5423 2300 5476 etiam
2328 5418 2526 5476 cibum‘
2552 5418 2684 5476 'cum
2712 5421 2787 5475 eis
2831 5418 2994 5490 cepit.

914 5174 1167 5228 ΚΕΦΔΛ.
1209 5173 1334 5230 ΛΕ’.

291 5279 393 5352 ,Ως
437 5269 604 5352 μετὰ
632 5275 843 5352 τοῦτο
881 5269 988 5328 ἰπὶ
1025 5280 1142 5352 τῆς
1173 5273 1574 5352 Τιᾷεριάδος
1615 5277 1958 5352 θοελᾴσσης
2071 5281 2132 5337 ηε

369 5343 578 5423 έφάνη
630 5345 899 5423 Ιξέτρῳ,
931 5343 1156 5423 Θωμᾷε,
1189 5347 1300 5423 καὶ
1341 5343 1710 5423 ’Ῑςαθαναὴλ
1760 5348 1820 5405 ἐν
1875 5343 1953 5423 τῇ

367 5412 532 5498 άγρα
569 5412 720 5468 τῶν
775 5412 1071 5490 Ἰχθύων,
1107 5412 1283 5472 ’ἔνθα
1371 5417 1438 5488 δὴ
1519 5412 1658 5476 καῖ’
1695 5412 1952 5498 τροφῆς

369 5484 727 5560 μετέσχεν.

360 5591 510 5646 Μετὰ
566 5591 626 5645 τὲ
669 5594 833 5646 τοῦτο
890 5592 1085 5668 Πέτρῳ
1142 5592 1332 5664 πάλιν,
1369 5601 1538 5670 Θωμᾷ
1587 5618 1645 5653 τε
1697 5599 1788 5654 καὶ
1843 5607 1947 5654 Να-

2131 5603 2334 5658 Postea
2397 5616 2630 5656 rursum
2694 5599 2881 5662 Petro,
2939 5596 3168 5652 Thomas
3227 5600 3285 5655 et
3336 5597 3702 5662 Nathanaeli,

290 5679 528 5748 θαναὴλ,
559 5682 680 5742 τοῖς
727 5698 787 5732 τε
835 5676 1122 5736 Ζεϐεδαίου
1169 5683 1346 5753 παισὶ,
1382 5681 1502 5739 δυσί
1544 5706 1603 5741 τε
1636 5685 1830 5749 ἄλλοις
1861 5687 1947 5744 ἐπὶ

2058 5690 2312 5748 Zebedisi
2361 5689 2582 5755 liberis,
2633 5692 2690 5744 et
2733 5686 2963 5743 duobus
3033 5690 3305 5760 presteres
3333 5687 3481 5758 aliis,
3511 5686 3572 5741 in
3604 5685 3700 5742 Ti-
