  <div class='ocr_page' id='page_1' title='image "/cluster/home/n/w/nwhite01/storage/ocr_20150623/145/mdp.39015061167048/377.png"; bbox 0 0 4070 6274; ppageno 0'>
   <div class='ocr_carea' id='block_1_1' title="bbox 350 307 467 367">
    <p class='ocr_par' dir='ltr' id='par_1_1' title="bbox 350 307 467 367">
     <span class='ocr_line' id='line_1_1' title="bbox 350 307 467 367; baseline 0 0"><span class='ocrx_word' id='word_1_1' title='bbox 350 307 467 367; x_wconf 86' lang='lat'>739</span> 
     </span>
    </p>
   </div>
   <div class='ocr_carea' id='block_1_2' title="bbox 1643 289 2466 354">
    <p class='ocr_par' dir='ltr' id='par_1_2' title="bbox 1643 289 2466 354">
     <span class='ocr_line' id='line_1_2' title="bbox 1643 289 2466 354; baseline -0.001 -1"><span class='ocrx_word' id='word_1_2' title='bbox 1643 291 2065 354; x_wconf 79' lang='lat' dir='ltr'><strong>NICEPHORI</strong></span> <span class='ocrx_word' id='word_1_3' title='bbox 2108 289 2466 352; x_wconf 81' lang='lat' dir='ltr'><strong>GALLISTI</strong></span> 
     </span>
    </p>
   </div>
   <div class='ocr_carea' id='block_1_3' title="bbox 3656 298 3808 359">
    <p class='ocr_par' dir='ltr' id='par_1_3' title="bbox 3656 298 3808 359">
     <span class='ocr_line' id='line_1_3' title="bbox 3656 298 3808 359; baseline -0.026 0"><span class='ocrx_word' id='word_1_4' title='bbox 3656 298 3808 359; x_wconf 62' lang='lat'><strong>740</strong></span> 
     </span>
    </p>
   </div>
   <div class='ocr_carea' id='block_1_4' title="bbox 348 418 2028 507">
    <p class='ocr_par' dir='ltr' id='par_1_4' title="bbox 348 428 2028 507">
     <span class='ocr_line' id='line_1_4' title="bbox 348 428 2028 507; baseline -0.011 -7"><span class='ocrx_word' id='word_1_5' title='bbox 348 441 601 500; x_wconf 82' lang='lat' dir='ltr'><strong>beriadis</strong></span> <span class='ocrx_word' id='word_1_6' title='bbox 649 438 795 496; x_wconf 88' lang='lat' dir='ltr'><strong>mari</strong></span> <span class='ocrx_word' id='word_1_7' title='bbox 853 434 1154 507; x_wconf 78' lang='lat' dir='ltr'><strong>capiendis</strong></span> <span class='ocrx_word' id='word_1_8' title='bbox 1203 432 1458 504; x_wconf 78' lang='lat' dir='ltr'><strong>piscibus</strong></span> <span class='ocrx_word' id='word_1_9' title='bbox 1509 428 1827 499; x_wconf 81' lang='lat' dir='ltr'><strong>occupatis,</strong></span> <span class='ocrx_word' id='word_1_10' title='bbox 1879 442 2028 492; x_wconf 39' lang='lat' dir='ltr'><strong>cer»</strong></span> 
     </span>
    </p>
   </div>
   <div class='ocr_carea' id='block_1_5' title="bbox 2140 418 3803 507">
    <p class='ocr_par' dir='ltr' id='par_1_5' title="bbox 2143 418 3803 506">
     <span class='ocr_line' id='line_1_5' title="bbox 2143 418 3803 506; baseline 0.004 -28"><span class='ocrx_word' id='word_1_11' title='bbox 2143 429 2211 493; x_wconf 83' lang='grc' dir='ltr'>ἧς</span> <span class='ocrx_word' id='word_1_12' title='bbox 2243 418 2563 499; x_wconf 77' lang='grc' dir='ltr'>Τιϐεριάδος</span> <span class='ocrx_word' id='word_1_13' title='bbox 2594 425 2868 497; x_wconf 79' lang='grc' dir='ltr'><strong>θαλάσσης</strong></span> <span class='ocrx_word' id='word_1_14' title='bbox 2894 428 3015 502; x_wconf 82' lang='grc' dir='ltr'><strong>περῖ</strong></span> <span class='ocrx_word' id='word_1_15' title='bbox 3067 429 3165 498; x_wconf 84' lang='grc' dir='ltr'>τήν</span> <span class='ocrx_word' id='word_1_16' title='bbox 3211 432 3319 485; x_wconf 87' lang='grc' dir='ltr'><strong>τῶν</strong></span> <span class='ocrx_word' id='word_1_17' title='bbox 3372 431 3581 506; x_wconf 82' lang='grc' dir='ltr'>ἰχθύων</span> <span class='ocrx_word' id='word_1_18' title='bbox 3655 429 3803 486; x_wconf 75' lang='grc' dir='ltr'>δια-</span> 
     </span>
    </p>
   </div>
   <div class='ocr_carea' id='block_1_6' title="bbox 350 517 1997 587">
    <p class='ocr_par' dir='ltr' id='par_1_6' title="bbox 350 517 1997 587">
     <span class='ocr_line' id='line_1_6' title="bbox 350 517 1997 587; baseline -0.011 0"><span class='ocrx_word' id='word_1_19' title='bbox 350 531 528 587; x_wconf 88' lang='lat' dir='ltr'><strong>nitur.</strong></span> <span class='ocrx_word' id='word_1_20' title='bbox 554 529 676 584; x_wconf 75' lang='lat' dir='ltr'><strong>Nox</strong></span> <span class='ocrx_word' id='word_1_21' title='bbox 721 543 851 583; x_wconf 90' lang='lat' dir='ltr'><strong>vero</strong></span> <span class='ocrx_word' id='word_1_22' title='bbox 892 529 1010 579; x_wconf 87' lang='lat' dir='ltr'><strong>tota</strong></span> <span class='ocrx_word' id='word_1_23' title='bbox 1059 522 1174 577; x_wconf 83' lang='lat' dir='ltr'><strong>illis</strong></span> <span class='ocrx_word' id='word_1_24' title='bbox 1230 520 1471 585; x_wconf 88' lang='lat' dir='ltr'><strong>abierat,</strong></span> <span class='ocrx_word' id='word_1_25' title='bbox 1501 534 1632 573; x_wconf 88' lang='lat' dir='ltr'><strong>cum</strong></span> <span class='ocrx_word' id='word_1_26' title='bbox 1683 517 1997 572; x_wconf 81' lang='lat' dir='ltr'><strong>admodum</strong></span> 
     </span>
    </p>
   </div>
   <div class='ocr_carea' id='block_1_7' title="bbox 351 606 2002 683">
    <p class='ocr_par' dir='ltr' id='par_1_7' title="bbox 351 606 2002 683">
     <span class='ocr_line' id='line_1_7' title="bbox 351 606 2002 683; baseline -0.008 -10"><span class='ocrx_word' id='word_1_27' title='bbox 351 621 731 683; x_wconf 87' lang='lat' dir='ltr'><strong>laborassent,</strong></span> <span class='ocrx_word' id='word_1_28' title='bbox 793 614 935 669; x_wconf 85' lang='lat' dir='ltr'>nihil</span> <span class='ocrx_word' id='word_1_29' title='bbox 977 617 1169 667; x_wconf 89' lang='lat' dir='ltr'><strong>autem</strong></span> <span class='ocrx_word' id='word_1_30' title='bbox 1231 625 1471 682; x_wconf 77' lang='lat' dir='ltr'><strong>prorsus</strong></span> <span class='ocrx_word' id='word_1_31' title='bbox 1501 608 1627 678; x_wconf 87' lang='lat' dir='ltr'><strong>ejus</strong></span> <span class='ocrx_word' id='word_1_32' title='bbox 1678 606 1831 677; x_wconf 88' lang='lat' dir='ltr'><strong>quod</strong></span> <span class='ocrx_word' id='word_1_33' title='bbox 1872 619 2002 675; x_wconf 86' lang='lat' dir='ltr'><strong>spe-</strong></span> 
     </span>
    </p>
   </div>
   <div class='ocr_carea' id='block_1_8' title="bbox 351 694 2001 764">
    <p class='ocr_par' dir='ltr' id='par_1_8' title="bbox 351 694 2001 764">
     <span class='ocr_line' id='line_1_8' title="bbox 351 694 2001 764; baseline -0.009 -1"><span class='ocrx_word' id='word_1_34' title='bbox 351 712 578 764; x_wconf 90' lang='lat' dir='ltr'><strong>rassent</strong></span> <span class='ocrx_word' id='word_1_35' title='bbox 623 702 917 760; x_wconf 82' lang='lat' dir='ltr'><strong>consecuti</strong></span> <span class='ocrx_word' id='word_1_36' title='bbox 958 705 1174 757; x_wconf 82' lang='lat' dir='ltr'><strong>essent.</strong></span> <span class='ocrx_word' id='word_1_37' title='bbox 1219 700 1504 755; x_wconf 77' lang='lat' dir='ltr'><strong>Caeterum</strong></span> <span class='ocrx_word' id='word_1_38' title='bbox 1565 712 1681 751; x_wconf 89' lang='lat' dir='ltr'><strong>una</strong></span> <span class='ocrx_word' id='word_1_39' title='bbox 1730 711 1861 751; x_wconf 88' lang='lat' dir='ltr'><strong>cum</strong></span> <span class='ocrx_word' id='word_1_40' title='bbox 1913 694 2001 749; x_wconf 87' lang='lat' dir='ltr'><strong>di-</strong></span> 
     </span>
    </p>
   </div>
   <div class='ocr_carea' id='block_1_9' title="bbox 356 784 2003 863">
    <p class='ocr_par' dir='ltr' id='par_1_9' title="bbox 356 784 2003 863">
     <span class='ocr_line' id='line_1_9' title="bbox 356 784 2003 863; baseline -0.009 -12"><span class='ocrx_word' id='word_1_41' title='bbox 356 794 549 851; x_wconf 88' lang='lat' dir='ltr'><strong>luculo</strong></span> <span class='ocrx_word' id='word_1_42' title='bbox 578 794 715 850; x_wconf 87' lang='lat' dir='ltr'><strong>Jesu</strong></span> <span class='ocrx_word' id='word_1_43' title='bbox 748 794 1075 863; x_wconf 86' lang='lat' dir='ltr'><strong>appetente.</strong></span> <span class='ocrx_word' id='word_1_44' title='bbox 1106 794 1163 844; x_wconf 88' lang='lat' dir='ltr'><strong>et</strong></span> <span class='ocrx_word' id='word_1_45' title='bbox 1200 784 1552 844; x_wconf 82' lang='lat' dir='ltr'><strong>verriculum</strong></span> <span class='ocrx_word' id='word_1_46' title='bbox 1612 784 1683 839; x_wconf 89' lang='lat' dir='ltr'><strong>ad</strong></span> <span class='ocrx_word' id='word_1_47' title='bbox 1743 784 2003 840; x_wconf 81' lang='lat' dir='ltr'><strong>dextram</strong></span> 
     </span>
    </p>
   </div>
   <div class='ocr_carea' id='block_1_10' title="bbox 350 872 2005 953">
    <p class='ocr_par' dir='ltr' id='par_1_10' title="bbox 350 872 2005 953">
     <span class='ocr_line' id='line_1_10' title="bbox 350 872 2005 953; baseline -0.008 -13"><span class='ocrx_word' id='word_1_48' title='bbox 350 886 670 942; x_wconf 87' lang='lat' dir='ltr'><strong>immittere</strong></span> <span class='ocrx_word' id='word_1_49' title='bbox 713 882 1019 953; x_wconf 77' lang='lat' dir='ltr'><strong>laxareque</strong></span> <span class='ocrx_word' id='word_1_50' title='bbox 1084 879 1346 950; x_wconf 87' lang='lat' dir='ltr'><strong>jubenle,</strong></span> <span class='ocrx_word' id='word_1_51' title='bbox 1402 879 1565 931; x_wconf 88' lang='lat' dir='ltr'><strong>tanta</strong></span> <span class='ocrx_word' id='word_1_52' title='bbox 1606 875 1693 931; x_wconf 91' lang='lat' dir='ltr'><strong>vis</strong></span> <span class='ocrx_word' id='word_1_53' title='bbox 1755 872 2005 945; x_wconf 78' lang='lat' dir='ltr'><strong>piscium</strong></span> 
     </span>
    </p>
   </div>
   <div class='ocr_carea' id='block_1_11' title="bbox 352 964 2003 1042">
    <p class='ocr_par' dir='ltr' id='par_1_11' title="bbox 352 964 2003 1042">
     <span class='ocr_line' id='line_1_11' title="bbox 352 964 2003 1042; baseline -0.008 -12"><span class='ocrx_word' id='word_1_54' title='bbox 352 973 696 1041; x_wconf 79' lang='lat' dir='ltr'><strong>extrahitur,</strong></span> <span class='ocrx_word' id='word_1_55' title='bbox 731 976 795 1028; x_wconf 89' lang='lat' dir='ltr'><strong>ut</strong></span> <span class='ocrx_word' id='word_1_56' title='bbox 838 984 1121 1042; x_wconf 81' lang='lat' dir='ltr'><strong>aagenam</strong></span> <span class='ocrx_word' id='word_1_57' title='bbox 1183 966 1518 1039; x_wconf 87' lang='lat' dir='ltr'><strong>pertrahere</strong></span> <span class='ocrx_word' id='word_1_58' title='bbox 1572 979 1688 1020; x_wconf 89' lang='lat' dir='ltr'><strong>non</strong></span> <span class='ocrx_word' id='word_1_59' title='bbox 1749 964 2003 1034; x_wconf 87' lang='lat' dir='ltr'><strong>possent.</strong></span> 
     </span>
    </p>
   </div>
   <div class='ocr_carea' id='block_1_12' title="bbox 354 1051 2014 1133">
    <p class='ocr_par' dir='ltr' id='par_1_12' title="bbox 354 1051 2014 1133">
     <span class='ocr_line' id='line_1_12' title="bbox 354 1051 2014 1133; baseline -0.008 -16"><span class='ocrx_word' id='word_1_60' title='bbox 354 1062 586 1118; x_wconf 90' lang='lat' dir='ltr'><strong>Piscum</strong></span> <span class='ocrx_word' id='word_1_61' title='bbox 618 1060 796 1133; x_wconf 82' lang='lat' dir='ltr'><strong>igitur</strong></span> <span class='ocrx_word' id='word_1_62' title='bbox 865 1060 1157 1113; x_wconf 85' lang='lat' dir='ltr'><strong>immensa</strong></span> <span class='ocrx_word' id='word_1_63' title='bbox 1193 1055 1646 1127; x_wconf 89' lang='lat' dir='ltr'><strong>opinionemque</strong></span> <span class='ocrx_word' id='word_1_64' title='bbox 1702 1051 2014 1107; x_wconf 81' lang='lat' dir='ltr'><strong>excedente</strong></span> 
     </span>
    </p>
   </div>
   <div class='ocr_carea' id='block_1_13' title="bbox 360 1138 2012 1223">
    <p class='ocr_par' dir='ltr' id='par_1_13' title="bbox 360 1138 2012 1223">
     <span class='ocr_line' id='line_1_13' title="bbox 360 1138 2012 1223; baseline -0.009 -16"><span class='ocrx_word' id='word_1_65' title='bbox 360 1157 620 1223; x_wconf 87' lang='lat' dir='ltr'><strong>captura,</strong></span> <span class='ocrx_word' id='word_1_66' title='bbox 673 1149 948 1220; x_wconf 85' lang='lat' dir='ltr'><strong>quisnam</strong></span> <span class='ocrx_word' id='word_1_67' title='bbox 1006 1149 1184 1211; x_wconf 85' lang='lat' dir='ltr'><strong>esset,</strong></span> <span class='ocrx_word' id='word_1_68' title='bbox 1239 1143 1341 1214; x_wconf 88' lang='lat' dir='ltr'><strong>qui</strong></span> <span class='ocrx_word' id='word_1_69' title='bbox 1396 1141 1460 1197; x_wconf 89' lang='lat' dir='ltr'><strong>in</strong></span> <span class='ocrx_word' id='word_1_70' title='bbox 1518 1141 1711 1196; x_wconf 85' lang='lat' dir='ltr'><strong>littore</strong></span> <span class='ocrx_word' id='word_1_71' title='bbox 1764 1138 2012 1204; x_wconf 86' lang='lat' dir='ltr'><strong>astabat,</strong></span> 
     </span>
    </p>
   </div>
   <div class='ocr_carea' id='block_1_14' title="bbox 358 1225 2015 1311">
    <p class='ocr_par' dir='ltr' id='par_1_14' title="bbox 358 1225 2015 1311">
     <span class='ocr_line' id='line_1_14' title="bbox 358 1225 2015 1311; baseline -0.009 -15"><span class='ocrx_word' id='word_1_72' title='bbox 358 1238 740 1311; x_wconf 83' lang='lat' dir='ltr'><strong>cognoscitur.</strong></span> <span class='ocrx_word' id='word_1_73' title='bbox 809 1236 879 1291; x_wconf 87' lang='lat' dir='ltr'><strong>Et</strong></span> <span class='ocrx_word' id='word_1_74' title='bbox 935 1234 1140 1289; x_wconf 86' lang='lat' dir='ltr'><strong>Petrus</strong></span> <span class='ocrx_word' id='word_1_75' title='bbox 1212 1230 1488 1287; x_wconf 89' lang='lat' dir='ltr'><strong>continuo</strong></span> <span class='ocrx_word' id='word_1_76' title='bbox 1549 1232 1710 1284; x_wconf 85' lang='lat' dir='ltr'><strong>natat</strong></span> <span class='ocrx_word' id='word_1_77' title='bbox 1762 1225 2015 1298; x_wconf 88' lang='lat' dir='ltr'><strong>(circiter</strong></span> 
     </span>
    </p>
   </div>
   <div class='ocr_carea' id='block_1_15' title="bbox 362 1315 2013 1388">
    <p class='ocr_par' dir='ltr' id='par_1_15' title="bbox 362 1315 2013 1388">
     <span class='ocr_line' id='line_1_15' title="bbox 362 1315 2013 1388; baseline -0.008 -4"><span class='ocrx_word' id='word_1_78' title='bbox 362 1329 518 1385; x_wconf 91' lang='lat' dir='ltr'><strong>enim</strong></span> <span class='ocrx_word' id='word_1_79' title='bbox 551 1328 832 1382; x_wconf 89' lang='lat' dir='ltr'><strong>ducentos</strong></span> <span class='ocrx_word' id='word_1_80' title='bbox 878 1323 1107 1379; x_wconf 91' lang='lat' dir='ltr'><strong>cubitos</strong></span> <span class='ocrx_word' id='word_1_81' title='bbox 1139 1337 1173 1376; x_wconf 91' lang='lat' dir='ltr'><strong>a</strong></span> <span class='ocrx_word' id='word_1_82' title='bbox 1226 1328 1378 1375; x_wconf 89' lang='lat' dir='ltr'><strong>terra</strong></span> <span class='ocrx_word' id='word_1_83' title='bbox 1431 1317 1717 1388; x_wconf 88' lang='lat' dir='ltr'><strong>aberant).</strong></span> <span class='ocrx_word' id='word_1_84' title='bbox 1773 1315 2013 1371; x_wconf 83' lang='lat' dir='ltr'><strong>Ardenti</strong></span> 
     </span>
    </p>
   </div>
   <div class='ocr_carea' id='block_1_16' title="bbox 365 1401 2015 1488">
    <p class='ocr_par' dir='ltr' id='par_1_16' title="bbox 365 1401 2015 1488">
     <span class='ocr_line' id='line_1_16' title="bbox 365 1401 2015 1488; baseline -0.011 -14"><span class='ocrx_word' id='word_1_85' title='bbox 365 1431 622 1488; x_wconf 88' lang='lat' dir='ltr'><strong>namque</strong></span> <span class='ocrx_word' id='word_1_86' title='bbox 686 1413 973 1470; x_wconf 88' lang='lat' dir='ltr'><strong>desiderio</strong></span> <span class='ocrx_word' id='word_1_87' title='bbox 1054 1409 1316 1465; x_wconf 91' lang='lat' dir='ltr'><strong>concitus</strong></span> <span class='ocrx_word' id='word_1_88' title='bbox 1397 1407 1515 1474; x_wconf 88' lang='lat' dir='ltr'><strong>ille,</strong></span> <span class='ocrx_word' id='word_1_89' title='bbox 1585 1420 1720 1460; x_wconf 89' lang='lat' dir='ltr'><strong>eum</strong></span> <span class='ocrx_word' id='word_1_90' title='bbox 1779 1401 2015 1459; x_wconf 83' lang='lat' dir='ltr'><strong>linteolo</strong></span> 
     </span>
    </p>
   </div>
   <div class='ocr_carea' id='block_1_17' title="bbox 363 1491 2019 1578">
    <p class='ocr_par' dir='ltr' id='par_1_17' title="bbox 363 1491 2019 1578">
     <span class='ocr_line' id='line_1_17' title="bbox 363 1491 2019 1578; baseline -0.01 -16"><span class='ocrx_word' id='word_1_91' title='bbox 363 1505 519 1578; x_wconf 89' lang='lat' dir='ltr'><strong>quod</strong></span> <span class='ocrx_word' id='word_1_92' title='bbox 547 1505 599 1560; x_wconf 92' lang='lat' dir='ltr'><strong>ei</strong></span> <span class='ocrx_word' id='word_1_93' title='bbox 630 1507 753 1558; x_wconf 92' lang='lat' dir='ltr'><strong>tum</strong></span> <span class='ocrx_word' id='word_1_94' title='bbox 785 1501 977 1557; x_wconf 89' lang='lat' dir='ltr'><strong>subito</strong></span> <span class='ocrx_word' id='word_1_95' title='bbox 1002 1504 1229 1569; x_wconf 88' lang='lat' dir='ltr'><strong>tempus</strong></span> <span class='ocrx_word' id='word_1_96' title='bbox 1263 1495 1753 1567; x_wconf 89' lang='lat' dir='ltr'><strong>suppeditaverat,</strong></span> <span class='ocrx_word' id='word_1_97' title='bbox 1785 1491 2019 1547; x_wconf 89' lang='lat' dir='ltr'><strong>lumbos</strong></span> 
     </span>
    </p>
   </div>
   <div class='ocr_carea' id='block_1_18' title="bbox 373 1580 2021 1657">
    <p class='ocr_par' dir='ltr' id='par_1_18' title="bbox 373 1580 2021 1657">
     <span class='ocr_line' id='line_1_18' title="bbox 373 1580 2021 1657; baseline -0.011 -6"><span class='ocrx_word' id='word_1_98' title='bbox 373 1593 749 1651; x_wconf 88' lang='lat' dir='ltr'><strong>circumcirca</strong></span> <span class='ocrx_word' id='word_1_99' title='bbox 791 1590 1091 1657; x_wconf 84' lang='lat' dir='ltr'><strong>cinxisset,</strong></span> <span class='ocrx_word' id='word_1_100' title='bbox 1157 1585 1333 1641; x_wconf 91' lang='lat' dir='ltr'><strong>undis</strong></span> <span class='ocrx_word' id='word_1_101' title='bbox 1383 1584 1683 1650; x_wconf 86' lang='lat' dir='ltr'><strong>innatans,</strong></span> <span class='ocrx_word' id='word_1_102' title='bbox 1748 1580 2021 1636; x_wconf 79' lang='lat' dir='ltr'><strong>suavissi-</strong></span> 
     </span>
    </p>
   </div>
   <div class='ocr_carea' id='block_1_19' title="bbox 374 1673 2022 1756">
    <p class='ocr_par' dir='ltr' id='par_1_19' title="bbox 374 1673 2022 1756">
     <span class='ocr_line' id='line_1_19' title="bbox 374 1673 2022 1756; baseline -0.012 -14"><span class='ocrx_word' id='word_1_103' title='bbox 374 1700 583 1756; x_wconf 88' lang='lat' dir='ltr'><strong>meque</strong></span> <span class='ocrx_word' id='word_1_104' title='bbox 615 1682 862 1739; x_wconf 90' lang='lat' dir='ltr'><strong>subinde</strong></span> <span class='ocrx_word' id='word_1_105' title='bbox 886 1694 1100 1750; x_wconf 91' lang='lat' dir='ltr'><strong>aquam</strong></span> <span class='ocrx_word' id='word_1_106' title='bbox 1136 1675 1345 1747; x_wconf 86' lang='lat' dir='ltr'><strong>spiritu</strong></span> <span class='ocrx_word' id='word_1_107' title='bbox 1378 1673 1677 1728; x_wconf 89' lang='lat' dir='ltr'><strong>attrahens</strong></span> <span class='ocrx_word' id='word_1_108' title='bbox 1710 1675 1885 1742; x_wconf 90' lang='lat' dir='ltr'><strong>atque</strong></span> <span class='ocrx_word' id='word_1_109' title='bbox 1935 1685 2022 1724; x_wconf 92' lang='lat' dir='ltr'><strong>re-</strong></span> 
     </span>
    </p>
   </div>
   <div class='ocr_carea' id='block_1_20' title="bbox 375 1755 2020 1841">
    <p class='ocr_par' dir='ltr' id='par_1_20' title="bbox 375 1755 2020 1841">
     <span class='ocr_line' id='line_1_20' title="bbox 375 1755 2020 1841; baseline -0.012 -10"><span class='ocrx_word' id='word_1_110' title='bbox 375 1755 636 1841; x_wconf 77' lang='lat' dir='ltr'><strong>mittens,</strong></span> <span class='ocrx_word' id='word_1_111' title='bbox 662 1773 733 1827; x_wconf 89' lang='lat' dir='ltr'><strong>ad</strong></span> <span class='ocrx_word' id='word_1_112' title='bbox 765 1770 1058 1825; x_wconf 78' lang='lat' dir='ltr'><strong>Christum</strong></span> <span class='ocrx_word' id='word_1_113' title='bbox 1090 1764 1411 1821; x_wconf 87' lang='lat' dir='ltr'><strong>contendit.</strong></span> <span class='ocrx_word' id='word_1_114' title='bbox 1453 1761 1682 1834; x_wconf 82' lang='lat' dir='ltr'><strong>Reliqui</strong></span> <span class='ocrx_word' id='word_1_115' title='bbox 1716 1776 1848 1815; x_wconf 87' lang='lat' dir='ltr'><strong>vero</strong></span> <span class='ocrx_word' id='word_1_116' title='bbox 1889 1755 2020 1814; x_wconf 90' lang='lat' dir='ltr'><strong>navi</strong></span> 
     </span>
    </p>
   </div>
   <div class='ocr_carea' id='block_1_21' title="bbox 370 1848 2015 1935">
    <p class='ocr_par' dir='ltr' id='par_1_21' title="bbox 370 1848 2015 1935">
     <span class='ocr_line' id='line_1_21' title="bbox 370 1848 2015 1935; baseline -0.012 -16"><span class='ocrx_word' id='word_1_117' title='bbox 370 1862 681 1935; x_wconf 87' lang='lat' dir='ltr'><strong>piscatoria</strong></span> <span class='ocrx_word' id='word_1_118' title='bbox 712 1860 1088 1929; x_wconf 88' lang='lat' dir='ltr'><strong>remigantes,</strong></span> <span class='ocrx_word' id='word_1_119' title='bbox 1117 1856 1186 1910; x_wconf 90' lang='lat' dir='ltr'><strong>ad</strong></span> <span class='ocrx_word' id='word_1_120' title='bbox 1233 1854 1396 1908; x_wconf 83' lang='lat' dir='ltr'><strong>littus</strong></span> <span class='ocrx_word' id='word_1_121' title='bbox 1441 1850 1759 1922; x_wconf 87' lang='lat' dir='ltr'><strong>appellunt.</strong></span> <span class='ocrx_word' id='word_1_122' title='bbox 1804 1849 1844 1903; x_wconf 90' lang='lat' dir='ltr'><strong>E</strong></span> <span class='ocrx_word' id='word_1_123' title='bbox 1890 1848 2015 1903; x_wconf 90' lang='lat' dir='ltr'><strong>navi</strong></span> 
     </span>
    </p>
   </div>
   <div class='ocr_carea' id='block_1_22' title="bbox 376 1937 2029 2026">
    <p class='ocr_par' dir='ltr' id='par_1_22' title="bbox 376 1937 2029 2026">
     <span class='ocr_line' id='line_1_22' title="bbox 376 1937 2029 2026; baseline -0.011 -17"><span class='ocrx_word' id='word_1_124' title='bbox 376 1955 575 2026; x_wconf 89' lang='lat' dir='ltr'><strong>itaque</strong></span> <span class='ocrx_word' id='word_1_125' title='bbox 622 1949 886 2023; x_wconf 82' lang='lat' dir='ltr'><strong>digressi,</strong></span> <span class='ocrx_word' id='word_1_126' title='bbox 928 1946 1321 2002; x_wconf 81' lang='lat' dir='ltr'><strong>desideratum</strong></span> <span class='ocrx_word' id='word_1_127' title='bbox 1370 1940 1535 1996; x_wconf 91' lang='lat' dir='ltr'><strong>illum</strong></span> <span class='ocrx_word' id='word_1_128' title='bbox 1584 1939 1837 1995; x_wconf 85' lang='lat' dir='ltr'><strong>suaviter</strong></span> <span class='ocrx_word' id='word_1_129' title='bbox 1874 1937 2029 1991; x_wconf 91' lang='lat' dir='ltr'><strong>salu-</strong></span> 
     </span>
    </p>
   </div>
   <div class='ocr_carea' id='block_1_23' title="bbox 382 2026 2027 2109">
    <p class='ocr_par' dir='ltr' id='par_1_23' title="bbox 382 2026 2027 2109">
     <span class='ocr_line' id='line_1_23' title="bbox 382 2026 2027 2109; baseline -0.012 -11"><span class='ocrx_word' id='word_1_130' title='bbox 382 2044 512 2098; x_wconf 87' lang='lat' dir='ltr'><strong>tant</strong></span> <span class='ocrx_word' id='word_1_131' title='bbox 567 2047 619 2095; x_wconf 89' lang='lat' dir='ltr'><strong>et</strong></span> <span class='ocrx_word' id='word_1_132' title='bbox 648 2037 1103 2109; x_wconf 88' lang='lat' dir='ltr'><strong>amplectuntur.</strong></span> <span class='ocrx_word' id='word_1_133' title='bbox 1134 2032 1207 2087; x_wconf 87' lang='lat' dir='ltr'><strong>Et</strong></span> <span class='ocrx_word' id='word_1_134' title='bbox 1234 2046 1387 2100; x_wconf 85' lang='lat' dir='ltr'><strong>ecce,</strong></span> <span class='ocrx_word' id='word_1_135' title='bbox 1429 2029 1488 2083; x_wconf 91' lang='lat' dir='ltr'><strong>in</strong></span> <span class='ocrx_word' id='word_1_136' title='bbox 1538 2026 1661 2083; x_wconf 92' lang='lat' dir='ltr'><strong>solo</strong></span> <span class='ocrx_word' id='word_1_137' title='bbox 1694 2042 1911 2099; x_wconf 88' lang='lat' dir='ltr'><strong>prunas</strong></span> <span class='ocrx_word' id='word_1_138' title='bbox 1970 2041 2027 2096; x_wconf 61' lang='lat' dir='ltr'><strong>et</strong></span> 
     </span>
    </p>
   </div>
   <div class='ocr_carea' id='block_1_24' title="bbox 383 2118 2026 2204">
    <p class='ocr_par' dir='ltr' id='par_1_24' title="bbox 383 2118 2026 2204">
     <span class='ocr_line' id='line_1_24' title="bbox 383 2118 2026 2204; baseline -0.012 -17"><span class='ocrx_word' id='word_1_139' title='bbox 383 2130 602 2204; x_wconf 89' lang='lat' dir='ltr'><strong>piscem</strong></span> <span class='ocrx_word' id='word_1_140' title='bbox 643 2143 777 2184; x_wconf 91' lang='lat' dir='ltr'><strong>eum</strong></span> <span class='ocrx_word' id='word_1_141' title='bbox 827 2139 974 2197; x_wconf 86' lang='lat' dir='ltr'><strong>pane</strong></span> <span class='ocrx_word' id='word_1_142' title='bbox 1034 2122 1283 2194; x_wconf 89' lang='lat' dir='ltr'><strong>positum</strong></span> <span class='ocrx_word' id='word_1_143' title='bbox 1364 2120 1633 2184; x_wconf 90' lang='lat' dir='ltr'><strong>cernunt,</strong></span> <span class='ocrx_word' id='word_1_144' title='bbox 1693 2118 2026 2171; x_wconf 84' lang='lat' dir='ltr'><strong>sanctorum</strong></span> 
     </span>
    </p>
   </div>
   <div class='ocr_carea' id='block_1_25' title="bbox 394 2203 2029 2289">
    <p class='ocr_par' dir='ltr' id='par_1_25' title="bbox 394 2203 2029 2289">
     <span class='ocr_line' id='line_1_25' title="bbox 394 2203 2029 2289; baseline -0.012 -13"><span class='ocrx_word' id='word_1_145' title='bbox 394 2217 616 2276; x_wconf 85' lang='lat' dir='ltr'><strong>scilicet</strong></span> <span class='ocrx_word' id='word_1_146' title='bbox 645 2214 1001 2289; x_wconf 81' lang='lat' dir='ltr'><strong>angelorum,</strong></span> <span class='ocrx_word' id='word_1_147' title='bbox 1044 2214 1105 2264; x_wconf 89' lang='lat' dir='ltr'><strong>ut</strong></span> <span class='ocrx_word' id='word_1_148' title='bbox 1148 2214 1284 2281; x_wconf 89' lang='lat' dir='ltr'><strong>puto</strong></span> <span class='ocrx_word' id='word_1_149' title='bbox 1330 2205 1604 2262; x_wconf 90' lang='lat' dir='ltr'><strong>manibus</strong></span> <span class='ocrx_word' id='word_1_150' title='bbox 1663 2203 2029 2274; x_wconf 78' lang='lat' dir='ltr'><strong>jentaculum</strong></span> 
     </span>
    </p>
   </div>
   <div class='ocr_carea' id='block_1_26' title="bbox 389 2293 2029 2380">
    <p class='ocr_par' dir='ltr' id='par_1_26' title="bbox 389 2293 2029 2380">
     <span class='ocr_line' id='line_1_26' title="bbox 389 2293 2029 2380; baseline -0.013 -14"><span class='ocrx_word' id='word_1_151' title='bbox 389 2310 795 2380; x_wconf 70' lang='lat' dir='ltr'><strong>prteparatum.</strong></span> <span class='ocrx_word' id='word_1_152' title='bbox 826 2302 1106 2358; x_wconf 81' lang='lat' dir='ltr'><strong>Jubentur</strong></span> <span class='ocrx_word' id='word_1_153' title='bbox 1136 2301 1407 2370; x_wconf 75' lang='lat' dir='ltr'><strong>praateren</strong></span> <span class='ocrx_word' id='word_1_154' title='bbox 1435 2300 1490 2350; x_wconf 90' lang='lat' dir='ltr'><strong>et</strong></span> <span class='ocrx_word' id='word_1_155' title='bbox 1512 2311 1578 2351; x_wconf 84' lang='lat' dir='ltr'><strong>ex</strong></span> <span class='ocrx_word' id='word_1_156' title='bbox 1610 2308 1809 2350; x_wconf 88' lang='lat' dir='ltr'><strong>recens</strong></span> <span class='ocrx_word' id='word_1_157' title='bbox 1841 2293 2029 2363; x_wconf 89' lang='lat' dir='ltr'><strong>captis</strong></span> 
     </span>
    </p>
   </div>
   <div class='ocr_carea' id='block_1_27' title="bbox 386 2382 2029 2469">
    <p class='ocr_par' dir='ltr' id='par_1_27' title="bbox 386 2382 2029 2469">
     <span class='ocr_line' id='line_1_27' title="bbox 386 2382 2029 2469; baseline -0.01 -18"><span class='ocrx_word' id='word_1_158' title='bbox 386 2395 648 2469; x_wconf 88' lang='lat' dir='ltr'><strong>piscibus</strong></span> <span class='ocrx_word' id='word_1_159' title='bbox 680 2392 894 2463; x_wconf 75' lang='lat' dir='ltr'><strong>aliquid</strong></span> <span class='ocrx_word' id='word_1_160' title='bbox 924 2391 1125 2445; x_wconf 76' lang='lat' dir='ltr'><strong>afferre</strong></span> <span class='ocrx_word' id='word_1_161' title='bbox 1155 2388 1223 2441; x_wconf 86' lang='lat' dir='ltr'><strong>ad</strong></span> <span class='ocrx_word' id='word_1_162' title='bbox 1259 2385 1482 2457; x_wconf 78' lang='lat' dir='ltr'><strong>epulas.</strong></span> <span class='ocrx_word' id='word_1_163' title='bbox 1522 2389 1591 2437; x_wconf 84' lang='lat' dir='ltr'><strong>At</strong></span> <span class='ocrx_word' id='word_1_164' title='bbox 1635 2382 1718 2436; x_wconf 93' lang='lat' dir='ltr'><strong>illi</strong></span> <span class='ocrx_word' id='word_1_165' title='bbox 1744 2396 2029 2437; x_wconf 85' lang='lat' dir='ltr'><strong>conscen-</strong></span> 
     </span>
    </p>
   </div>
   <div class='ocr_carea' id='block_1_28' title="bbox 388 2471 2029 2554">
    <p class='ocr_par' dir='ltr' id='par_1_28' title="bbox 388 2471 2029 2554">
     <span class='ocr_line' id='line_1_28' title="bbox 388 2471 2029 2554; baseline -0.013 -12"><span class='ocrx_word' id='word_1_166' title='bbox 388 2502 453 2542; x_wconf 83' lang='lat' dir='ltr'><strong>so</strong></span> <span class='ocrx_word' id='word_1_167' title='bbox 512 2483 763 2554; x_wconf 90' lang='lat' dir='ltr'><strong>navigio,</strong></span> <span class='ocrx_word' id='word_1_168' title='bbox 822 2486 939 2535; x_wconf 89' lang='lat' dir='ltr'><strong>rete</strong></span> <span class='ocrx_word' id='word_1_169' title='bbox 993 2477 1335 2549; x_wconf 84' lang='lat' dir='ltr'><strong>pertrahunt</strong></span> <span class='ocrx_word' id='word_1_170' title='bbox 1375 2472 1631 2545; x_wconf 82' lang='lat' dir='ltr'><strong>piscibus</strong></span> <span class='ocrx_word' id='word_1_171' title='bbox 1681 2471 2029 2537; x_wconf 81' lang='lat' dir='ltr'><strong>confertum,</strong></span> 
     </span>
    </p>
   </div>
   <div class='ocr_carea' id='block_1_29' title="bbox 382 2560 2032 2639">
    <p class='ocr_par' dir='ltr' id='par_1_29' title="bbox 382 2560 2032 2639">
     <span class='ocr_line' id='line_1_29' title="bbox 382 2560 2032 2639; baseline -0.012 -9"><span class='ocrx_word' id='word_1_172' title='bbox 382 2578 440 2630; x_wconf 88' lang='lat' dir='ltr'><strong>et</strong></span> <span class='ocrx_word' id='word_1_173' title='bbox 466 2588 709 2628; x_wconf 87' lang='lat' dir='ltr'><strong>numero</strong></span> <span class='ocrx_word' id='word_1_174' title='bbox 742 2575 800 2625; x_wconf 88' lang='lat' dir='ltr'><strong>et</strong></span> <span class='ocrx_word' id='word_1_175' title='bbox 839 2566 1245 2639; x_wconf 86' lang='lat' dir='ltr'><strong>magnitudine</strong></span> <span class='ocrx_word' id='word_1_176' title='bbox 1281 2560 1691 2635; x_wconf 76' lang='lat' dir='ltr'><strong>praestantibus</strong></span> <span class='ocrx_word' id='word_1_177' title='bbox 1721 2575 1733 2611; x_wconf 94' lang='lat'><strong>:</strong></span> <span class='ocrx_word' id='word_1_178' title='bbox 1770 2561 1840 2612; x_wconf 90' lang='lat' dir='ltr'><strong>ad</strong></span> <span class='ocrx_word' id='word_1_179' title='bbox 1888 2574 2032 2612; x_wconf 90' lang='lat' dir='ltr'><strong>cen-</strong></span> 
     </span>
    </p>
   </div>
   <div class='ocr_carea' id='block_1_30' title="bbox 384 2646 2026 2729">
    <p class='ocr_par' dir='ltr' id='par_1_30' title="bbox 384 2646 2026 2729">
     <span class='ocr_line' id='line_1_30' title="bbox 384 2646 2026 2729; baseline -0.012 -10"><span class='ocrx_word' id='word_1_180' title='bbox 384 2670 504 2719; x_wconf 89' lang='lat' dir='ltr'><strong>tum</strong></span> <span class='ocrx_word' id='word_1_181' title='bbox 561 2661 712 2717; x_wconf 90' lang='lat' dir='ltr'><strong>enim</strong></span> <span class='ocrx_word' id='word_1_182' title='bbox 751 2656 1176 2729; x_wconf 86' lang='lat' dir='ltr'><strong>quinquaginta</strong></span> <span class='ocrx_word' id='word_1_183' title='bbox 1225 2660 1281 2707; x_wconf 87' lang='lat' dir='ltr'><strong>et</strong></span> <span class='ocrx_word' id='word_1_184' title='bbox 1322 2658 1437 2707; x_wconf 85' lang='lat' dir='ltr'><strong>tres</strong></span> <span class='ocrx_word' id='word_1_185' title='bbox 1481 2654 1664 2706; x_wconf 88' lang='lat' dir='ltr'><strong>erant.</strong></span> <span class='ocrx_word' id='word_1_186' title='bbox 1700 2646 2026 2702; x_wconf 86' lang='lat' dir='ltr'><strong>Mirandum</strong></span> 
     </span>
    </p>
   </div>
   <div class='ocr_carea' id='block_1_31' title="bbox 384 2736 2028 2816">
    <p class='ocr_par' dir='ltr' id='par_1_31' title="bbox 384 2736 2028 2816">
     <span class='ocr_line' id='line_1_31' title="bbox 384 2736 2028 2816; baseline -0.012 -9"><span class='ocrx_word' id='word_1_187' title='bbox 384 2756 579 2808; x_wconf 91' lang='lat' dir='ltr'><strong>autem</strong></span> <span class='ocrx_word' id='word_1_188' title='bbox 602 2755 902 2816; x_wconf 86' lang='lat' dir='ltr'><strong>erat,cum</strong></span> <span class='ocrx_word' id='word_1_189' title='bbox 935 2751 1018 2801; x_wconf 92' lang='lat' dir='ltr'><strong>tot</strong></span> <span class='ocrx_word' id='word_1_190' title='bbox 1064 2749 1121 2800; x_wconf 89' lang='lat' dir='ltr'><strong>et</strong></span> <span class='ocrx_word' id='word_1_191' title='bbox 1178 2743 1321 2797; x_wconf 88' lang='lat' dir='ltr'><strong>tanti</strong></span> <span class='ocrx_word' id='word_1_192' title='bbox 1356 2740 1442 2795; x_wconf 88' lang='lat' dir='ltr'><strong>illi</strong></span> <span class='ocrx_word' id='word_1_193' title='bbox 1499 2745 1714 2804; x_wconf 89' lang='lat' dir='ltr'><strong>essent,</strong></span> <span class='ocrx_word' id='word_1_194' title='bbox 1774 2736 2028 2792; x_wconf 89' lang='lat' dir='ltr'><strong>verricu-</strong></span> 
     </span>
    </p>
   </div>
   <div class='ocr_carea' id='block_1_32' title="bbox 384 2825 2033 2910">
    <p class='ocr_par' dir='ltr' id='par_1_32' title="bbox 384 2825 2033 2910">
     <span class='ocr_line' id='line_1_32' title="bbox 384 2825 2033 2910; baseline -0.01 -14"><span class='ocrx_word' id='word_1_195' title='bbox 384 2840 508 2896; x_wconf 90' lang='lat' dir='ltr'><strong>lum</strong></span> <span class='ocrx_word' id='word_1_196' title='bbox 542 2842 779 2910; x_wconf 86' lang='lat' dir='ltr'><strong>ruptum</strong></span> <span class='ocrx_word' id='word_1_197' title='bbox 830 2850 1064 2906; x_wconf 89' lang='lat' dir='ltr'><strong>prorsus</strong></span> <span class='ocrx_word' id='word_1_198' title='bbox 1109 2849 1220 2887; x_wconf 92' lang='lat' dir='ltr'><strong>non</strong></span> <span class='ocrx_word' id='word_1_199' title='bbox 1281 2845 1452 2885; x_wconf 83' lang='lat' dir='ltr'><strong>esse:</strong></span> <span class='ocrx_word' id='word_1_200' title='bbox 1504 2828 1644 2882; x_wconf 89' lang='lat' dir='ltr'><strong>adeo</strong></span> <span class='ocrx_word' id='word_1_201' title='bbox 1679 2830 1738 2880; x_wconf 91' lang='lat' dir='ltr'><strong>ut</strong></span> <span class='ocrx_word' id='word_1_202' title='bbox 1786 2842 1851 2881; x_wconf 89' lang='lat' dir='ltr'><strong>eo</strong></span> <span class='ocrx_word' id='word_1_203' title='bbox 1912 2825 2033 2896; x_wconf 83' lang='lat' dir='ltr'><strong>ipso</strong></span> 
     </span>
    </p>
   </div>
   <div class='ocr_carea' id='block_1_33' title="bbox 384 2919 2027 3001">
    <p class='ocr_par' dir='ltr' id='par_1_33' title="bbox 384 2919 2027 3001">
     <span class='ocr_line' id='line_1_33' title="bbox 384 2919 2027 3001; baseline -0.01 -16"><span class='ocrx_word' id='word_1_204' title='bbox 384 2927 643 3001; x_wconf 85' lang='lat' dir='ltr'><strong>prodigio</strong></span> <span class='ocrx_word' id='word_1_205' title='bbox 674 2931 828 2982; x_wconf 90' lang='lat' dir='ltr'><strong>certo</strong></span> <span class='ocrx_word' id='word_1_206' title='bbox 857 2922 976 2979; x_wconf 88' lang='lat' dir='ltr'><strong>illis</strong></span> <span class='ocrx_word' id='word_1_207' title='bbox 1008 2922 1317 2977; x_wconf 89' lang='lat' dir='ltr'><strong>Dominum</strong></span> <span class='ocrx_word' id='word_1_208' title='bbox 1349 2934 1482 2973; x_wconf 88' lang='lat' dir='ltr'><strong>eum</strong></span> <span class='ocrx_word' id='word_1_209' title='bbox 1533 2932 1662 2971; x_wconf 88' lang='lat' dir='ltr'><strong>esse</strong></span> <span class='ocrx_word' id='word_1_210' title='bbox 1712 2919 2027 2970; x_wconf 89' lang='lat' dir='ltr'><strong>constaret.</strong></span> 
     </span>
    </p>
   </div>
   <div class='ocr_carea' id='block_1_34' title="bbox 385 3004 2032 3088">
    <p class='ocr_par' dir='ltr' id='par_1_34' title="bbox 385 3004 2032 3088">
     <span class='ocr_line' id='line_1_34' title="bbox 385 3004 2032 3088; baseline -0.01 -14"><span class='ocrx_word' id='word_1_211' title='bbox 385 3020 740 3088; x_wconf 84' lang='lat' dir='ltr'><strong>Quapropter</strong></span> <span class='ocrx_word' id='word_1_212' title='bbox 779 3029 994 3081; x_wconf 81' lang='lat' dir='ltr'><strong>magna</strong></span> <span class='ocrx_word' id='word_1_213' title='bbox 1033 3013 1183 3065; x_wconf 90' lang='lat' dir='ltr'><strong>inter</strong></span> <span class='ocrx_word' id='word_1_214' title='bbox 1220 3024 1278 3064; x_wconf 89' lang='lat' dir='ltr'><strong>se</strong></span> <span class='ocrx_word' id='word_1_215' title='bbox 1311 3008 1496 3062; x_wconf 72' lang='lat' dir='ltr'><strong>affecti</strong></span> <span class='ocrx_word' id='word_1_216' title='bbox 1546 3012 1682 3061; x_wconf 87' lang='lat' dir='ltr'><strong>sunt</strong></span> <span class='ocrx_word' id='word_1_217' title='bbox 1737 3004 2032 3076; x_wconf 85' lang='lat' dir='ltr'><strong>voluptate</strong></span> 
     </span>
    </p>
   </div>
   <div class='ocr_carea' id='block_1_35' title="bbox 384 3094 2033 3179">
    <p class='ocr_par' dir='ltr' id='par_1_35' title="bbox 384 3094 2033 3179">
     <span class='ocr_line' id='line_1_35' title="bbox 384 3094 2033 3179; baseline -0.01 -15"><span class='ocrx_word' id='word_1_218' title='bbox 384 3111 560 3179; x_wconf 88' lang='lat' dir='ltr'><strong>atque</strong></span> <span class='ocrx_word' id='word_1_219' title='bbox 589 3104 816 3161; x_wconf 64' lang='lat' dir='ltr'><strong>laetitia:</strong></span> <span class='ocrx_word' id='word_1_220' title='bbox 853 3106 907 3159; x_wconf 85' lang='lat' dir='ltr'><strong>et</strong></span> <span class='ocrx_word' id='word_1_221' title='bbox 937 3102 1036 3156; x_wconf 93' lang='lat' dir='ltr'><strong>ille</strong></span> <span class='ocrx_word' id='word_1_222' title='bbox 1089 3115 1219 3154; x_wconf 91' lang='lat' dir='ltr'><strong>cum</strong></span> <span class='ocrx_word' id='word_1_223' title='bbox 1268 3097 1349 3152; x_wconf 91' lang='lat' dir='ltr'><strong>eis</strong></span> <span class='ocrx_word' id='word_1_224' title='bbox 1402 3113 1468 3151; x_wconf 87' lang='lat' dir='ltr'><strong>ex</strong></span> <span class='ocrx_word' id='word_1_225' title='bbox 1511 3111 1577 3149; x_wconf 90' lang='lat' dir='ltr'><strong>eo</strong></span> <span class='ocrx_word' id='word_1_226' title='bbox 1617 3094 1769 3164; x_wconf 83' lang='lat' dir='ltr'><strong>quod</strong></span> <span class='ocrx_word' id='word_1_227' title='bbox 1827 3109 2033 3165; x_wconf 91' lang='lat' dir='ltr'><strong>propo-</strong></span> 
     </span>
    </p>
   </div>
   <div class='ocr_carea' id='block_1_36' title="bbox 385 3174 2099 3259">
    <p class='ocr_par' dir='ltr' id='par_1_36' title="bbox 385 3174 2099 3259">
     <span class='ocr_line' id='line_1_36' title="bbox 385 3174 2099 3259; baseline -0.008 -7"><span class='ocrx_word' id='word_1_228' title='bbox 385 3196 565 3253; x_wconf 90' lang='lat' dir='ltr'><strong>situm</strong></span> <span class='ocrx_word' id='word_1_229' title='bbox 624 3194 830 3259; x_wconf 88' lang='lat' dir='ltr'><strong>fuerat,</strong></span> <span class='ocrx_word' id='word_1_230' title='bbox 899 3187 1351 3245; x_wconf 86' lang='lat' dir='ltr'><strong>communicavit</strong></span> <span class='ocrx_word' id='word_1_231' title='bbox 1422 3184 1639 3240; x_wconf 90' lang='lat' dir='ltr'><strong>cibum.</strong></span> <span class='ocrx_word' id='word_1_232' title='bbox 1698 3174 2099 3249; x_wconf 84' lang='lat' dir='ltr'><strong>Enimvero,C</strong></span> 
     </span>
    </p>
   </div>
   <div class='ocr_carea' id='block_1_37' title="bbox 393 3271 2030 3345">
    <p class='ocr_par' dir='ltr' id='par_1_37' title="bbox 393 3271 2030 3345">
     <span class='ocr_line' id='line_1_37' title="bbox 393 3271 2030 3345; baseline -0.01 -4"><span class='ocrx_word' id='word_1_233' title='bbox 393 3301 528 3342; x_wconf 88' lang='lat' dir='ltr'><strong>cum</strong></span> <span class='ocrx_word' id='word_1_234' title='bbox 566 3281 972 3339; x_wconf 90' lang='lat' dir='ltr'><strong>admirandum</strong></span> <span class='ocrx_word' id='word_1_235' title='bbox 1026 3278 1166 3333; x_wconf 90' lang='lat' dir='ltr'><strong>illud</strong></span> <span class='ocrx_word' id='word_1_236' title='bbox 1212 3272 1576 3345; x_wconf 87' lang='lat' dir='ltr'><strong>jentaeulum</strong></span> <span class='ocrx_word' id='word_1_237' title='bbox 1630 3271 1802 3327; x_wconf 84' lang='lat' dir='ltr'><strong>ﬁnem</strong></span> <span class='ocrx_word' id='word_1_238' title='bbox 1859 3286 2030 3325; x_wconf 90' lang='lat' dir='ltr'><strong>suum</strong></span> 
     </span>
    </p>
   </div>
   <div class='ocr_carea' id='block_1_38' title="bbox 393 3359 2033 3438">
    <p class='ocr_par' dir='ltr' id='par_1_38' title="bbox 393 3359 2033 3438">
     <span class='ocr_line' id='line_1_38' title="bbox 393 3359 2033 3438; baseline -0.01 -8"><span class='ocrx_word' id='word_1_239' title='bbox 393 3374 653 3438; x_wconf 80' lang='lat' dir='ltr'><strong>haberet,</strong></span> <span class='ocrx_word' id='word_1_240' title='bbox 685 3387 798 3426; x_wconf 93' lang='lat' dir='ltr'><strong>non</strong></span> <span class='ocrx_word' id='word_1_241' title='bbox 832 3366 1032 3433; x_wconf 88' lang='lat' dir='ltr'><strong>semel,</strong></span> <span class='ocrx_word' id='word_1_242' title='bbox 1066 3368 1162 3421; x_wconf 80' lang='lat' dir='ltr'><strong>sed</strong></span> <span class='ocrx_word' id='word_1_243' title='bbox 1194 3364 1401 3420; x_wconf 91' lang='lat' dir='ltr'><strong>iterum</strong></span> <span class='ocrx_word' id='word_1_244' title='bbox 1454 3378 1520 3417; x_wconf 91' lang='lat' dir='ltr'><strong>ac</strong></span> <span class='ocrx_word' id='word_1_245' title='bbox 1550 3362 1716 3416; x_wconf 88' lang='lat' dir='ltr'><strong>tertio</strong></span> <span class='ocrx_word' id='word_1_246' title='bbox 1749 3359 2033 3415; x_wconf 90' lang='lat' dir='ltr'><strong>Dominus</strong></span> 
     </span>
    </p>
   </div>
   <div class='ocr_carea' id='block_1_39' title="bbox 390 3448 2037 3529">
    <p class='ocr_par' dir='ltr' id='par_1_39' title="bbox 390 3448 2037 3529">
     <span class='ocr_line' id='line_1_39' title="bbox 390 3448 2037 3529; baseline -0.011 -9"><span class='ocrx_word' id='word_1_247' title='bbox 390 3464 686 3520; x_wconf 89' lang='lat' dir='ltr'><strong>Simonem</strong></span> <span class='ocrx_word' id='word_1_248' title='bbox 716 3457 1108 3529; x_wconf 81' lang='lat' dir='ltr'><strong>interrogavit,</strong></span> <span class='ocrx_word' id='word_1_249' title='bbox 1147 3471 1216 3509; x_wconf 91' lang='lat' dir='ltr'><strong>an</strong></span> <span class='ocrx_word' id='word_1_250' title='bbox 1253 3470 1312 3507; x_wconf 91' lang='lat' dir='ltr'><strong>se</strong></span> <span class='ocrx_word' id='word_1_251' title='bbox 1355 3452 1485 3523; x_wconf 90' lang='lat' dir='ltr'><strong>plus</strong></span> <span class='ocrx_word' id='word_1_252' title='bbox 1538 3451 1669 3507; x_wconf 90' lang='lat' dir='ltr'><strong>aliis</strong></span> <span class='ocrx_word' id='word_1_253' title='bbox 1725 3448 2037 3520; x_wconf 86' lang='lat' dir='ltr'><strong>diligeret?</strong></span> 
     </span>
    </p>
   </div>
   <div class='ocr_carea' id='block_1_40' title="bbox 392 3540 2037 3621">
    <p class='ocr_par' dir='ltr' id='par_1_40' title="bbox 392 3540 2037 3621">
     <span class='ocr_line' id='line_1_40' title="bbox 392 3540 2037 3621; baseline -0.012 -10"><span class='ocrx_word' id='word_1_254' title='bbox 392 3570 507 3611; x_wconf 91' lang='lat' dir='ltr'><strong>non</strong></span> <span class='ocrx_word' id='word_1_255' title='bbox 567 3550 662 3607; x_wconf 90' lang='lat' dir='ltr'><strong>ille</strong></span> <span class='ocrx_word' id='word_1_256' title='bbox 714 3550 949 3621; x_wconf 92' lang='lat' dir='ltr'><strong>quidem</strong></span> <span class='ocrx_word' id='word_1_257' title='bbox 1018 3545 1227 3601; x_wconf 91' lang='lat' dir='ltr'><strong>rescire</strong></span> <span class='ocrx_word' id='word_1_258' title='bbox 1289 3543 1396 3598; x_wconf 90' lang='lat' dir='ltr'><strong>hoc</strong></span> <span class='ocrx_word' id='word_1_259' title='bbox 1462 3542 1661 3597; x_wconf 89' lang='lat' dir='ltr'><strong>volens</strong></span> <span class='ocrx_word' id='word_1_260' title='bbox 1723 3540 2037 3611; x_wconf 87' lang='lat' dir='ltr'><strong>(quomodo</strong></span> 
     </span>
    </p>
   </div>
   <div class='ocr_carea' id='block_1_41' title="bbox 393 3629 2037 3708">
    <p class='ocr_par' dir='ltr' id='par_1_41' title="bbox 393 3629 2037 3708">
     <span class='ocr_line' id='line_1_41' title="bbox 393 3629 2037 3708; baseline -0.013 -10"><span class='ocrx_word' id='word_1_261' title='bbox 393 3642 549 3698; x_wconf 89' lang='lat' dir='ltr'><strong>enim</strong></span> <span class='ocrx_word' id='word_1_262' title='bbox 581 3640 638 3694; x_wconf 88' lang='lat' dir='ltr'><strong>id</strong></span> <span class='ocrx_word' id='word_1_263' title='bbox 670 3638 722 3693; x_wconf 89' lang='lat' dir='ltr'><strong>ei</strong></span> <span class='ocrx_word' id='word_1_264' title='bbox 753 3652 901 3708; x_wconf 91' lang='lat' dir='ltr'><strong>opus</strong></span> <span class='ocrx_word' id='word_1_265' title='bbox 931 3638 1102 3701; x_wconf 81' lang='lat' dir='ltr'><strong>esset,</strong></span> <span class='ocrx_word' id='word_1_266' title='bbox 1136 3632 1237 3704; x_wconf 87' lang='lat' dir='ltr'><strong>qui</strong></span> <span class='ocrx_word' id='word_1_267' title='bbox 1279 3629 1583 3685; x_wconf 82' lang='lat' dir='ltr'><strong>manifesta</strong></span> <span class='ocrx_word' id='word_1_268' title='bbox 1604 3630 2037 3697; x_wconf 74' lang='lat' dir='ltr'><strong>compertaque,</strong></span> 
     </span>
    </p>
   </div>
   <div class='ocr_carea' id='block_1_42' title="bbox 393 3714 2042 3799">
    <p class='ocr_par' dir='ltr' id='par_1_42' title="bbox 393 3714 2042 3799">
     <span class='ocr_line' id='line_1_42' title="bbox 393 3714 2042 3799; baseline -0.012 -12"><span class='ocrx_word' id='word_1_269' title='bbox 393 3730 567 3787; x_wconf 91' lang='lat' dir='ltr'><strong>etiam</strong></span> <span class='ocrx_word' id='word_1_270' title='bbox 606 3743 736 3799; x_wconf 72' lang='lat' dir='ltr'><strong>quae</strong></span> <span class='ocrx_word' id='word_1_271' title='bbox 775 3726 1035 3781; x_wconf 89' lang='lat' dir='ltr'><strong>nondum</strong></span> <span class='ocrx_word' id='word_1_272' title='bbox 1077 3723 1223 3777; x_wconf 86' lang='lat' dir='ltr'><strong>facta</strong></span> <span class='ocrx_word' id='word_1_273' title='bbox 1273 3722 1493 3784; x_wconf 84' lang='lat' dir='ltr'><strong>essent,</strong></span> <span class='ocrx_word' id='word_1_274' title='bbox 1546 3716 1784 3771; x_wconf 88' lang='lat' dir='ltr'><strong>haberet</strong></span> <span class='ocrx_word' id='word_1_275' title='bbox 1812 3714 1881 3783; x_wconf 83' lang='lat'><strong>?),</strong></span> <span class='ocrx_word' id='word_1_276' title='bbox 1941 3715 2042 3769; x_wconf 86' lang='lat' dir='ltr'><strong>sed</strong></span> 
     </span>
    </p>
   </div>
   <div class='ocr_carea' id='block_1_43' title="bbox 390 3803 2038 3890">
    <p class='ocr_par' dir='ltr' id='par_1_43' title="bbox 390 3803 2038 3890">
     <span class='ocr_line' id='line_1_43' title="bbox 390 3803 2038 3890; baseline -0.012 -15"><span class='ocrx_word' id='word_1_277' title='bbox 390 3824 455 3875; x_wconf 90' lang='lat' dir='ltr'><strong>ut</strong></span> <span class='ocrx_word' id='word_1_278' title='bbox 496 3834 598 3890; x_wconf 90' lang='lat' dir='ltr'><strong>per</strong></span> <span class='ocrx_word' id='word_1_279' title='bbox 628 3815 914 3885; x_wconf 87' lang='lat' dir='ltr'><strong>triplicem</strong></span> <span class='ocrx_word' id='word_1_280' title='bbox 950 3827 1279 3882; x_wconf 80' lang='lat' dir='ltr'><strong>expressam</strong></span> <span class='ocrx_word' id='word_1_281' title='bbox 1343 3807 1769 3879; x_wconf 89' lang='lat' dir='ltr'><strong>prosessionem</strong></span> <span class='ocrx_word' id='word_1_282' title='bbox 1830 3803 2038 3874; x_wconf 87' lang='lat' dir='ltr'><strong>triplici</strong></span> 
     </span>
    </p>
   </div>
   <div class='ocr_carea' id='block_1_44' title="bbox 396 3891 2040 3974">
    <p class='ocr_par' dir='ltr' id='par_1_44' title="bbox 396 3891 2040 3974">
     <span class='ocr_line' id='line_1_44' title="bbox 396 3891 2040 3974; baseline -0.011 -11"><span class='ocrx_word' id='word_1_283' title='bbox 396 3907 722 3963; x_wconf 88' lang='lat' dir='ltr'><strong>mederetur</strong></span> <span class='ocrx_word' id='word_1_284' title='bbox 752 3901 1060 3974; x_wconf 66' lang='lat' dir='ltr'><strong>negationi.</strong></span> <span class='ocrx_word' id='word_1_285' title='bbox 1096 3897 1267 3953; x_wconf 69' lang='lat'><strong>120</strong></span> <span class='ocrx_word' id='word_1_286' title='bbox 1295 3897 1367 3952; x_wconf 88' lang='lat' dir='ltr'><strong>Ut</strong></span> <span class='ocrx_word' id='word_1_287' title='bbox 1405 3900 1599 3951; x_wconf 89' lang='lat' dir='ltr'><strong>autem</strong></span> <span class='ocrx_word' id='word_1_288' title='bbox 1664 3895 1760 3950; x_wconf 92' lang='lat' dir='ltr'><strong>ille</strong></span> <span class='ocrx_word' id='word_1_289' title='bbox 1811 3891 2040 3947; x_wconf 89' lang='lat' dir='ltr'><strong>celerri-</strong></span> 
     </span>
    </p>
   </div>
   <div class='ocr_carea' id='block_1_45' title="bbox 396 3984 2044 4062">
    <p class='ocr_par' dir='ltr' id='par_1_45' title="bbox 396 3984 2044 4062">
     <span class='ocr_line' id='line_1_45' title="bbox 396 3984 2044 4062; baseline -0.011 -10"><span class='ocrx_word' id='word_1_290' title='bbox 396 4012 491 4052; x_wconf 90' lang='lat' dir='ltr'><strong>me</strong></span> <span class='ocrx_word' id='word_1_291' title='bbox 525 4008 781 4050; x_wconf 90' lang='lat' dir='ltr'><strong>amorem</strong></span> <span class='ocrx_word' id='word_1_292' title='bbox 814 4001 899 4046; x_wconf 90' lang='lat' dir='ltr'><strong>est</strong></span> <span class='ocrx_word' id='word_1_293' title='bbox 926 3992 1245 4062; x_wconf 81' lang='lat' dir='ltr'><strong>professus,</strong></span> <span class='ocrx_word' id='word_1_294' title='bbox 1281 3986 1559 4041; x_wconf 85' lang='lat' dir='ltr'><strong>hactenus</strong></span> <span class='ocrx_word' id='word_1_295' title='bbox 1589 3984 1808 4038; x_wconf 89' lang='lat' dir='ltr'><strong>audivit</strong></span> <span class='ocrx_word' id='word_1_296' title='bbox 1838 3998 1899 4037; x_wconf 90' lang='lat' dir='ltr'><strong>se</strong></span> <span class='ocrx_word' id='word_1_297' title='bbox 1958 3996 2044 4035; x_wconf 84' lang='lat' dir='ltr'><strong>ve-</strong></span> 
     </span>
    </p>
   </div>
   <div class='ocr_carea' id='block_1_46' title="bbox 400 4076 2043 4142">
    <p class='ocr_par' dir='ltr' id='par_1_46' title="bbox 400 4076 2043 4142">
     <span class='ocr_line' id='line_1_46' title="bbox 400 4076 2043 4142; baseline -0.009 -2"><span class='ocrx_word' id='word_1_298' title='bbox 400 4100 534 4140; x_wconf 91' lang='lat' dir='ltr'><strong>rum</strong></span> <span class='ocrx_word' id='word_1_299' title='bbox 590 4082 802 4138; x_wconf 89' lang='lat' dir='ltr'><strong>amoris</strong></span> <span class='ocrx_word' id='word_1_300' title='bbox 856 4079 1135 4135; x_wconf 85' lang='lat' dir='ltr'><strong>indicium</strong></span> <span class='ocrx_word' id='word_1_301' title='bbox 1192 4076 1607 4138; x_wconf 82' lang='lat' dir='ltr'><strong>exhibiturum,</strong></span> <span class='ocrx_word' id='word_1_302' title='bbox 1658 4078 1943 4142; x_wconf 90' lang='lat' dir='ltr'><strong>quatenus</strong></span> <span class='ocrx_word' id='word_1_303' title='bbox 1983 4086 2043 4126; x_wconf 90' lang='lat' dir='ltr'><strong>re</strong></span> 
     </span>
    </p>
   </div>
   <div class='ocr_carea' id='block_1_47' title="bbox 396 4162 2039 4245">
    <p class='ocr_par' dir='ltr' id='par_1_47' title="bbox 396 4162 2039 4245">
     <span class='ocr_line' id='line_1_47' title="bbox 396 4162 2039 4245; baseline -0.009 -17"><span class='ocrx_word' id='word_1_304' title='bbox 396 4174 528 4245; x_wconf 89' lang='lat' dir='ltr'><strong>ipsa</strong></span> <span class='ocrx_word' id='word_1_305' title='bbox 557 4176 614 4227; x_wconf 90' lang='lat' dir='ltr'><strong>et</strong></span> <span class='ocrx_word' id='word_1_306' title='bbox 644 4183 816 4240; x_wconf 89' lang='lat' dir='ltr'><strong>opere</strong></span> <span class='ocrx_word' id='word_1_307' title='bbox 845 4166 1155 4223; x_wconf 83' lang='lat' dir='ltr'><strong>rationales</strong></span> <span class='ocrx_word' id='word_1_308' title='bbox 1180 4180 1312 4220; x_wconf 85' lang='lat' dir='ltr'><strong>oves</strong></span> <span class='ocrx_word' id='word_1_309' title='bbox 1343 4167 1620 4233; x_wconf 89' lang='lat' dir='ltr'><strong>pasceret.</strong></span> <span class='ocrx_word' id='word_1_310' title='bbox 1652 4162 1715 4216; x_wconf 87' lang='lat' dir='ltr'><strong>Id</strong></span> <span class='ocrx_word' id='word_1_311' title='bbox 1749 4176 1880 4215; x_wconf 90' lang='lat' dir='ltr'><strong>vero</strong></span> <span class='ocrx_word' id='word_1_312' title='bbox 1915 4167 2039 4214; x_wconf 90' lang='lat' dir='ltr'><strong>tum</strong></span> 
     </span>
    </p>
   </div>
   <div class='ocr_carea' id='block_1_48' title="bbox 398 4248 2041 4328">
    <p class='ocr_par' dir='ltr' id='par_1_48' title="bbox 398 4248 2041 4328">
     <span class='ocr_line' id='line_1_48' title="bbox 398 4248 2041 4328; baseline -0.011 -9"><span class='ocrx_word' id='word_1_313' title='bbox 398 4263 636 4319; x_wconf 89' lang='lat' dir='ltr'><strong>demum</strong></span> <span class='ocrx_word' id='word_1_314' title='bbox 668 4261 807 4328; x_wconf 82' lang='lat' dir='ltr'><strong>fore,</strong></span> <span class='ocrx_word' id='word_1_315' title='bbox 833 4258 879 4311; x_wconf 88' lang='lat' dir='ltr'><strong>si</strong></span> <span class='ocrx_word' id='word_1_316' title='bbox 905 4256 1161 4312; x_wconf 86' lang='lat' dir='ltr'><strong>animam</strong></span> <span class='ocrx_word' id='word_1_317' title='bbox 1198 4268 1447 4324; x_wconf 88' lang='lat' dir='ltr'><strong>quoque,</strong></span> <span class='ocrx_word' id='word_1_318' title='bbox 1507 4249 1677 4306; x_wconf 89' lang='lat' dir='ltr'><strong>sicuti</strong></span> <span class='ocrx_word' id='word_1_319' title='bbox 1738 4248 1882 4318; x_wconf 86' lang='lat' dir='ltr'><strong>ipse,</strong></span> <span class='ocrx_word' id='word_1_320' title='bbox 1942 4263 2041 4318; x_wconf 91' lang='lat' dir='ltr'><strong>pro</strong></span> 
     </span>
    </p>
   </div>
   <div class='ocr_carea' id='block_1_49' title="bbox 392 4336 2046 4420">
    <p class='ocr_par' dir='ltr' id='par_1_49' title="bbox 392 4336 2046 4420">
     <span class='ocr_line' id='line_1_49' title="bbox 392 4336 2046 4420; baseline -0.009 -14"><span class='ocrx_word' id='word_1_321' title='bbox 392 4349 512 4406; x_wconf 88' lang='lat' dir='ltr'><strong>illis</strong></span> <span class='ocrx_word' id='word_1_322' title='bbox 538 4362 749 4420; x_wconf 90' lang='lat' dir='ltr'><strong>ponere</strong></span> <span class='ocrx_word' id='word_1_323' title='bbox 779 4344 945 4401; x_wconf 89' lang='lat' dir='ltr'><strong>vellet</strong></span> <span class='ocrx_word' id='word_1_324' title='bbox 980 4360 995 4398; x_wconf 89' lang='lat'><strong>:</strong></span> <span class='ocrx_word' id='word_1_325' title='bbox 1046 4344 1300 4397; x_wconf 78' lang='lat' dir='ltr'><strong>futurum</strong></span> <span class='ocrx_word' id='word_1_326' title='bbox 1337 4340 1515 4406; x_wconf 89' lang='lat' dir='ltr'><strong>enim,</strong></span> <span class='ocrx_word' id='word_1_327' title='bbox 1560 4343 1624 4393; x_wconf 91' lang='lat' dir='ltr'><strong>ut</strong></span> <span class='ocrx_word' id='word_1_328' title='bbox 1662 4338 1787 4409; x_wconf 90' lang='lat' dir='ltr'><strong>ipse</strong></span> <span class='ocrx_word' id='word_1_329' title='bbox 1841 4336 2046 4392; x_wconf 87' lang='lat' dir='ltr'><strong>ovibus</strong></span> 
     </span>
    </p>
   </div>
   <div class='ocr_carea' id='block_1_50' title="bbox 392 4425 2042 4511">
    <p class='ocr_par' dir='ltr' id='par_1_50' title="bbox 392 4425 2042 4511">
     <span class='ocr_line' id='line_1_50' title="bbox 392 4425 2042 4511; baseline -0.011 -16"><span class='ocrx_word' id='word_1_330' title='bbox 392 4439 719 4511; x_wconf 64' lang='lat' dir='ltr'><strong>prafeelus,</strong></span> <span class='ocrx_word' id='word_1_331' title='bbox 756 4434 955 4490; x_wconf 87' lang='lat' dir='ltr'><strong>itidem</strong></span> <span class='ocrx_word' id='word_1_332' title='bbox 991 4448 1089 4504; x_wconf 89' lang='lat' dir='ltr'><strong>per</strong></span> <span class='ocrx_word' id='word_1_333' title='bbox 1149 4445 1377 4486; x_wconf 89' lang='lat' dir='ltr'><strong>crucem</strong></span> <span class='ocrx_word' id='word_1_334' title='bbox 1433 4428 1609 4482; x_wconf 91' lang='lat' dir='ltr'><strong>Deum</strong></span> <span class='ocrx_word' id='word_1_335' title='bbox 1668 4425 2042 4498; x_wconf 82' lang='lat' dir='ltr'><strong>glorificaret.</strong></span> 
     </span>
    </p>
   </div>
   <div class='ocr_carea' id='block_1_51' title="bbox 2113 517 3801 597">
    <p class='ocr_par' dir='ltr' id='par_1_51' title="bbox 2113 517 3801 597">
     <span class='ocr_line' id='line_1_51' title="bbox 2113 517 3801 597; baseline 0.004 -29"><span class='ocrx_word' id='word_1_336' title='bbox 2113 517 2473 589; x_wconf 81' lang='grc' dir='ltr'><strong>πονουμένοις</strong></span> <span class='ocrx_word' id='word_1_337' title='bbox 2534 518 2718 592; x_wconf 78' lang='grc' dir='ltr'>ἄγραν,</span> <span class='ocrx_word' id='word_1_338' title='bbox 2780 518 3088 575; x_wconf 83' lang='grc' dir='ltr'>ὀπτάνεται.</span> <span class='ocrx_word' id='word_1_339' title='bbox 3147 521 3258 591; x_wconf 77' lang='grc' dir='ltr'><strong>Νὺξ</strong></span> <span class='ocrx_word' id='word_1_340' title='bbox 3330 533 3427 593; x_wconf 84' lang='grc' dir='ltr'><strong>μεν</strong></span> <span class='ocrx_word' id='word_1_341' title='bbox 3484 523 3590 597; x_wconf 73' lang='grc' dir='ltr'><strong>γαρ</strong></span> <span class='ocrx_word' id='word_1_342' title='bbox 3669 521 3801 588; x_wconf 69' lang='grc' dir='ltr'><strong>ὅλη</strong></span> 
     </span>
    </p>
   </div>
   <div class='ocr_carea' id='block_1_52' title="bbox 2112 602 3803 685">
    <p class='ocr_par' dir='ltr' id='par_1_52' title="bbox 2112 602 3803 685">
     <span class='ocr_line' id='line_1_52' title="bbox 2112 602 3803 685; baseline 0.004 -28"><span class='ocrx_word' id='word_1_343' title='bbox 2112 605 2301 665; x_wconf 83' lang='grc' dir='ltr'>αὐτοῖς</span> <span class='ocrx_word' id='word_1_344' title='bbox 2360 602 2711 677; x_wconf 83' lang='grc' dir='ltr'><strong>ἀνηλίσκετο,</strong></span> <span class='ocrx_word' id='word_1_345' title='bbox 2767 608 3004 663; x_wconf 85' lang='grc' dir='ltr'>πλεῖστα</span> <span class='ocrx_word' id='word_1_346' title='bbox 3070 612 3425 682; x_wconf 80' lang='grc' dir='ltr'>πεπονηκότι,</span> <span class='ocrx_word' id='word_1_347' title='bbox 3489 609 3682 685; x_wconf 75' lang='grc' dir='ltr'>μηδὲν</span> <span class='ocrx_word' id='word_1_348' title='bbox 3750 608 3803 663; x_wconf 81' lang='grc' dir='ltr'>δ’</span> 
     </span>
    </p>
   </div>
   <div class='ocr_carea' id='block_1_53' title="bbox 2117 692 3802 773">
    <p class='ocr_par' dir='ltr' id='par_1_53' title="bbox 2117 692 3802 773">
     <span class='ocr_line' id='line_1_53' title="bbox 2117 692 3802 773; baseline 0.004 -26"><span class='ocrx_word' id='word_1_349' title='bbox 2117 692 2265 757; x_wconf 80' lang='grc' dir='ltr'>ὅλως</span> <span class='ocrx_word' id='word_1_350' title='bbox 2296 699 2402 749; x_wconf 84' lang='grc' dir='ltr'><strong>τῶν</strong></span> <span class='ocrx_word' id='word_1_351' title='bbox 2435 694 2792 769; x_wconf 81' lang='grc' dir='ltr'>ἠλπισμένων</span> <span class='ocrx_word' id='word_1_352' title='bbox 2820 692 3063 772; x_wconf 80' lang='grc' dir='ltr'>ἔχουσιν.</span> <span class='ocrx_word' id='word_1_353' title='bbox 3094 702 3244 773; x_wconf 73' lang='grc' dir='ltr'>’Ἅμα</span> <span class='ocrx_word' id='word_1_354' title='bbox 3273 697 3319 755; x_wconf 86' lang='grc' dir='ltr'>δ’</span> <span class='ocrx_word' id='word_1_355' title='bbox 3346 699 3423 773; x_wconf 76' lang='grc' dir='ltr'><strong>ἕῳ</strong></span> <span class='ocrx_word' id='word_1_356' title='bbox 3447 706 3545 756; x_wconf 77' lang='grc' dir='ltr'><strong>τοῦ</strong></span> <span class='ocrx_word' id='word_1_357' title='bbox 3577 704 3802 771; x_wconf 80' lang='grc' dir='ltr'><strong>Ἰησοῦ</strong></span> 
     </span>
    </p>
   </div>
   <div class='ocr_carea' id='block_1_54' title="bbox 2117 781 3805 867">
    <p class='ocr_par' dir='ltr' id='par_1_54' title="bbox 2117 781 3805 867">
     <span class='ocr_line' id='line_1_54' title="bbox 2117 781 3805 867; baseline 0.005 -30"><span class='ocrx_word' id='word_1_358' title='bbox 2117 781 2452 855; x_wconf 77' lang='grc' dir='ltr'><strong>ἐπιστάντος,</strong></span> <span class='ocrx_word' id='word_1_359' title='bbox 2483 786 2573 840; x_wconf 88' lang='grc' dir='ltr'><strong>καὶ</strong></span> <span class='ocrx_word' id='word_1_360' title='bbox 2605 786 2781 860; x_wconf 83' lang='grc' dir='ltr'>χαλᾷν</span> <span class='ocrx_word' id='word_1_361' title='bbox 2824 789 2886 842; x_wconf 88' lang='grc' dir='ltr'>τὸ</span> <span class='ocrx_word' id='word_1_362' title='bbox 2932 784 3145 843; x_wconf 89' lang='grc' dir='ltr'>δίκτυον</span> <span class='ocrx_word' id='word_1_363' title='bbox 3190 795 3309 851; x_wconf 83' lang='grc' dir='ltr'>τοῖς</span> <span class='ocrx_word' id='word_1_364' title='bbox 3356 788 3556 863; x_wconf 79' lang='grc' dir='ltr'><strong>δεξιοῖς</strong></span> <span class='ocrx_word' id='word_1_365' title='bbox 3604 790 3805 867; x_wconf 65' lang='grc' dir='ltr'>ἐγκε-</span> 
     </span>
    </p>
   </div>
   <div class='ocr_carea' id='block_1_55' title="bbox 2122 873 3806 953">
    <p class='ocr_par' dir='ltr' id='par_1_55' title="bbox 2122 873 3806 953">
     <span class='ocr_line' id='line_1_55' title="bbox 2122 873 3806 953; baseline 0.003 -25"><span class='ocrx_word' id='word_1_366' title='bbox 2122 873 2443 946; x_wconf 79' lang='grc' dir='ltr'>λευομένου,</span> <span class='ocrx_word' id='word_1_367' title='bbox 2477 875 2691 944; x_wconf 77' lang='grc' dir='ltr'>πλῆθος</span> <span class='ocrx_word' id='word_1_368' title='bbox 2716 880 2976 932; x_wconf 74' lang='grc' dir='ltr'>τοσοῦτον</span> <span class='ocrx_word' id='word_1_369' title='bbox 3010 878 3218 953; x_wconf 78' lang='grc' dir='ltr'>ἰχθύων</span> <span class='ocrx_word' id='word_1_370' title='bbox 3259 877 3500 951; x_wconf 68' lang='grc' dir='ltr'>ε’ίλκετο,</span> <span class='ocrx_word' id='word_1_371' title='bbox 3525 881 3599 941; x_wconf 84' lang='grc' dir='ltr'>ὡς</span> <span class='ocrx_word' id='word_1_372' title='bbox 3640 877 3806 953; x_wconf 74' lang='grc' dir='ltr'>μηδ’</span> 
     </span>
    </p>
   </div>
   <div class='ocr_carea' id='block_1_56' title="bbox 2116 961 3808 1044">
    <p class='ocr_par' dir='ltr' id='par_1_56' title="bbox 2116 961 3808 1044">
     <span class='ocr_line' id='line_1_56' title="bbox 2116 961 3808 1044; baseline 0.004 -27"><span class='ocrx_word' id='word_1_373' title='bbox 2116 961 2294 1018; x_wconf 69' lang='grc' dir='ltr'>ἕλκειν</span> <span class='ocrx_word' id='word_1_374' title='bbox 2373 963 2572 1025; x_wconf 76' lang='grc' dir='ltr'>αὐτοὺς</span> <span class='ocrx_word' id='word_1_375' title='bbox 2646 966 2745 1033; x_wconf 79' lang='grc' dir='ltr'>τὴν</span> <span class='ocrx_word' id='word_1_376' title='bbox 2831 968 3074 1043; x_wconf 78' lang='grc' dir='ltr'>σαγήνην</span> <span class='ocrx_word' id='word_1_377' title='bbox 3167 968 3365 1031; x_wconf 80' lang='grc' dir='ltr'>ἱκανῶς</span> <span class='ocrx_word' id='word_1_378' title='bbox 3430 963 3597 1044; x_wconf 79' lang='grc' dir='ltr'>ἔχειν.</span> <span class='ocrx_word' id='word_1_379' title='bbox 3702 973 3808 1039; x_wconf 76' lang='grc' dir='ltr'>Τῷ</span> 
     </span>
    </p>
   </div>
   <div class='ocr_carea' id='block_1_57' title="bbox 2120 1050 3808 1131">
    <p class='ocr_par' dir='ltr' id='par_1_57' title="bbox 2120 1050 3808 1131">
     <span class='ocr_line' id='line_1_57' title="bbox 2120 1050 3808 1131; baseline 0.004 -26"><span class='ocrx_word' id='word_1_380' title='bbox 2120 1051 2298 1106; x_wconf 88' lang='grc' dir='ltr'>τοίνυν</span> <span class='ocrx_word' id='word_1_381' title='bbox 2357 1050 2645 1126; x_wconf 81' lang='grc' dir='ltr'>παραδόξῳ</span> <span class='ocrx_word' id='word_1_382' title='bbox 2701 1061 2802 1124; x_wconf 85' lang='grc' dir='ltr'>τῆς</span> <span class='ocrx_word' id='word_1_383' title='bbox 2859 1057 3028 1131; x_wconf 81' lang='grc' dir='ltr'>ἄγρας</span> <span class='ocrx_word' id='word_1_384' title='bbox 3086 1055 3235 1120; x_wconf 82' lang='grc' dir='ltr'>ὅστις</span> <span class='ocrx_word' id='word_1_385' title='bbox 3290 1055 3367 1118; x_wconf 70' lang='grc' dir='ltr'>εἴς</span> <span class='ocrx_word' id='word_1_386' title='bbox 3424 1058 3712 1130; x_wconf 78' lang='grc' dir='ltr'>γνωσθεὶς</span> <span class='ocrx_word' id='word_1_387' title='bbox 3776 1058 3808 1112; x_wconf 84' lang='grc' dir='ltr'><strong>ὁ</strong></span> 
     </span>
    </p>
   </div>
   <div class='ocr_carea' id='block_1_58' title="bbox 2121 1139 3803 1222">
    <p class='ocr_par' dir='ltr' id='par_1_58' title="bbox 2121 1139 3803 1222">
     <span class='ocr_line' id='line_1_58' title="bbox 2121 1139 3803 1222; baseline 0.003 -27"><span class='ocrx_word' id='word_1_388' title='bbox 2121 1139 2210 1196; x_wconf 81' lang='grc' dir='ltr'>ἐπὶ</span> <span class='ocrx_word' id='word_1_389' title='bbox 2249 1145 2348 1195; x_wconf 80' lang='grc' dir='ltr'>τυῦ</span> <span class='ocrx_word' id='word_1_390' title='bbox 2377 1141 2890 1220; x_wconf 84' lang='grc' dir='ltr'>αἰγιαλοῦ,.Πέτρον</span> <span class='ocrx_word' id='word_1_391' title='bbox 2923 1144 3017 1218; x_wconf 75' lang='grc' dir='ltr'>μὲν</span> <span class='ocrx_word' id='word_1_392' title='bbox 3067 1145 3263 1200; x_wconf 80' lang='grc' dir='ltr'>αὐτίκα</span> <span class='ocrx_word' id='word_1_393' title='bbox 3306 1146 3455 1222; x_wconf 84' lang='grc' dir='ltr'>εἶχεν</span> <span class='ocrx_word' id='word_1_394' title='bbox 3483 1147 3513 1200; x_wconf 83' lang='grc' dir='ltr'>ὁ</span> <span class='ocrx_word' id='word_1_395' title='bbox 3541 1146 3751 1206; x_wconf 76' lang='grc' dir='ltr'>πλοῦς</span> <span class='ocrx_word' id='word_1_396' title='bbox 3788 1165 3803 1177; x_wconf 91' lang='grc'><strong>·</strong></span> 
     </span>
    </p>
   </div>
   <div class='ocr_carea' id='block_1_59' title="bbox 2122 1230 3811 1309">
    <p class='ocr_par' dir='ltr' id='par_1_59' title="bbox 2122 1230 3811 1309">
     <span class='ocr_line' id='line_1_59' title="bbox 2122 1230 3811 1309; baseline 0.001 -24"><span class='ocrx_word' id='word_1_397' title='bbox 2122 1233 2328 1309; x_wconf 89' lang='grc' dir='ltr'>πήχεσι</span> <span class='ocrx_word' id='word_1_398' title='bbox 2379 1233 2483 1309; x_wconf 76' lang='grc' dir='ltr'>γὰρ</span> <span class='ocrx_word' id='word_1_399' title='bbox 2533 1230 2831 1293; x_wconf 83' lang='grc' dir='ltr'>διακοσίοις</span> <span class='ocrx_word' id='word_1_400' title='bbox 2879 1241 2981 1304; x_wconf 79' lang='grc' dir='ltr'>τῆς</span> <span class='ocrx_word' id='word_1_401' title='bbox 3022 1242 3125 1309; x_wconf 82' lang='grc' dir='ltr'>γῆς</span> <span class='ocrx_word' id='word_1_402' title='bbox 3185 1236 3592 1309; x_wconf 78' lang='grc' dir='ltr'>ἀφειστήκεισαν</span> <span class='ocrx_word' id='word_1_403' title='bbox 3621 1255 3641 1267; x_wconf 85' lang='grc'>⁶</span> <span class='ocrx_word' id='word_1_404' title='bbox 3694 1234 3811 1289; x_wconf 77' lang='grc' dir='ltr'><strong>καὶ</strong></span> 
     </span>
    </p>
   </div>
   <div class='ocr_carea' id='block_1_60' title="bbox 2125 1320 3813 1396">
    <p class='ocr_par' dir='ltr' id='par_1_60' title="bbox 2125 1320 3813 1396">
     <span class='ocr_line' id='line_1_60' title="bbox 2125 1320 3813 1396; baseline 0.001 -21"><span class='ocrx_word' id='word_1_405' title='bbox 2125 1324 2206 1392; x_wconf 82' lang='grc' dir='ltr'>τῷ</span> <span class='ocrx_word' id='word_1_406' title='bbox 2266 1322 2453 1393; x_wconf 82' lang='grc' dir='ltr'>θερμῷ</span> <span class='ocrx_word' id='word_1_407' title='bbox 2508 1326 2606 1376; x_wconf 78' lang='grc' dir='ltr'>τοῦ</span> <span class='ocrx_word' id='word_1_408' title='bbox 2678 1320 2848 1376; x_wconf 80' lang='grc' dir='ltr'>πόθου</span> <span class='ocrx_word' id='word_1_409' title='bbox 2919 1320 3398 1396; x_wconf 76' lang='grc' dir='ltr'>διαπλοϊζόμενος,</span> <span class='ocrx_word' id='word_1_410' title='bbox 3458 1324 3669 1396; x_wconf 76' lang='grc' dir='ltr'>ὀθονὶῳ</span> <span class='ocrx_word' id='word_1_411' title='bbox 3743 1323 3813 1376; x_wconf 72' lang='grc' dir='ltr'>ἐκ</span> 
     </span>
    </p>
   </div>
   <div class='ocr_carea' id='block_1_61' title="bbox 2125 1407 3811 1488">
    <p class='ocr_par' dir='ltr' id='par_1_61' title="bbox 2125 1407 3811 1488">
     <span class='ocr_line' id='line_1_61' title="bbox 2125 1407 3811 1488; baseline 0.002 -24"><span class='ocrx_word' id='word_1_412' title='bbox 2125 1413 2222 1464; x_wconf 79' lang='grc' dir='ltr'>τοῦ</span> <span class='ocrx_word' id='word_1_413' title='bbox 2280 1407 2473 1487; x_wconf 82' lang='grc' dir='ltr'>σχεδὸν</span> <span class='ocrx_word' id='word_1_414' title='bbox 2524 1409 2810 1485; x_wconf 79' lang='grc' dir='ltr'>εὑρεθέντι,</span> <span class='ocrx_word' id='word_1_415' title='bbox 2863 1412 2929 1467; x_wconf 77' lang='grc' dir='ltr'>τὰ</span> <span class='ocrx_word' id='word_1_416' title='bbox 2972 1413 3095 1486; x_wconf 83' lang='grc' dir='ltr'>περὶ</span> <span class='ocrx_word' id='word_1_417' title='bbox 3141 1413 3269 1476; x_wconf 78' lang='grc' dir='ltr'>τοὺς</span> <span class='ocrx_word' id='word_1_418' title='bbox 3318 1412 3527 1488; x_wconf 71' lang='grc' dir='ltr'>μηροὺς</span> <span class='ocrx_word' id='word_1_419' title='bbox 3579 1411 3811 1483; x_wconf 73' lang='grc' dir='ltr'>κύκλῳ</span> 
     </span>
    </p>
   </div>
   <div class='ocr_carea' id='block_1_62' title="bbox 2129 1496 3809 1578">
    <p class='ocr_par' dir='ltr' id='par_1_62' title="bbox 2129 1496 3809 1578">
     <span class='ocr_line' id='line_1_62' title="bbox 2129 1496 3809 1578; baseline 0.001 -25"><span class='ocrx_word' id='word_1_420' title='bbox 2129 1496 2561 1573; x_wconf 79' lang='grc' dir='ltr'>διαζωσάμενος,</span> <span class='ocrx_word' id='word_1_421' title='bbox 2605 1501 2887 1578; x_wconf 74' lang='grc' dir='ltr'>ἀναφυσῶν</span> <span class='ocrx_word' id='word_1_422' title='bbox 2966 1502 3041 1564; x_wconf 85' lang='grc' dir='ltr'>ὡς</span> <span class='ocrx_word' id='word_1_423' title='bbox 3107 1499 3303 1571; x_wconf 76' lang='grc' dir='ltr'>ἥδιστα</span> <span class='ocrx_word' id='word_1_424' title='bbox 3367 1503 3457 1557; x_wconf 78' lang='grc' dir='ltr'><strong>καὶ</strong></span> <span class='ocrx_word' id='word_1_425' title='bbox 3522 1501 3809 1574; x_wconf 79' lang='grc' dir='ltr'>ἀναπεμ-</span> 
     </span>
    </p>
   </div>
   <div class='ocr_carea' id='block_1_63' title="bbox 2127 1588 3808 1664">
    <p class='ocr_par' dir='ltr' id='par_1_63' title="bbox 2127 1588 3808 1664">
     <span class='ocr_line' id='line_1_63' title="bbox 2127 1588 3808 1664; baseline -0.001 -20"><span class='ocrx_word' id='word_1_426' title='bbox 2127 1589 2384 1662; x_wconf 88' lang='grc' dir='ltr'>πόμενος,</span> <span class='ocrx_word' id='word_1_427' title='bbox 2417 1588 2551 1662; x_wconf 84' lang='grc' dir='ltr'>πρὸς</span> <span class='ocrx_word' id='word_1_428' title='bbox 2580 1591 2806 1664; x_wconf 86' lang='grc' dir='ltr'>Χριστὸν</span> <span class='ocrx_word' id='word_1_429' title='bbox 2834 1590 2969 1646; x_wconf 69' lang='grc' dir='ltr'>ἴέτο.</span> <span class='ocrx_word' id='word_1_430' title='bbox 3010 1591 3076 1647; x_wconf 80' lang='grc' dir='ltr'><strong>Οἱ</strong></span> <span class='ocrx_word' id='word_1_431' title='bbox 3107 1588 3296 1646; x_wconf 77' lang='grc' dir='ltr'>λοιποί</span> <span class='ocrx_word' id='word_1_432' title='bbox 3338 1588 3394 1645; x_wconf 74' lang='grc' dir='ltr'><strong>δέ</strong></span> <span class='ocrx_word' id='word_1_433' title='bbox 3438 1595 3517 1662; x_wconf 80' lang='grc' dir='ltr'><strong>τῷ</strong></span> <span class='ocrx_word' id='word_1_434' title='bbox 3563 1591 3808 1661; x_wconf 72' lang='grc' dir='ltr'>ἀκατίῳ</span> 
     </span>
    </p>
   </div>
   <div class='ocr_carea' id='block_1_64' title="bbox 2129 1675 3805 1753">
    <p class='ocr_par' dir='ltr' id='par_1_64' title="bbox 2129 1675 3805 1753">
     <span class='ocr_line' id='line_1_64' title="bbox 2129 1675 3805 1753; baseline -0.001 -21"><span class='ocrx_word' id='word_1_435' title='bbox 2129 1678 2268 1752; x_wconf 77' lang='grc' dir='ltr'>πρὸς</span> <span class='ocrx_word' id='word_1_436' title='bbox 2296 1678 2357 1732; x_wconf 87' lang='grc' dir='ltr'>τὸ</span> <span class='ocrx_word' id='word_1_437' title='bbox 2396 1679 2559 1753; x_wconf 83' lang='grc' dir='ltr'>ξηρὸν</span> <span class='ocrx_word' id='word_1_438' title='bbox 2593 1675 2965 1739; x_wconf 76' lang='grc' dir='ltr'>διελαύνοντες</span> <span class='ocrx_word' id='word_1_439' title='bbox 2994 1681 3150 1748; x_wconf 74' lang='grc' dir='ltr'>ἧκον.</span> <span class='ocrx_word' id='word_1_440' title='bbox 3185 1683 3276 1741; x_wconf 84' lang='grc' dir='ltr'>Ὠς</span> <span class='ocrx_word' id='word_1_441' title='bbox 3325 1677 3416 1733; x_wconf 76' lang='grc' dir='ltr'><strong>οὖν</strong></span> <span class='ocrx_word' id='word_1_442' title='bbox 3469 1676 3805 1748; x_wconf 73' lang='grc' dir='ltr'>ἀπέϐησαν,</span> 
     </span>
    </p>
   </div>
   <div class='ocr_carea' id='block_1_65' title="bbox 2131 1764 3808 1840">
    <p class='ocr_par' dir='ltr' id='par_1_65' title="bbox 2131 1764 3808 1840">
     <span class='ocr_line' id='line_1_65' title="bbox 2131 1764 3808 1840; baseline 0 -20"><span class='ocrx_word' id='word_1_443' title='bbox 2131 1765 2220 1821; x_wconf 85' lang='grc' dir='ltr'><strong>καὶ</strong></span> <span class='ocrx_word' id='word_1_444' title='bbox 2249 1767 2341 1821; x_wconf 86' lang='grc' dir='ltr'>τὸν</span> <span class='ocrx_word' id='word_1_445' title='bbox 2391 1767 2729 1840; x_wconf 86' lang='grc' dir='ltr'>ποθούμενον</span> <span class='ocrx_word' id='word_1_446' title='bbox 2774 1765 2950 1837; x_wconf 76' lang='grc' dir='ltr'>ἡδέως</span> <span class='ocrx_word' id='word_1_447' title='bbox 2998 1768 3327 1837; x_wconf 77' lang='grc' dir='ltr'>ἠσπάζοντο,</span> <span class='ocrx_word' id='word_1_448' title='bbox 3361 1765 3480 1823; x_wconf 70' lang='grc' dir='ltr'>ἰδοὺ</span> <span class='ocrx_word' id='word_1_449' title='bbox 3530 1767 3610 1821; x_wconf 80' lang='grc' dir='ltr'><strong>ἐπ’</strong></span> <span class='ocrx_word' id='word_1_450' title='bbox 3652 1764 3808 1821; x_wconf 65' lang='grc' dir='ltr'>ὲδάο</span> 
     </span>
    </p>
   </div>
   <div class='ocr_carea' id='block_1_66' title="bbox 2135 1855 3806 1931">
    <p class='ocr_par' dir='ltr' id='par_1_66' title="bbox 2135 1855 3806 1931">
     <span class='ocr_line' id='line_1_66' title="bbox 2135 1855 3806 1931; baseline 0 -22"><span class='ocrx_word' id='word_1_451' title='bbox 2135 1876 2266 1931; x_wconf 63' lang='lat' dir='ltr'><strong>(pou;</strong></span> <span class='ocrx_word' id='word_1_452' title='bbox 2298 1856 2496 1930; x_wconf 78' lang='grc' dir='ltr'>ὁρῶσιν</span> <span class='ocrx_word' id='word_1_453' title='bbox 2539 1857 2827 1931; x_wconf 74' lang='grc' dir='ltr'>ἀνθρακιὰν</span> <span class='ocrx_word' id='word_1_454' title='bbox 2874 1857 2962 1911; x_wconf 82' lang='grc' dir='ltr'><strong>καὶ</strong></span> <span class='ocrx_word' id='word_1_455' title='bbox 3014 1857 3242 1931; x_wconf 77' lang='grc' dir='ltr'>ὀψάριον</span> <span class='ocrx_word' id='word_1_456' title='bbox 3282 1857 3372 1911; x_wconf 84' lang='grc' dir='ltr'><strong>καὶ</strong></span> <span class='ocrx_word' id='word_1_457' title='bbox 3421 1855 3583 1931; x_wconf 79' lang='grc' dir='ltr'>ἄρτον</span> <span class='ocrx_word' id='word_1_458' title='bbox 3627 1876 3806 1929; x_wconf 80' lang='grc' dir='ltr'>προ-</span> 
     </span>
    </p>
   </div>
   <div class='ocr_carea' id='block_1_67' title="bbox 2134 1944 3806 2022">
    <p class='ocr_par' dir='ltr' id='par_1_67' title="bbox 2134 1944 3806 2022">
     <span class='ocr_line' id='line_1_67' title="bbox 2134 1944 3806 2022; baseline -0.002 -23"><span class='ocrx_word' id='word_1_459' title='bbox 2134 1944 2376 2017; x_wconf 87' lang='grc' dir='ltr'>κείμενα,</span> <span class='ocrx_word' id='word_1_460' title='bbox 2424 1946 2614 2020; x_wconf 79' lang='grc' dir='ltr'>χερσὶν</span> <span class='ocrx_word' id='word_1_461' title='bbox 2665 1946 2855 2021; x_wconf 71' lang='grc' dir='ltr'>ἁγίων,</span> <span class='ocrx_word' id='word_1_462' title='bbox 2909 1947 3086 2017; x_wconf 75' lang='grc' dir='ltr'>οἶμαι,</span> <span class='ocrx_word' id='word_1_463' title='bbox 3140 1944 3390 2022; x_wconf 74' lang='grc' dir='ltr'>ὰγγέλων</span> <span class='ocrx_word' id='word_1_464' title='bbox 3434 1945 3499 2000; x_wconf 79' lang='grc' dir='ltr'>τὸ</span> <span class='ocrx_word' id='word_1_465' title='bbox 3556 1944 3806 2017; x_wconf 78' lang='grc' dir='ltr'>ἄριστον</span> 
     </span>
    </p>
   </div>
   <div class='ocr_carea' id='block_1_68' title="bbox 2135 2031 3808 2111">
    <p class='ocr_par' dir='ltr' id='par_1_68' title="bbox 2135 2031 3808 2111">
     <span class='ocr_line' id='line_1_68' title="bbox 2135 2031 3808 2111; baseline -0.001 -23"><span class='ocrx_word' id='word_1_466' title='bbox 2135 2031 2307 2088; x_wconf 81' lang='grc' dir='ltr'>ἐκεῖνο</span> <span class='ocrx_word' id='word_1_467' title='bbox 2390 2033 2833 2109; x_wconf 73' lang='grc' dir='ltr'>ἐξειργασμένων.</span> <span class='ocrx_word' id='word_1_468' title='bbox 2905 2036 3174 2111; x_wconf 84' lang='grc' dir='ltr'>Ἐνεγκεῖν</span> <span class='ocrx_word' id='word_1_469' title='bbox 3245 2035 3428 2108; x_wconf 83' lang='grc' dir='ltr'>μέντοι</span> <span class='ocrx_word' id='word_1_470' title='bbox 3498 2034 3589 2088; x_wconf 82' lang='grc' dir='ltr'><strong>καὶ</strong></span> <span class='ocrx_word' id='word_1_471' title='bbox 3675 2032 3808 2088; x_wconf 79' lang='grc' dir='ltr'><strong>ἀπὸ</strong></span> 
     </span>
    </p>
   </div>
   <div class='ocr_carea' id='block_1_69' title="bbox 2136 2120 3797 2199">
    <p class='ocr_par' dir='ltr' id='par_1_69' title="bbox 2136 2120 3797 2199">
     <span class='ocr_line' id='line_1_69' title="bbox 2136 2120 3797 2199; baseline -0.001 -21"><span class='ocrx_word' id='word_1_472' title='bbox 2136 2127 2242 2178; x_wconf 85' lang='grc' dir='ltr'><strong>τῶν</strong></span> <span class='ocrx_word' id='word_1_473' title='bbox 2274 2120 2392 2197; x_wconf 74' lang='grc' dir='ltr'>ἄρτι</span> <span class='ocrx_word' id='word_1_474' title='bbox 2425 2121 2630 2177; x_wconf 83' lang='grc' dir='ltr'>νεαλῶν</span> <span class='ocrx_word' id='word_1_475' title='bbox 2663 2124 2867 2199; x_wconf 82' lang='grc' dir='ltr'>ἰχθύων</span> <span class='ocrx_word' id='word_1_476' title='bbox 2899 2122 3265 2179; x_wconf 66' lang='grc' dir='ltr'>διεκελεύοντο</span> <span class='ocrx_word' id='word_1_477' title='bbox 3312 2126 3451 2198; x_wconf 75' lang='grc' dir='ltr'>πρὸς</span> <span class='ocrx_word' id='word_1_478' title='bbox 3499 2122 3750 2177; x_wconf 75' lang='grc' dir='ltr'>ἑστίασιν</span> <span class='ocrx_word' id='word_1_479' title='bbox 3780 2142 3797 2156; x_wconf 88' lang='grc'><strong>·</strong></span> 
     </span>
    </p>
   </div>
   <div class='ocr_carea' id='block_1_70' title="bbox 2135 2209 3802 2286">
    <p class='ocr_par' dir='ltr' id='par_1_70' title="bbox 2135 2209 3802 2286">
     <span class='ocr_line' id='line_1_70' title="bbox 2135 2209 3802 2286; baseline -0.001 -20"><span class='ocrx_word' id='word_1_480' title='bbox 2135 2212 2225 2267; x_wconf 83' lang='grc' dir='ltr'><strong>καὶ</strong></span> <span class='ocrx_word' id='word_1_481' title='bbox 2281 2211 2400 2281; x_wconf 79' lang='grc' dir='ltr'>δῆτ’</span> <span class='ocrx_word' id='word_1_482' title='bbox 2466 2209 2778 2280; x_wconf 77' lang='grc' dir='ltr'>ἀναϐάντες,</span> <span class='ocrx_word' id='word_1_483' title='bbox 2832 2213 3014 2269; x_wconf 84' lang='grc' dir='ltr'>εἷλκον</span> <span class='ocrx_word' id='word_1_484' title='bbox 3068 2215 3131 2268; x_wconf 85' lang='grc' dir='ltr'>τὸ</span> <span class='ocrx_word' id='word_1_485' title='bbox 3189 2212 3419 2269; x_wconf 78' lang='grc' dir='ltr'>δίκτυον.</span> <span class='ocrx_word' id='word_1_486' title='bbox 3480 2211 3802 2286; x_wconf 81' lang='grc' dir='ltr'>Ἔμπλεων</span> 
     </span>
    </p>
   </div>
   <div class='ocr_carea' id='block_1_71' title="bbox 2138 2298 3801 2377">
    <p class='ocr_par' dir='ltr' id='par_1_71' title="bbox 2138 2298 3801 2377">
     <span class='ocr_line' id='line_1_71' title="bbox 2138 2298 3801 2377; baseline 0 -23"><span class='ocrx_word' id='word_1_487' title='bbox 2138 2298 2183 2354; x_wconf 84' lang='grc' dir='ltr'>δ’</span> <span class='ocrx_word' id='word_1_488' title='bbox 2214 2300 2317 2375; x_wconf 77' lang='grc' dir='ltr'>ἄρα</span> <span class='ocrx_word' id='word_1_489' title='bbox 2360 2302 2425 2370; x_wconf 72' lang='grc' dir='ltr'>ἦν</span> <span class='ocrx_word' id='word_1_490' title='bbox 2479 2300 2684 2376; x_wconf 78' lang='grc' dir='ltr'>ἰχθύων</span> <span class='ocrx_word' id='word_1_491' title='bbox 2740 2304 2955 2377; x_wconf 76' lang='grc' dir='ltr'>μεγέθει</span> <span class='ocrx_word' id='word_1_492' title='bbox 3001 2323 3059 2358; x_wconf 87' lang='grc' dir='ltr'><strong>τε</strong></span> <span class='ocrx_word' id='word_1_493' title='bbox 3111 2302 3375 2376; x_wconf 81' lang='grc' dir='ltr'>μεγίστων</span> <span class='ocrx_word' id='word_1_494' title='bbox 3418 2304 3512 2356; x_wconf 78' lang='grc' dir='ltr'><strong>καὶ</strong></span> <span class='ocrx_word' id='word_1_495' title='bbox 3562 2302 3801 2375; x_wconf 77' lang='grc' dir='ltr'>ἀριθμῷ</span> 
     </span>
    </p>
   </div>
   <div class='ocr_carea' id='block_1_72' title="bbox 2137 2389 3796 2466">
    <p class='ocr_par' dir='ltr' id='par_1_72' title="bbox 2137 2389 3796 2466">
     <span class='ocr_line' id='line_1_72' title="bbox 2137 2389 3796 2466; baseline -0.001 -22"><span class='ocrx_word' id='word_1_496' title='bbox 2137 2389 2406 2445; x_wconf 80' lang='grc' dir='ltr'>πλείστων</span> <span class='ocrx_word' id='word_1_497' title='bbox 2433 2408 2446 2423; x_wconf 85' lang='grc'><em>’</em></span> <span class='ocrx_word' id='word_1_498' title='bbox 2480 2389 2557 2451; x_wconf 80' lang='grc' dir='ltr'>εἷς</span> <span class='ocrx_word' id='word_1_499' title='bbox 2613 2397 2758 2466; x_wconf 83' lang='grc' dir='ltr'>τρεῖς</span> <span class='ocrx_word' id='word_1_500' title='bbox 2804 2393 2906 2465; x_wconf 82' lang='grc' dir='ltr'>γὰρ</span> <span class='ocrx_word' id='word_1_501' title='bbox 2953 2392 3040 2445; x_wconf 84' lang='grc' dir='ltr'><strong>καὶ</strong></span> <span class='ocrx_word' id='word_1_502' title='bbox 3088 2399 3126 2445; x_wconf 91' lang='grc' dir='ltr'>ν’</span> <span class='ocrx_word' id='word_1_503' title='bbox 3172 2393 3262 2447; x_wconf 81' lang='grc' dir='ltr'><strong>καὶ</strong></span> <span class='ocrx_word' id='word_1_504' title='bbox 3313 2393 3355 2466; x_wconf 86' lang='grc' dir='ltr'>ρ’</span> <span class='ocrx_word' id='word_1_505' title='bbox 3401 2392 3495 2445; x_wconf 83' lang='grc' dir='ltr'>τὸν</span> <span class='ocrx_word' id='word_1_506' title='bbox 3547 2390 3796 2465; x_wconf 71' lang='grc' dir='ltr'>ἀριθμὸν</span> 
     </span>
    </p>
   </div>
   <div class='ocr_carea' id='block_1_73' title="bbox 2138 2478 3795 2557">
    <p class='ocr_par' dir='ltr' id='par_1_73' title="bbox 2138 2478 3795 2557">
     <span class='ocr_line' id='line_1_73' title="bbox 2138 2478 3795 2557; baseline -0.001 -24"><span class='ocrx_word' id='word_1_507' title='bbox 2138 2478 2494 2553; x_wconf 85' lang='grc' dir='ltr'>διεπέραινον.</span> <span class='ocrx_word' id='word_1_508' title='bbox 2521 2480 2616 2533; x_wconf 84' lang='grc' dir='ltr'><strong>Καὶ</strong></span> <span class='ocrx_word' id='word_1_509' title='bbox 2649 2481 2710 2534; x_wconf 80' lang='grc' dir='ltr'>τὸ</span> <span class='ocrx_word' id='word_1_510' title='bbox 2742 2478 2807 2550; x_wconf 82' lang='grc' dir='ltr'><strong>δή</strong></span> <span class='ocrx_word' id='word_1_511' title='bbox 2842 2483 3165 2554; x_wconf 82' lang='grc' dir='ltr'>θαυμάσιον,</span> <span class='ocrx_word' id='word_1_512' title='bbox 3195 2481 3279 2536; x_wconf 82' lang='grc' dir='ltr'>ὅτι</span> <span class='ocrx_word' id='word_1_513' title='bbox 3309 2501 3371 2557; x_wconf 88' lang='grc' dir='ltr'><strong>γε</strong></span> <span class='ocrx_word' id='word_1_514' title='bbox 3419 2480 3509 2534; x_wconf 79' lang='grc' dir='ltr'><strong>καὶ</strong></span> <span class='ocrx_word' id='word_1_515' title='bbox 3551 2478 3795 2533; x_wconf 80' lang='grc' dir='ltr'>πολλῶν</span> 
     </span>
    </p>
   </div>
   <div class='ocr_carea' id='block_1_74' title="bbox 2136 2564 3793 2644">
    <p class='ocr_par' dir='ltr' id='par_1_74' title="bbox 2136 2564 3793 2644">
     <span class='ocr_line' id='line_1_74' title="bbox 2136 2564 3793 2644; baseline 0.001 -23"><span class='ocrx_word' id='word_1_516' title='bbox 2136 2568 2226 2621; x_wconf 87' lang='lat' dir='ltr'><strong>xui</strong></span> <span class='ocrx_word' id='word_1_517' title='bbox 2273 2566 2618 2638; x_wconf 77' lang='grc' dir='ltr'>τηλικούτων</span> <span class='ocrx_word' id='word_1_518' title='bbox 2666 2565 2831 2624; x_wconf 78' lang='grc' dir='ltr'>ὄντων</span> <span class='ocrx_word' id='word_1_519' title='bbox 2878 2571 2941 2623; x_wconf 84' lang='grc' dir='ltr'>τὸ</span> <span class='ocrx_word' id='word_1_520' title='bbox 2995 2570 3246 2644; x_wconf 82' lang='grc' dir='ltr'>μέγεθος,</span> <span class='ocrx_word' id='word_1_521' title='bbox 3276 2569 3338 2623; x_wconf 87' lang='grc' dir='ltr'>τὸ</span> <span class='ocrx_word' id='word_1_522' title='bbox 3390 2565 3608 2623; x_wconf 81' lang='grc' dir='ltr'>δίκτυον</span> <span class='ocrx_word' id='word_1_523' title='bbox 3638 2564 3793 2640; x_wconf 75' lang='grc' dir='ltr'>διερ-</span> 
     </span>
    </p>
   </div>
   <div class='ocr_carea' id='block_1_75' title="bbox 2139 2656 3793 2735">
    <p class='ocr_par' dir='ltr' id='par_1_75' title="bbox 2139 2656 3793 2735">
     <span class='ocr_line' id='line_1_75' title="bbox 2139 2656 3793 2735; baseline -0.001 -24"><span class='ocrx_word' id='word_1_524' title='bbox 2139 2658 2315 2731; x_wconf 80' lang='grc' dir='ltr'>ῥωγὸς</span> <span class='ocrx_word' id='word_1_525' title='bbox 2364 2656 2617 2729; x_wconf 74' lang='grc' dir='ltr'>οὐδαμῶς</span> <span class='ocrx_word' id='word_1_526' title='bbox 2669 2658 2757 2728; x_wconf 84' lang='grc' dir='ltr'><strong>ἧν.</strong></span> <span class='ocrx_word' id='word_1_527' title='bbox 2789 2664 2875 2722; x_wconf 85' lang='grc' dir='ltr'>Ὡς</span> <span class='ocrx_word' id='word_1_528' title='bbox 2926 2658 3163 2713; x_wconf 79' lang='grc' dir='ltr'>ἐντεῦθεν</span> <span class='ocrx_word' id='word_1_529' title='bbox 3221 2656 3493 2735; x_wconf 68' lang='grc' dir='ltr'>τάσφαλὲς</span> <span class='ocrx_word' id='word_1_530' title='bbox 3533 2656 3793 2730; x_wconf 72' lang='grc' dir='ltr'>ἐσχηκᾶ-</span> 
     </span>
    </p>
   </div>
   <div class='ocr_carea' id='block_1_76' title="bbox 2137 2743 3792 2819">
    <p class='ocr_par' dir='ltr' id='par_1_76' title="bbox 2137 2743 3792 2819">
     <span class='ocr_line' id='line_1_76' title="bbox 2137 2743 3792 2819; baseline 0.001 -22"><span class='ocrx_word' id='word_1_531' title='bbox 2137 2765 2243 2799; x_wconf 88' lang='grc' dir='ltr'><strong>των</strong></span> <span class='ocrx_word' id='word_1_532' title='bbox 2303 2747 2461 2801; x_wconf 76' lang='grc' dir='ltr'>αὐτὸν</span> <span class='ocrx_word' id='word_1_533' title='bbox 2522 2746 2657 2801; x_wconf 76' lang='grc' dir='ltr'>εἶναι</span> <span class='ocrx_word' id='word_1_534' title='bbox 2726 2751 2806 2818; x_wconf 78' lang='grc' dir='ltr'><strong>τῷ</strong></span> <span class='ocrx_word' id='word_1_535' title='bbox 2877 2745 3140 2819; x_wconf 75' lang='grc' dir='ltr'>τεραστίῳ</span> <span class='ocrx_word' id='word_1_536' title='bbox 3214 2748 3306 2800; x_wconf 87' lang='grc' dir='ltr'>τὸν</span> <span class='ocrx_word' id='word_1_537' title='bbox 3381 2746 3604 2819; x_wconf 82' lang='grc' dir='ltr'>Κύριον,</span> <span class='ocrx_word' id='word_1_538' title='bbox 3656 2743 3792 2817; x_wconf 84' lang='grc' dir='ltr'>παρ’</span> 
     </span>
    </p>
   </div>
   <div class='ocr_carea' id='block_1_77' title="bbox 2139 2832 3784 2913">
    <p class='ocr_par' dir='ltr' id='par_1_77' title="bbox 2139 2832 3784 2913">
     <span class='ocr_line' id='line_1_77' title="bbox 2139 2832 3784 2913; baseline -0.002 -25"><span class='ocrx_word' id='word_1_539' title='bbox 2139 2833 2403 2905; x_wconf 86' lang='grc' dir='ltr'>ἀλλήλων</span> <span class='ocrx_word' id='word_1_540' title='bbox 2462 2835 2514 2890; x_wconf 80' lang='grc' dir='ltr'><strong>ἐν</strong></span> <span class='ocrx_word' id='word_1_541' title='bbox 2560 2833 2783 2904; x_wconf 75' lang='grc' dir='ltr'>ἡδοναῖς</span> <span class='ocrx_word' id='word_1_542' title='bbox 2829 2836 3166 2903; x_wconf 77' lang='grc' dir='ltr'>καθεστάναι,</span> <span class='ocrx_word' id='word_1_543' title='bbox 3225 2835 3316 2890; x_wconf 87' lang='grc' dir='ltr'><strong>καὶ</strong></span> <span class='ocrx_word' id='word_1_544' title='bbox 3372 2832 3539 2913; x_wconf 70' lang='grc' dir='ltr'>ἄμφω</span> <span class='ocrx_word' id='word_1_545' title='bbox 3594 2834 3784 2892; x_wconf 73' lang='grc' dir='ltr'>αὐτοῖς</span> 
     </span>
    </p>
   </div>
   <div class='ocr_carea' id='block_1_78' title="bbox 2141 2921 3777 2999">
    <p class='ocr_par' dir='ltr' id='par_1_78' title="bbox 2141 2921 3777 2999">
     <span class='ocr_line' id='line_1_78' title="bbox 2141 2921 3777 2999; baseline -0.002 -20"><span class='ocrx_word' id='word_1_546' title='bbox 2141 2923 2345 2979; x_wconf 83' lang='grc' dir='ltr'>ἐκείνου</span> <span class='ocrx_word' id='word_1_547' title='bbox 2391 2930 2498 2980; x_wconf 87' lang='grc' dir='ltr'><strong>τῶν</strong></span> <span class='ocrx_word' id='word_1_548' title='bbox 2547 2925 2952 2999; x_wconf 79' lang='grc' dir='ltr'>παρακειμένων</span> <span class='ocrx_word' id='word_1_549' title='bbox 3009 2925 3085 2987; x_wconf 82' lang='grc' dir='ltr'>εἷς</span> <span class='ocrx_word' id='word_1_550' title='bbox 3145 2926 3344 2999; x_wconf 78' lang='grc' dir='ltr'>βρῶσιν</span> <span class='ocrx_word' id='word_1_551' title='bbox 3378 2921 3777 2997; x_wconf 79' lang='grc' dir='ltr'>μεταδιδόντος.</span> 
     </span>
    </p>
   </div>
   <div class='ocr_carea' id='block_1_79' title="bbox 2143 3008 3777 3087">
    <p class='ocr_par' dir='ltr' id='par_1_79' title="bbox 2143 3008 3777 3087">
     <span class='ocr_line' id='line_1_79' title="bbox 2143 3008 3777 3087; baseline -0.004 -19"><span class='ocrx_word' id='word_1_552' title='bbox 2143 3013 2291 3068; x_wconf 84' lang='grc' dir='ltr'>Ἐπεὶ</span> <span class='ocrx_word' id='word_1_553' title='bbox 2341 3011 2398 3068; x_wconf 75' lang='grc' dir='ltr'>δὲ</span> <span class='ocrx_word' id='word_1_554' title='bbox 2446 3014 2508 3070; x_wconf 88' lang='grc' dir='ltr'>τὸ</span> <span class='ocrx_word' id='word_1_555' title='bbox 2559 3014 2863 3087; x_wconf 77' lang='grc' dir='ltr'>θαυμαστὸν</span> <span class='ocrx_word' id='word_1_556' title='bbox 2917 3013 3089 3068; x_wconf 77' lang='grc' dir='ltr'>έκεῖνο</span> <span class='ocrx_word' id='word_1_557' title='bbox 3135 3012 3357 3085; x_wconf 76' lang='grc' dir='ltr'>ἄριστον</span> <span class='ocrx_word' id='word_1_558' title='bbox 3406 3008 3567 3084; x_wconf 70' lang='grc' dir='ltr'>πέρας</span> <span class='ocrx_word' id='word_1_559' title='bbox 3607 3010 3777 3083; x_wconf 77' lang='grc' dir='ltr'>εἶχεν,</span> 
     </span>
    </p>
   </div>
   <div class='ocr_carea' id='block_1_80' title="bbox 2142 3100 3789 3178">
    <p class='ocr_par' dir='ltr' id='par_1_80' title="bbox 2142 3100 3789 3178">
     <span class='ocr_line' id='line_1_80' title="bbox 2142 3100 3789 3178; baseline -0.003 -20"><span class='ocrx_word' id='word_1_560' title='bbox 2142 3103 2248 3178; x_wconf 80' lang='grc' dir='ltr'><strong>οὐχ</strong></span> <span class='ocrx_word' id='word_1_561' title='bbox 2294 3104 2451 3176; x_wconf 78' lang='grc' dir='ltr'>ἅπαξ,</span> <span class='ocrx_word' id='word_1_562' title='bbox 2483 3101 2627 3159; x_wconf 75' lang='grc' dir='ltr'>ἀλλὰ</span> <span class='ocrx_word' id='word_1_563' title='bbox 2675 3103 2763 3156; x_wconf 79' lang='grc' dir='ltr'><strong>καὶ</strong></span> <span class='ocrx_word' id='word_1_564' title='bbox 2813 3100 2894 3164; x_wconf 85' lang='grc' dir='ltr'><strong>δὶς</strong></span> <span class='ocrx_word' id='word_1_565' title='bbox 2941 3102 3029 3157; x_wconf 83' lang='grc' dir='ltr'><strong>καὶ</strong></span> <span class='ocrx_word' id='word_1_566' title='bbox 3078 3101 3195 3176; x_wconf 68' lang='grc' dir='ltr'>τρὶς</span> <span class='ocrx_word' id='word_1_567' title='bbox 3244 3104 3272 3157; x_wconf 84' lang='grc' dir='ltr'>ὁ</span> <span class='ocrx_word' id='word_1_568' title='bbox 3324 3101 3527 3176; x_wconf 87' lang='grc' dir='ltr'>Κύριος</span> <span class='ocrx_word' id='word_1_569' title='bbox 3564 3100 3789 3154; x_wconf 83' lang='grc' dir='ltr'>ἀπεπει-</span> 
     </span>
    </p>
   </div>
   <div class='ocr_carea' id='block_1_81' title="bbox 2140 3187 3783 3267">
    <p class='ocr_par' dir='ltr' id='par_1_81' title="bbox 2140 3187 3783 3267">
     <span class='ocr_line' id='line_1_81' title="bbox 2140 3187 3783 3267; baseline -0.004 -20"><span class='ocrx_word' id='word_1_570' title='bbox 2140 3198 2268 3267; x_wconf 78' lang='grc' dir='ltr'>ρᾶτο</span> <span class='ocrx_word' id='word_1_571' title='bbox 2298 3196 2399 3247; x_wconf 69' lang='grc' dir='ltr'>τοῦ</span> <span class='ocrx_word' id='word_1_572' title='bbox 2432 3192 2705 3266; x_wconf 84' lang='grc' dir='ltr'>Σίμωνος,</span> <span class='ocrx_word' id='word_1_573' title='bbox 2739 3191 2782 3246; x_wconf 83' lang='grc' dir='ltr'>εἰ</span> <span class='ocrx_word' id='word_1_574' title='bbox 2816 3190 2993 3246; x_wconf 86' lang='grc' dir='ltr'>πλείω</span> <span class='ocrx_word' id='word_1_575' title='bbox 3021 3194 3129 3246; x_wconf 84' lang='grc' dir='ltr'><strong>τῶν</strong></span> <span class='ocrx_word' id='word_1_576' title='bbox 3162 3188 3350 3245; x_wconf 78' lang='grc' dir='ltr'>ἄλλων</span> <span class='ocrx_word' id='word_1_577' title='bbox 3407 3188 3555 3262; x_wconf 78' lang='grc' dir='ltr'>ἐρῴη</span> <span class='ocrx_word' id='word_1_578' title='bbox 3599 3187 3783 3255; x_wconf 70' lang='grc' dir='ltr'>αὐτοῦ,</span> 
     </span>
    </p>
   </div>
   <div class='ocr_carea' id='block_1_82' title="bbox 2144 3274 3785 3355">
    <p class='ocr_par' dir='ltr' id='par_1_82' title="bbox 2144 3274 3785 3355">
     <span class='ocr_line' id='line_1_82' title="bbox 2144 3274 3785 3355; baseline -0.004 -20"><span class='ocrx_word' id='word_1_579' title='bbox 2144 3281 2204 3335; x_wconf 84' lang='grc' dir='ltr'><strong>οὐ</strong></span> <span class='ocrx_word' id='word_1_580' title='bbox 2261 3286 2457 3355; x_wconf 87' lang='grc' dir='ltr'>γνῶναι</span> <span class='ocrx_word' id='word_1_581' title='bbox 2500 3285 2662 3335; x_wconf 77' lang='grc' dir='ltr'>τοῦτο</span> <span class='ocrx_word' id='word_1_582' title='bbox 2714 3280 3046 3354; x_wconf 81' lang='grc' dir='ltr'>βουλόμενος</span> <span class='ocrx_word' id='word_1_583' title='bbox 3085 3282 3227 3350; x_wconf 83' lang='grc' dir='ltr'>(πῶς</span> <span class='ocrx_word' id='word_1_584' title='bbox 3267 3279 3371 3354; x_wconf 67' lang='grc' dir='ltr'>γὰρ</span> <span class='ocrx_word' id='word_1_585' title='bbox 3421 3279 3468 3350; x_wconf 82' lang='grc' dir='ltr'>ᾧ</span> <span class='ocrx_word' id='word_1_586' title='bbox 3499 3274 3646 3346; x_wconf 80' lang='grc' dir='ltr'>δῆλα</span> <span class='ocrx_word' id='word_1_587' title='bbox 3694 3275 3785 3329; x_wconf 78' lang='grc' dir='ltr'><strong>καὶ</strong></span> 
     </span>
    </p>
   </div>
   <div class='ocr_carea' id='block_1_83' title="bbox 2140 3365 3784 3445">
    <p class='ocr_par' dir='ltr' id='par_1_83' title="bbox 2140 3365 3784 3445">
     <span class='ocr_line' id='line_1_83' title="bbox 2140 3365 3784 3445; baseline -0.004 -21"><span class='ocrx_word' id='word_1_588' title='bbox 2140 3372 2208 3425; x_wconf 84' lang='grc' dir='ltr'>τὰ</span> <span class='ocrx_word' id='word_1_589' title='bbox 2269 3373 2437 3443; x_wconf 82' lang='grc' dir='ltr'>μήπω</span> <span class='ocrx_word' id='word_1_590' title='bbox 2485 3372 2845 3445; x_wconf 72' lang='grc' dir='ltr'>γενόμενας),</span> <span class='ocrx_word' id='word_1_591' title='bbox 2891 3367 3018 3424; x_wconf 83' lang='grc' dir='ltr'>ἀλλ’</span> <span class='ocrx_word' id='word_1_592' title='bbox 3042 3366 3112 3423; x_wconf 70' lang='grc' dir='ltr'><strong>’ἶν’</strong></span> <span class='ocrx_word' id='word_1_593' title='bbox 3160 3367 3436 3441; x_wconf 80' lang='grc' dir='ltr'>ὁμολογίᾳ</span> <span class='ocrx_word' id='word_1_594' title='bbox 3471 3369 3667 3438; x_wconf 80' lang='grc' dir='ltr'>τρισσῇ</span> <span class='ocrx_word' id='word_1_595' title='bbox 3721 3365 3784 3418; x_wconf 88' lang='grc' dir='ltr'>τὸ</span> 
     </span>
    </p>
   </div>
   <div class='ocr_carea' id='block_1_84' title="bbox 2142 3454 3787 3533">
    <p class='ocr_par' dir='ltr' id='par_1_84' title="bbox 2142 3454 3787 3533">
     <span class='ocr_line' id='line_1_84' title="bbox 2142 3454 3787 3533; baseline -0.003 -21"><span class='ocrx_word' id='word_1_596' title='bbox 2142 3460 2358 3532; x_wconf 86' lang='grc' dir='ltr'>τριττὸν</span> <span class='ocrx_word' id='word_1_597' title='bbox 2417 3458 2629 3514; x_wconf 81' lang='grc' dir='ltr'>ἰάσαιτο</span> <span class='ocrx_word' id='word_1_598' title='bbox 2684 3464 2785 3528; x_wconf 75' lang='grc' dir='ltr'>τῆς</span> <span class='ocrx_word' id='word_1_599' title='bbox 2841 3458 3257 3533; x_wconf 76' lang='grc' dir='ltr'>ἀρνήσεως.Ὣς</span> <span class='ocrx_word' id='word_1_600' title='bbox 3318 3454 3363 3510; x_wconf 85' lang='grc' dir='ltr'>δ’</span> <span class='ocrx_word' id='word_1_601' title='bbox 3396 3455 3601 3519; x_wconf 79' lang='grc' dir='ltr'>ἐκεῖνος</span> <span class='ocrx_word' id='word_1_602' title='bbox 3658 3457 3787 3508; x_wconf 67' lang='lat' dir='ltr'><strong>ea:-</strong></span> 
     </span>
    </p>
   </div>
   <div class='ocr_carea' id='block_1_85' title="bbox 2143 3542 3785 3623">
    <p class='ocr_par' dir='ltr' id='par_1_85' title="bbox 2143 3542 3785 3623">
     <span class='ocr_line' id='line_1_85' title="bbox 2143 3542 3785 3623; baseline -0.004 -21"><span class='ocrx_word' id='word_1_603' title='bbox 2143 3569 2233 3602; x_wconf 91' lang='grc' dir='ltr'><strong>τον</strong></span> <span class='ocrx_word' id='word_1_604' title='bbox 2293 3545 2592 3623; x_wconf 84' lang='grc' dir='ltr'>ὡμολόγει,</span> <span class='ocrx_word' id='word_1_605' title='bbox 2651 3547 2701 3601; x_wconf 81' lang='grc' dir='ltr'>ἐν</span> <span class='ocrx_word' id='word_1_606' title='bbox 2750 3547 2929 3619; x_wconf 86' lang='grc' dir='ltr'>τούτῳ</span> <span class='ocrx_word' id='word_1_607' title='bbox 2985 3544 3181 3616; x_wconf 73' lang='grc' dir='ltr'>ἤκουεν</span> <span class='ocrx_word' id='word_1_608' title='bbox 3240 3546 3440 3606; x_wconf 71' lang='grc' dir='ltr'>ἱκανῶς</span> <span class='ocrx_word' id='word_1_609' title='bbox 3514 3542 3664 3618; x_wconf 81' lang='grc' dir='ltr'>ἒχειν</span> <span class='ocrx_word' id='word_1_610' title='bbox 3720 3544 3785 3596; x_wconf 87' lang='grc' dir='ltr'>τὸ</span> 
     </span>
    </p>
   </div>
   <div class='ocr_carea' id='block_1_86' title="bbox 2146 3630 3789 3713">
    <p class='ocr_par' dir='ltr' id='par_1_86' title="bbox 2146 3630 3789 3713">
     <span class='ocr_line' id='line_1_86' title="bbox 2146 3630 3789 3713; baseline -0.003 -24"><span class='ocrx_word' id='word_1_611' title='bbox 2146 3639 2373 3710; x_wconf 85' lang='grc' dir='ltr'>γνήσιον</span> <span class='ocrx_word' id='word_1_612' title='bbox 2430 3640 2714 3711; x_wconf 81' lang='grc' dir='ltr'>παριστᾷν,</span> <span class='ocrx_word' id='word_1_613' title='bbox 2752 3634 2804 3690; x_wconf 81' lang='grc' dir='ltr'><strong>εἷ’</strong></span> <span class='ocrx_word' id='word_1_614' title='bbox 2857 3655 2918 3713; x_wconf 88' lang='grc' dir='ltr'><strong>γε</strong></span> <span class='ocrx_word' id='word_1_615' title='bbox 2973 3635 3235 3708; x_wconf 76' lang='grc' dir='ltr'>ποιμάνοι</span> <span class='ocrx_word' id='word_1_616' title='bbox 3292 3632 3431 3709; x_wconf 80' lang='grc' dir='ltr'>ἔργῳ</span> <span class='ocrx_word' id='word_1_617' title='bbox 3469 3633 3536 3687; x_wconf 70' lang='grc' dir='ltr'>τὰ</span> <span class='ocrx_word' id='word_1_618' title='bbox 3584 3630 3789 3707; x_wconf 76' lang='grc' dir='ltr'>λογικᾶ</span> 
     </span>
    </p>
   </div>
   <div class='ocr_carea' id='block_1_87' title="bbox 2146 3720 3784 3800">
    <p class='ocr_par' dir='ltr' id='par_1_87' title="bbox 2146 3720 3784 3800">
     <span class='ocr_line' id='line_1_87' title="bbox 2146 3720 3784 3800; baseline -0.004 -20"><span class='ocrx_word' id='word_1_619' title='bbox 2146 3720 2411 3800; x_wconf 74' lang='grc' dir='ltr'>πρόϐατα.</span> <span class='ocrx_word' id='word_1_620' title='bbox 2439 3725 2511 3779; x_wconf 86' lang='grc' dir='ltr'><strong>Τὸ</strong></span> <span class='ocrx_word' id='word_1_621' title='bbox 2568 3722 2612 3778; x_wconf 86' lang='grc' dir='ltr'>δ’</span> <span class='ocrx_word' id='word_1_622' title='bbox 2645 3723 2812 3793; x_wconf 81' lang='grc' dir='ltr'>ἔσται,</span> <span class='ocrx_word' id='word_1_623' title='bbox 2846 3725 2892 3778; x_wconf 79' lang='grc' dir='ltr'>εἰ</span> <span class='ocrx_word' id='word_1_624' title='bbox 2950 3724 3039 3778; x_wconf 88' lang='grc' dir='ltr'><strong>καὶ</strong></span> <span class='ocrx_word' id='word_1_625' title='bbox 3094 3725 3194 3790; x_wconf 75' lang='grc' dir='ltr'>τὴν</span> <span class='ocrx_word' id='word_1_626' title='bbox 3249 3724 3434 3797; x_wconf 75' lang='grc' dir='ltr'>ψυχὴν</span> <span class='ocrx_word' id='word_1_627' title='bbox 3473 3722 3545 3782; x_wconf 84' lang='grc' dir='ltr'>ὡς</span> <span class='ocrx_word' id='word_1_628' title='bbox 3579 3720 3784 3783; x_wconf 76' lang='grc' dir='ltr'>ἐκεῖνος</span> 
     </span>
    </p>
   </div>
   <div class='ocr_carea' id='block_1_88' title="bbox 2152 3809 3788 3891">
    <p class='ocr_par' dir='ltr' id='par_1_88' title="bbox 2152 3809 3788 3891">
     <span class='ocr_line' id='line_1_88' title="bbox 2152 3809 3788 3891; baseline -0.002 -22"><span class='ocrx_word' id='word_1_629' title='bbox 2152 3814 2410 3891; x_wconf 88' lang='grc' dir='ltr'>βούλοιτο</span> <span class='ocrx_word' id='word_1_630' title='bbox 2449 3813 2651 3869; x_wconf 84' lang='grc' dir='ltr'>τιθέναι</span> <span class='ocrx_word' id='word_1_631' title='bbox 2679 3815 2811 3889; x_wconf 70' lang='grc' dir='ltr'>ὑπὲρ</span> <span class='ocrx_word' id='word_1_632' title='bbox 2852 3813 3024 3870; x_wconf 77' lang='grc' dir='ltr'>αὐτῶν</span> <span class='ocrx_word' id='word_1_633' title='bbox 3049 3835 3060 3847; x_wconf 89' lang='grc'><strong>·</strong></span> <span class='ocrx_word' id='word_1_634' title='bbox 3113 3812 3301 3881; x_wconf 72' lang='grc' dir='ltr'>ἐπίσης</span> <span class='ocrx_word' id='word_1_635' title='bbox 3343 3812 3449 3887; x_wconf 74' lang='grc' dir='ltr'><strong>γὰρ</strong></span> <span class='ocrx_word' id='word_1_636' title='bbox 3504 3812 3593 3864; x_wconf 82' lang='lat' dir='ltr'><strong>xui</strong></span> <span class='ocrx_word' id='word_1_637' title='bbox 3637 3809 3788 3880; x_wconf 78' lang='grc' dir='ltr'>αύτῷ</span> 
     </span>
    </p>
   </div>
   <div class='ocr_carea' id='block_1_89' title="bbox 2148 3896 3789 3978">
    <p class='ocr_par' dir='ltr' id='par_1_89' title="bbox 2148 3896 3789 3978">
     <span class='ocr_line' id='line_1_89' title="bbox 2148 3896 3789 3978; baseline -0.005 -20"><span class='ocrx_word' id='word_1_638' title='bbox 2148 3903 2343 3958; x_wconf 82' lang='grc' dir='ltr'>ἐσεῖται</span> <span class='ocrx_word' id='word_1_639' title='bbox 2402 3908 2508 3957; x_wconf 87' lang='grc' dir='ltr'><strong>τῶν</strong></span> <span class='ocrx_word' id='word_1_640' title='bbox 2557 3898 2844 3978; x_wconf 75' lang='grc' dir='ltr'>προϐάτων</span> <span class='ocrx_word' id='word_1_641' title='bbox 2918 3902 3349 3974; x_wconf 83' lang='grc' dir='ltr'>ὑπερισταμένῳ,</span> <span class='ocrx_word' id='word_1_642' title='bbox 3406 3896 3496 3953; x_wconf 74' lang='grc' dir='ltr'><strong>δια</strong></span> <span class='ocrx_word' id='word_1_643' title='bbox 3552 3897 3789 3972; x_wconf 85' lang='grc' dir='ltr'>σταυροῦ</span> 
     </span>
    </p>
   </div>
   <div class='ocr_carea' id='block_1_90' title="bbox 2151 3989 3791 4066">
    <p class='ocr_par' dir='ltr' id='par_1_90' title="bbox 2151 3989 3791 4066">
     <span class='ocr_line' id='line_1_90' title="bbox 2151 3989 3791 4066; baseline -0.006 -16"><span class='ocrx_word' id='word_1_644' title='bbox 2151 3993 2368 4065; x_wconf 77' lang='grc' dir='ltr'>δοξάσαι</span> <span class='ocrx_word' id='word_1_645' title='bbox 2428 3994 2518 4049; x_wconf 87' lang='grc' dir='ltr'>τὸν</span> <span class='ocrx_word' id='word_1_646' title='bbox 2573 3992 2741 4048; x_wconf 85' lang='grc' dir='ltr'>Θεόν·</span> <span class='ocrx_word' id='word_1_647' title='bbox 2776 3996 2936 4047; x_wconf 74' lang='grc' dir='ltr'>τοῦτο</span> <span class='ocrx_word' id='word_1_648' title='bbox 2992 3992 3092 4066; x_wconf 79' lang='grc' dir='ltr'><strong>γὰρ</strong></span> <span class='ocrx_word' id='word_1_649' title='bbox 3149 3990 3365 4065; x_wconf 76' lang='grc' dir='ltr'>ᾐνίξατο</span> <span class='ocrx_word' id='word_1_650' title='bbox 3407 3990 3470 4044; x_wconf 88' lang='grc' dir='ltr'>τὸ</span> <span class='ocrx_word' id='word_1_651' title='bbox 3512 3989 3629 4043; x_wconf 75' lang='grc' dir='ltr'>νέον</span> <span class='ocrx_word' id='word_1_652' title='bbox 3690 3989 3791 4060; x_wconf 69' lang='grc' dir='ltr'><strong>μὲν</strong></span> 
     </span>
    </p>
   </div>
   <div class='ocr_carea' id='block_1_91' title="bbox 2152 4075 3795 4157">
    <p class='ocr_par' dir='ltr' id='par_1_91' title="bbox 2152 4075 3795 4157">
     <span class='ocr_line' id='line_1_91' title="bbox 2152 4075 3795 4157; baseline -0.006 -18"><span class='ocrx_word' id='word_1_653' title='bbox 2152 4083 2277 4139; x_wconf 72' lang='grc' dir='ltr'>ὄντα</span> <span class='ocrx_word' id='word_1_654' title='bbox 2329 4083 2465 4137; x_wconf 80' lang='grc' dir='ltr'>ὅπου</span> <span class='ocrx_word' id='word_1_655' title='bbox 2502 4084 2551 4157; x_wconf 84' lang='grc' dir='ltr'>γ’</span> <span class='ocrx_word' id='word_1_656' title='bbox 2601 4080 2801 4137; x_wconf 77' lang='grc' dir='ltr'>ἐθέλειν</span> <span class='ocrx_word' id='word_1_657' title='bbox 2855 4080 3008 4151; x_wconf 71' lang='grc' dir='ltr'>ἰέναι,</span> <span class='ocrx_word' id='word_1_658' title='bbox 3040 4085 3294 4155; x_wconf 85' lang='grc' dir='ltr'>γηρῶντα</span> <span class='ocrx_word' id='word_1_659' title='bbox 3341 4075 3399 4133; x_wconf 77' lang='grc' dir='ltr'>δὲ</span> <span class='ocrx_word' id='word_1_660' title='bbox 3448 4076 3605 4149; x_wconf 80' lang='grc' dir='ltr'>ἄλλῳ</span> <span class='ocrx_word' id='word_1_661' title='bbox 3647 4078 3795 4145; x_wconf 79' lang='grc' dir='ltr'><strong>ζών-</strong></span> 
     </span>
    </p>
   </div>
   <div class='ocr_carea' id='block_1_92' title="bbox 2150 4166 3792 4247">
    <p class='ocr_par' dir='ltr' id='par_1_92' title="bbox 2150 4166 3792 4247">
     <span class='ocr_line' id='line_1_92' title="bbox 2150 4166 3792 4247; baseline -0.006 -18"><span class='ocrx_word' id='word_1_662' title='bbox 2150 4175 2337 4229; x_wconf 88' lang='grc' dir='ltr'>νυσθαι</span> <span class='ocrx_word' id='word_1_663' title='bbox 2391 4178 2580 4247; x_wconf 83' lang='grc' dir='ltr'>χεῖρας</span> <span class='ocrx_word' id='word_1_664' title='bbox 2639 4171 2962 4241; x_wconf 75' lang='grc' dir='ltr'>ἐκτείνοντα,</span> <span class='ocrx_word' id='word_1_665' title='bbox 3021 4170 3109 4225; x_wconf 85' lang='grc' dir='ltr'><strong>καὶ</strong></span> <span class='ocrx_word' id='word_1_666' title='bbox 3185 4170 3283 4238; x_wconf 79' lang='grc' dir='ltr'>τήν</span> <span class='ocrx_word' id='word_1_667' title='bbox 3360 4169 3495 4243; x_wconf 86' lang='grc' dir='ltr'>πρὸς</span> <span class='ocrx_word' id='word_1_668' title='bbox 3562 4166 3792 4220; x_wconf 69' lang='grc' dir='ltr'>θάνατον</span> 
     </span>
    </p>
   </div>
   <div class='ocr_carea' id='block_1_93' title="bbox 2152 4253 3792 4340">
    <p class='ocr_par' dir='ltr' id='par_1_93' title="bbox 2152 4253 3792 4340">
     <span class='ocr_line' id='line_1_93' title="bbox 2152 4253 3792 4340; baseline -0.005 -22"><span class='ocrx_word' id='word_1_669' title='bbox 2152 4262 2399 4340; x_wconf 72' lang='grc' dir='ltr'>ἄγεσθαι,</span> <span class='ocrx_word' id='word_1_670' title='bbox 2430 4261 2566 4317; x_wconf 79' lang='grc' dir='ltr'>ὅπου</span> <span class='ocrx_word' id='word_1_671' title='bbox 2597 4265 2665 4333; x_wconf 79' lang='grc' dir='ltr'>τῇ</span> <span class='ocrx_word' id='word_1_672' title='bbox 2708 4261 2859 4337; x_wconf 76' lang='grc' dir='ltr'>φύσει</span> <span class='ocrx_word' id='word_1_673' title='bbox 2896 4262 2970 4332; x_wconf 78' lang='grc' dir='ltr'>μή</span> <span class='ocrx_word' id='word_1_674' title='bbox 3005 4259 3254 4329; x_wconf 70' lang='grc' dir='ltr'>θελῃτὸν,</span> <span class='ocrx_word' id='word_1_675' title='bbox 3284 4259 3346 4312; x_wconf 83' lang='grc' dir='ltr'>τὸ</span> <span class='ocrx_word' id='word_1_676' title='bbox 3396 4260 3492 4331; x_wconf 78' lang='grc' dir='ltr'><strong>ζῇν</strong></span> <span class='ocrx_word' id='word_1_677' title='bbox 3542 4253 3792 4334; x_wconf 65' lang='grc' dir='ltr'>ἐφημένῃ</span> 
     </span>
    </p>
   </div>
   <div class='ocr_carea' id='block_1_94' title="bbox 2154 4345 3794 4424">
    <p class='ocr_par' dir='ltr' id='par_1_94' title="bbox 2154 4345 3794 4424">
     <span class='ocr_line' id='line_1_94' title="bbox 2154 4345 3794 4424; baseline -0.006 -17"><span class='ocrx_word' id='word_1_678' title='bbox 2154 4350 2438 4423; x_wconf 72' lang='grc' dir='ltr'>διηνεκῶς.</span> <span class='ocrx_word' id='word_1_679' title='bbox 2487 4352 2574 4413; x_wconf 84' lang='grc' dir='ltr'>Ὡς</span> <span class='ocrx_word' id='word_1_680' title='bbox 2628 4348 2685 4405; x_wconf 73' lang='grc' dir='ltr'>δὲ</span> <span class='ocrx_word' id='word_1_681' title='bbox 2732 4355 2836 4405; x_wconf 85' lang='grc' dir='ltr'><strong>τῶν</strong></span> <span class='ocrx_word' id='word_1_682' title='bbox 2881 4350 3179 4424; x_wconf 67' lang='grc' dir='ltr'>εἰρημένων</span> <span class='ocrx_word' id='word_1_683' title='bbox 3228 4353 3449 4418; x_wconf 81' lang='grc' dir='ltr'>συνῆκε,</span> <span class='ocrx_word' id='word_1_684' title='bbox 3492 4346 3581 4400; x_wconf 90' lang='grc' dir='ltr'>τὸν</span> <span class='ocrx_word' id='word_1_685' title='bbox 3628 4345 3794 4398; x_wconf 82' lang='grc' dir='ltr'>κατό-</span> 
     </span>
    </p>
   </div>
   <div class='ocr_carea' id='block_1_95' title="bbox 2154 4434 3797 4512">
    <p class='ocr_par' dir='ltr' id='par_1_95' title="bbox 2154 4434 3797 4512">
     <span class='ocr_line' id='line_1_95' title="bbox 2154 4434 3797 4512; baseline -0.006 -16"><span class='ocrx_word' id='word_1_686' title='bbox 2154 4462 2245 4496; x_wconf 87' lang='grc' dir='ltr'><strong>πιν</strong></span> <span class='ocrx_word' id='word_1_687' title='bbox 2277 4440 2543 4512; x_wconf 73' lang='grc' dir='ltr'>ἑπόμενον</span> <span class='ocrx_word' id='word_1_688' title='bbox 2585 4440 2765 4508; x_wconf 77' lang='grc' dir='ltr'>Ἰησοῦ</span> <span class='ocrx_word' id='word_1_689' title='bbox 2810 4439 3133 4511; x_wconf 86' lang='grc' dir='ltr'>θεασάμενος</span> <span class='ocrx_word' id='word_1_690' title='bbox 3180 4437 3273 4491; x_wconf 84' lang='grc' dir='ltr'>τὸν</span> <span class='ocrx_word' id='word_1_691' title='bbox 3327 4434 3639 4505; x_wconf 80' lang='grc' dir='ltr'>ἒπιστήθιον</span> <span class='ocrx_word' id='word_1_692' title='bbox 3686 4454 3797 4507; x_wconf 79' lang='grc' dir='ltr'>μα-</span> 
     </span>
    </p>
   </div>
   <div class='ocr_carea' id='block_1_96' title="bbox 395 4513 2028 4602">
    <p class='ocr_par' dir='ltr' id='par_1_96' title="bbox 395 4513 2028 4596">
     <span class='ocr_line' id='line_1_96' title="bbox 395 4513 2028 4596; baseline -0.01 -13"><span class='ocrx_word' id='word_1_693' title='bbox 395 4527 456 4583; x_wconf 92' lang='lat' dir='ltr'><strong>ld</strong></span> <span class='ocrx_word' id='word_1_694' title='bbox 481 4541 737 4596; x_wconf 88' lang='lat' dir='ltr'><strong>namque</strong></span> <span class='ocrx_word' id='word_1_695' title='bbox 772 4522 961 4578; x_wconf 90' lang='lat' dir='ltr'><strong>innuit</strong></span> <span class='ocrx_word' id='word_1_696' title='bbox 998 4520 1237 4575; x_wconf 88' lang='lat' dir='ltr'><strong>verbum</strong></span> <span class='ocrx_word' id='word_1_697' title='bbox 1280 4518 1444 4582; x_wconf 86' lang='lat' dir='ltr'><strong>illud,</strong></span> <span class='ocrx_word' id='word_1_698' title='bbox 1497 4515 1791 4585; x_wconf 87' lang='lat' dir='ltr'><strong>juniorem</strong></span> <span class='ocrx_word' id='word_1_699' title='bbox 1847 4513 2028 4584; x_wconf 86' lang='lat' dir='ltr'><strong>ipsum</strong></span> 
     </span>
    </p>
   </div>
   <div class='ocr_carea' id='block_1_97' title="bbox 2140 4513 3791 4602">
    <p class='ocr_par' dir='ltr' id='par_1_97' title="bbox 2151 4522 3791 4602">
     <span class='ocr_line' id='line_1_97' title="bbox 2151 4522 3791 4602; baseline -0.002 -19"><span class='ocrx_word' id='word_1_700' title='bbox 2151 4531 2345 4600; x_wconf 76' lang='grc' dir='ltr'>θητήν,</span> <span class='ocrx_word' id='word_1_701' title='bbox 2377 4529 2467 4583; x_wconf 83' lang='grc' dir='ltr'><strong>καὶ</strong></span> <span class='ocrx_word' id='word_1_702' title='bbox 2521 4529 2644 4602; x_wconf 85' lang='grc' dir='ltr'>περὶ</span> <span class='ocrx_word' id='word_1_703' title='bbox 2700 4534 2799 4597; x_wconf 76' lang='grc' dir='ltr'>τῆς</span> <span class='ocrx_word' id='word_1_704' title='bbox 2853 4525 3111 4595; x_wconf 77' lang='grc' dir='ltr'>τελευτῆς</span> <span class='ocrx_word' id='word_1_705' title='bbox 3153 4524 3359 4581; x_wconf 78' lang='grc' dir='ltr'>ἐκείνου</span> <span class='ocrx_word' id='word_1_706' title='bbox 3393 4522 3791 4579; x_wconf 73' lang='grc' dir='ltr'>διεπυνθάνετο.</span> 
     </span>
    </p>
   </div>
   <div class='ocr_carea' id='block_1_98' title="bbox 400 4605 2038 4689">
    <p class='ocr_par' dir='ltr' id='par_1_98' title="bbox 400 4605 2038 4689">
     <span class='ocr_line' id='line_1_98' title="bbox 400 4605 2038 4689; baseline -0.01 -17"><span class='ocrx_word' id='word_1_707' title='bbox 400 4615 657 4689; x_wconf 89' lang='lat' dir='ltr'><strong>quidem,</strong></span> <span class='ocrx_word' id='word_1_708' title='bbox 690 4627 1037 4685; x_wconf 90' lang='lat' dir='ltr'><strong>quocunque</strong></span> <span class='ocrx_word' id='word_1_709' title='bbox 1064 4608 1359 4676; x_wconf 81' lang='lat' dir='ltr'><strong>voluisset,</strong></span> <span class='ocrx_word' id='word_1_710' title='bbox 1390 4605 1584 4671; x_wconf 89' lang='lat' dir='ltr'><strong>ivisse,</strong></span> <span class='ocrx_word' id='word_1_711' title='bbox 1616 4619 1814 4659; x_wconf 88' lang='lat' dir='ltr'><strong>senem</strong></span> <span class='ocrx_word' id='word_1_712' title='bbox 1845 4607 2038 4658; x_wconf 90' lang='lat' dir='ltr'><strong>autem</strong></span> 
     </span>
    </p>
   </div>
   <div class='ocr_carea' id='block_1_99' title="bbox 400 4691 2040 4766">
    <p class='ocr_par' dir='ltr' id='par_1_99' title="bbox 400 4691 2040 4766">
     <span class='ocr_line' id='line_1_99' title="bbox 400 4691 2040 4766; baseline -0.01 -6"><span class='ocrx_word' id='word_1_713' title='bbox 400 4703 498 4761; x_wconf 87' lang='lat' dir='ltr'><strong>alii</strong></span> <span class='ocrx_word' id='word_1_714' title='bbox 534 4720 739 4759; x_wconf 88' lang='lat' dir='ltr'><strong>manus</strong></span> <span class='ocrx_word' id='word_1_715' title='bbox 785 4702 856 4757; x_wconf 94' lang='lat' dir='ltr'><strong>ad</strong></span> <span class='ocrx_word' id='word_1_716' title='bbox 896 4698 1272 4756; x_wconf 89' lang='lat' dir='ltr'><strong>vinciendum</strong></span> <span class='ocrx_word' id='word_1_717' title='bbox 1331 4693 1738 4766; x_wconf 59' lang='lat' dir='ltr'><strong>praebiturum,</strong></span> <span class='ocrx_word' id='word_1_718' title='bbox 1767 4691 2040 4761; x_wconf 88' lang='lat' dir='ltr'><strong>viamque</strong></span> 
     </span>
    </p>
   </div>
   <div class='ocr_carea' id='block_1_100' title="bbox 395 4783 2039 4858">
    <p class='ocr_par' dir='ltr' id='par_1_100' title="bbox 395 4783 2039 4858">
     <span class='ocr_line' id='line_1_100' title="bbox 395 4783 2039 4858; baseline -0.01 -8"><span class='ocrx_word' id='word_1_719' title='bbox 395 4795 467 4850; x_wconf 89' lang='lat' dir='ltr'><strong>ad</strong></span> <span class='ocrx_word' id='word_1_720' title='bbox 502 4796 745 4848; x_wconf 89' lang='lat' dir='ltr'><strong>mortem</strong></span> <span class='ocrx_word' id='word_1_721' title='bbox 778 4790 1083 4855; x_wconf 85' lang='lat' dir='ltr'><strong>ferentem,</strong></span> <span class='ocrx_word' id='word_1_722' title='bbox 1128 4802 1304 4858; x_wconf 90' lang='lat' dir='ltr'><strong>quam</strong></span> <span class='ocrx_word' id='word_1_723' title='bbox 1358 4790 1587 4850; x_wconf 90' lang='lat' dir='ltr'><strong>natura,</strong></span> <span class='ocrx_word' id='word_1_724' title='bbox 1635 4783 1809 4837; x_wconf 89' lang='lat' dir='ltr'><strong>vitam</strong></span> <span class='ocrx_word' id='word_1_725' title='bbox 1860 4795 2039 4851; x_wconf 88' lang='lat' dir='ltr'><strong>quam</strong></span> 
     </span>
    </p>
   </div>
   <div class='ocr_carea' id='block_1_101' title="bbox 392 4868 2039 4953">
    <p class='ocr_par' dir='ltr' id='par_1_101' title="bbox 392 4868 2039 4953">
     <span class='ocr_line' id='line_1_101' title="bbox 392 4868 2039 4953; baseline -0.009 -16"><span class='ocrx_word' id='word_1_726' title='bbox 392 4881 732 4953; x_wconf 90' lang='lat' dir='ltr'><strong>longissime</strong></span> <span class='ocrx_word' id='word_1_727' title='bbox 787 4880 1105 4949; x_wconf 88' lang='lat' dir='ltr'><strong>producere</strong></span> <span class='ocrx_word' id='word_1_728' title='bbox 1167 4875 1428 4946; x_wconf 89' lang='lat' dir='ltr'><strong>cupiens,</strong></span> <span class='ocrx_word' id='word_1_729' title='bbox 1497 4871 1852 4936; x_wconf 89' lang='lat' dir='ltr'><strong>abhorreret,</strong></span> <span class='ocrx_word' id='word_1_730' title='bbox 1921 4868 2039 4923; x_wconf 88' lang='lat' dir='ltr'><strong>itu-</strong></span> 
     </span>
    </p>
   </div>
   <div class='ocr_carea' id='block_1_102' title="bbox 393 4958 2037 5035">
    <p class='ocr_par' dir='ltr' id='par_1_102' title="bbox 393 4958 2037 5035">
     <span class='ocr_line' id='line_1_102' title="bbox 393 4958 2037 5035; baseline -0.01 -8"><span class='ocrx_word' id='word_1_731' title='bbox 393 4987 546 5028; x_wconf 90' lang='lat' dir='ltr'><strong>rum.</strong></span> <span class='ocrx_word' id='word_1_732' title='bbox 597 4968 884 5025; x_wconf 89' lang='lat' dir='ltr'><strong>lntellexit</strong></span> <span class='ocrx_word' id='word_1_733' title='bbox 952 4967 1049 5022; x_wconf 91' lang='lat' dir='ltr'><strong>ille</strong></span> <span class='ocrx_word' id='word_1_734' title='bbox 1124 4982 1250 5035; x_wconf 76' lang='lat' dir='ltr'><strong>quae</strong></span> <span class='ocrx_word' id='word_1_735' title='bbox 1307 4963 1465 5018; x_wconf 89' lang='lat' dir='ltr'><strong>dicta</strong></span> <span class='ocrx_word' id='word_1_736' title='bbox 1535 4962 1781 5023; x_wconf 79' lang='lat' dir='ltr'><strong>fuerant,</strong></span> <span class='ocrx_word' id='word_1_737' title='bbox 1839 4964 1894 5014; x_wconf 90' lang='lat' dir='ltr'><strong>et</strong></span> <span class='ocrx_word' id='word_1_738' title='bbox 1949 4958 2037 5012; x_wconf 91' lang='lat' dir='ltr'><strong>di-</strong></span> 
     </span>
    </p>
   </div>
   <div class='ocr_carea' id='block_1_103' title="bbox 395 5047 2037 5131">
    <p class='ocr_par' dir='ltr' id='par_1_103' title="bbox 395 5047 2037 5131">
     <span class='ocr_line' id='line_1_103' title="bbox 395 5047 2037 5131; baseline -0.011 -15"><span class='ocrx_word' id='word_1_739' title='bbox 395 5060 690 5131; x_wconf 89' lang='lat' dir='ltr'><strong>scipulum</strong></span> <span class='ocrx_word' id='word_1_740' title='bbox 753 5074 886 5112; x_wconf 91' lang='lat' dir='ltr'><strong>eum</strong></span> <span class='ocrx_word' id='word_1_741' title='bbox 945 5055 1044 5128; x_wconf 88' lang='lat' dir='ltr'><strong>qui</strong></span> <span class='ocrx_word' id='word_1_742' title='bbox 1090 5070 1267 5125; x_wconf 90' lang='lat' dir='ltr'><strong>super</strong></span> <span class='ocrx_word' id='word_1_743' title='bbox 1332 5055 1534 5123; x_wconf 89' lang='lat' dir='ltr'><strong>peetus</strong></span> <span class='ocrx_word' id='word_1_744' title='bbox 1597 5047 1823 5102; x_wconf 88' lang='lat' dir='ltr'><strong>Domini</strong></span> <span class='ocrx_word' id='word_1_745' title='bbox 1874 5062 2037 5100; x_wconf 90' lang='lat' dir='ltr'><strong>recu-</strong></span> 
     </span>
    </p>
   </div>
   <div class='ocr_carea' id='block_1_104' title="bbox 396 5135 2041 5218">
    <p class='ocr_par' dir='ltr' id='par_1_104' title="bbox 396 5135 2041 5218">
     <span class='ocr_line' id='line_1_104' title="bbox 396 5135 2041 5218; baseline -0.01 -12"><span class='ocrx_word' id='word_1_746' title='bbox 396 5150 599 5206; x_wconf 90' lang='lat' dir='ltr'><strong>buerat</strong></span> <span class='ocrx_word' id='word_1_747' title='bbox 660 5164 807 5218; x_wconf 90' lang='lat' dir='ltr'><strong>pone</strong></span> <span class='ocrx_word' id='word_1_748' title='bbox 853 5149 1191 5216; x_wconf 88' lang='lat' dir='ltr'><strong>sequentem</strong></span> <span class='ocrx_word' id='word_1_749' title='bbox 1249 5142 1411 5197; x_wconf 90' lang='lat' dir='ltr'><strong>vidit.</strong></span> <span class='ocrx_word' id='word_1_750' title='bbox 1454 5140 1653 5210; x_wconf 87' lang='lat' dir='ltr'><strong>Itaque</strong></span> <span class='ocrx_word' id='word_1_751' title='bbox 1708 5141 1765 5191; x_wconf 93' lang='lat' dir='ltr'><strong>et</strong></span> <span class='ocrx_word' id='word_1_752' title='bbox 1813 5135 1884 5191; x_wconf 89' lang='lat' dir='ltr'><strong>de</strong></span> <span class='ocrx_word' id='word_1_753' title='bbox 1929 5136 2041 5190; x_wconf 77' lang='lat' dir='ltr'><strong>line</strong></span> 
     </span>
    </p>
   </div>
   <div class='ocr_carea' id='block_1_105' title="bbox 397 5226 2037 5309">
    <p class='ocr_par' dir='ltr' id='par_1_105' title="bbox 397 5226 2037 5309">
     <span class='ocr_line' id='line_1_105' title="bbox 397 5226 2037 5309; baseline -0.009 -18"><span class='ocrx_word' id='word_1_754' title='bbox 397 5237 677 5309; x_wconf 88' lang='lat' dir='ltr'><strong>obituque</strong></span> <span class='ocrx_word' id='word_1_755' title='bbox 733 5238 862 5304; x_wconf 81' lang='lat' dir='ltr'><strong>ejus</strong></span> <span class='ocrx_word' id='word_1_756' title='bbox 911 5231 1192 5305; x_wconf 51' lang='lat' dir='ltr'><strong>qutesivit.</strong></span> <span class='ocrx_word' id='word_1_757' title='bbox 1251 5230 1534 5284; x_wconf 71' lang='lat' dir='ltr'><strong>Caeterum</strong></span> <span class='ocrx_word' id='word_1_758' title='bbox 1596 5226 1897 5289; x_wconf 88' lang='lat' dir='ltr'><strong>Dominus,</strong></span> <span class='ocrx_word' id='word_1_759' title='bbox 1952 5239 2037 5289; x_wconf 87' lang='lat' dir='ltr'><strong>eo,</strong></span> 
     </span>
    </p>
   </div>
   <div class='ocr_carea' id='block_1_106' title="bbox 396 5312 2040 5397">
    <p class='ocr_par' dir='ltr' id='par_1_106' title="bbox 396 5312 2040 5397">
     <span class='ocr_line' id='line_1_106' title="bbox 396 5312 2040 5397; baseline -0.01 -16"><span class='ocrx_word' id='word_1_760' title='bbox 396 5326 550 5397; x_wconf 91' lang='lat' dir='ltr'><strong>quod</strong></span> <span class='ocrx_word' id='word_1_761' title='bbox 585 5332 798 5381; x_wconf 87' lang='lat' dir='ltr'><strong>temere</strong></span> <span class='ocrx_word' id='word_1_762' title='bbox 829 5330 884 5379; x_wconf 86' lang='lat' dir='ltr'><strong>et</strong></span> <span class='ocrx_word' id='word_1_763' title='bbox 917 5328 1129 5378; x_wconf 80' lang='lat' dir='ltr'><strong>frustra</strong></span> <span class='ocrx_word' id='word_1_764' title='bbox 1186 5335 1393 5374; x_wconf 85' lang='lat' dir='ltr'><strong>arcana</strong></span> <span class='ocrx_word' id='word_1_765' title='bbox 1442 5314 1836 5372; x_wconf 81' lang='lat' dir='ltr'><strong>inscrutabilis</strong></span> <span class='ocrx_word' id='word_1_766' title='bbox 1879 5312 2040 5382; x_wconf 85' lang='lat' dir='ltr'><strong>judi-</strong></span> 
     </span>
    </p>
   </div>
   <div class='ocr_carea' id='block_1_107' title="bbox 398 5401 2041 5484">
    <p class='ocr_par' dir='ltr' id='par_1_107' title="bbox 398 5401 2041 5484">
     <span class='ocr_line' id='line_1_107' title="bbox 398 5401 2041 5484; baseline -0.009 -15"><span class='ocrx_word' id='word_1_767' title='bbox 398 5412 473 5469; x_wconf 90' lang='lat' dir='ltr'><strong>cii</strong></span> <span class='ocrx_word' id='word_1_768' title='bbox 523 5413 619 5469; x_wconf 90' lang='lat' dir='ltr'><strong>Dei</strong></span> <span class='ocrx_word' id='word_1_769' title='bbox 645 5413 939 5484; x_wconf 90' lang='lat' dir='ltr'><strong>inquirere</strong></span> <span class='ocrx_word' id='word_1_770' title='bbox 959 5416 1014 5467; x_wconf 87' lang='lat' dir='ltr'><strong>et</strong></span> <span class='ocrx_word' id='word_1_771' title='bbox 1041 5408 1389 5480; x_wconf 86' lang='lat' dir='ltr'><strong>investigare</strong></span> <span class='ocrx_word' id='word_1_772' title='bbox 1438 5405 1624 5474; x_wconf 89' lang='lat' dir='ltr'><strong>vellet,</strong></span> <span class='ocrx_word' id='word_1_773' title='bbox 1687 5403 1881 5460; x_wconf 90' lang='lat' dir='ltr'><strong>aerius</strong></span> <span class='ocrx_word' id='word_1_774' title='bbox 1938 5401 2041 5455; x_wconf 92' lang='lat' dir='ltr'><strong>ob-</strong></span> 
     </span>
    </p>
   </div>
   <div class='ocr_carea' id='block_1_108' title="bbox 391 5492 2040 5575">
    <p class='ocr_par' dir='ltr' id='par_1_108' title="bbox 391 5492 2040 5575">
     <span class='ocr_line' id='line_1_108' title="bbox 391 5492 2040 5575; baseline -0.009 -15"><span class='ocrx_word' id='word_1_775' title='bbox 391 5503 628 5575; x_wconf 86' lang='lat' dir='ltr'><strong>jurgato</strong></span> <span class='ocrx_word' id='word_1_776' title='bbox 660 5519 673 5559; x_wconf 90' lang='lat'>:</span> <span class='ocrx_word' id='word_1_777' title='bbox 706 5501 762 5556; x_wconf 90' lang='lat' dir='ltr'><strong>Si</strong></span> <span class='ocrx_word' id='word_1_778' title='bbox 792 5517 947 5568; x_wconf 89' lang='lat' dir='ltr'><strong>eum,</strong></span> <span class='ocrx_word' id='word_1_779' title='bbox 980 5498 1189 5571; x_wconf 88' lang='lat' dir='ltr'><strong>inquit,</strong></span> <span class='ocrx_word' id='word_1_780' title='bbox 1212 5496 1342 5553; x_wconf 89' lang='lat' dir='ltr'><strong>volo</strong></span> <span class='ocrx_word' id='word_1_781' title='bbox 1373 5496 1431 5551; x_wconf 87' lang='lat' dir='ltr'><strong>in</strong></span> <span class='ocrx_word' id='word_1_782' title='bbox 1466 5492 1731 5566; x_wconf 66' lang='lat' dir='ltr'><strong>praesenti</strong></span> <span class='ocrx_word' id='word_1_783' title='bbox 1761 5492 1878 5548; x_wconf 81' lang='lat' dir='ltr'><strong>vita</strong></span> <span class='ocrx_word' id='word_1_784' title='bbox 1907 5506 2040 5546; x_wconf 89' lang='lat' dir='ltr'><strong>cum</strong></span> 
     </span>
    </p>
   </div>
   <div class='ocr_carea' id='block_1_109' title="bbox 396 5578 2012 5663">
    <p class='ocr_par' dir='ltr' id='par_1_109' title="bbox 396 5578 2012 5663">
     <span class='ocr_line' id='line_1_109' title="bbox 396 5578 2012 5663; baseline -0.009 -15"><span class='ocrx_word' id='word_1_785' title='bbox 396 5605 640 5663; x_wconf 89' lang='lat' dir='ltr'><strong>corpore</strong></span> <span class='ocrx_word' id='word_1_786' title='bbox 687 5604 943 5659; x_wconf 89' lang='lat' dir='ltr'><strong>manere,</strong></span> <span class='ocrx_word' id='word_1_787' title='bbox 974 5589 1155 5644; x_wconf 90' lang='lat' dir='ltr'><strong>donec</strong></span> <span class='ocrx_word' id='word_1_788' title='bbox 1184 5584 1409 5642; x_wconf 83' lang='lat' dir='ltr'><strong>veniam</strong></span> <span class='ocrx_word' id='word_1_789' title='bbox 1441 5584 1666 5656; x_wconf 90' lang='lat' dir='ltr'><strong>(casum</strong></span> <span class='ocrx_word' id='word_1_790' title='bbox 1714 5578 2012 5649; x_wconf 79' lang='lat' dir='ltr'><strong>Hierosoly</strong></span> 
     </span>
    </p>
   </div>
   <div class='ocr_carea' id='block_1_110' title="bbox 2150 4612 3796 4691">
    <p class='ocr_par' dir='ltr' id='par_1_110' title="bbox 2150 4612 3796 4691">
     <span class='ocr_line' id='line_1_110' title="bbox 2150 4612 3796 4691; baseline -0.005 -18"><span class='ocrx_word' id='word_1_791' title='bbox 2150 4623 2207 4673; x_wconf 89' lang='grc' dir='ltr'>Ὃ</span> <span class='ocrx_word' id='word_1_792' title='bbox 2258 4617 2303 4673; x_wconf 84' lang='grc' dir='ltr'>δ’</span> <span class='ocrx_word' id='word_1_793' title='bbox 2334 4618 2407 4680; x_wconf 85' lang='grc' dir='ltr'>ὡς</span> <span class='ocrx_word' id='word_1_794' title='bbox 2461 4617 2634 4691; x_wconf 85' lang='grc' dir='ltr'>μάτην</span> <span class='ocrx_word' id='word_1_795' title='bbox 2683 4615 2774 4672; x_wconf 74' lang='grc' dir='ltr'><strong>καὶ</strong></span> <span class='ocrx_word' id='word_1_796' title='bbox 2818 4615 2937 4686; x_wconf 64' lang='lat' dir='ltr'><strong>six-7,</strong></span> <span class='ocrx_word' id='word_1_797' title='bbox 2987 4619 3102 4679; x_wconf 86' lang='grc' dir='ltr'>τοῖς</span> <span class='ocrx_word' id='word_1_798' title='bbox 3140 4612 3446 4691; x_wconf 80' lang='grc' dir='ltr'>ἂνεφίκτοις</span> <span class='ocrx_word' id='word_1_799' title='bbox 3501 4617 3607 4666; x_wconf 88' lang='grc' dir='ltr'><strong>τῶν</strong></span> <span class='ocrx_word' id='word_1_800' title='bbox 3657 4614 3796 4665; x_wconf 80' lang='grc' dir='ltr'>Θεοῦ</span> 
     </span>
    </p>
   </div>
   <div class='ocr_carea' id='block_1_111' title="bbox 2149 4699 3798 4782">
    <p class='ocr_par' dir='ltr' id='par_1_111' title="bbox 2149 4699 3798 4782">
     <span class='ocr_line' id='line_1_111' title="bbox 2149 4699 3798 4782; baseline -0.005 -20"><span class='ocrx_word' id='word_1_801' title='bbox 2149 4708 2432 4781; x_wconf 75' lang='grc' dir='ltr'>κριμάτων</span> <span class='ocrx_word' id='word_1_802' title='bbox 2478 4706 2540 4762; x_wconf 86' lang='grc' dir='ltr'>τὸ</span> <span class='ocrx_word' id='word_1_803' title='bbox 2595 4706 2757 4782; x_wconf 80' lang='grc' dir='ltr'>βάθος</span> <span class='ocrx_word' id='word_1_804' title='bbox 2806 4703 3062 4779; x_wconf 82' lang='grc' dir='ltr'>ἀναδιρᾷν</span> <span class='ocrx_word' id='word_1_805' title='bbox 3090 4704 3180 4759; x_wconf 83' lang='grc' dir='ltr'><strong>καὶ</strong></span> <span class='ocrx_word' id='word_1_806' title='bbox 3212 4703 3531 4782; x_wconf 78' lang='grc' dir='ltr'>έξιχνιάζειν</span> <span class='ocrx_word' id='word_1_807' title='bbox 3582 4699 3798 4757; x_wconf 75' lang='grc' dir='ltr'>ἐθέλον-</span> 
     </span>
    </p>
   </div>
   <div class='ocr_carea' id='block_1_112' title="bbox 2147 4788 3791 4872">
    <p class='ocr_par' dir='ltr' id='par_1_112' title="bbox 2147 4788 3791 4872">
     <span class='ocr_line' id='line_1_112' title="bbox 2147 4788 3791 4872; baseline -0.005 -21"><span class='ocrx_word' id='word_1_808' title='bbox 2147 4818 2215 4851; x_wconf 88' lang='grc' dir='ltr'><strong>τα</strong></span> <span class='ocrx_word' id='word_1_809' title='bbox 2270 4794 2651 4864; x_wconf 82' lang='grc' dir='ltr'>ἐπισκώπτων,</span> <span class='ocrx_word' id='word_1_810' title='bbox 2683 4796 2809 4851; x_wconf 78' lang='lat' dir='ltr'><strong>&#39;an</strong></span> <span class='ocrx_word' id='word_1_811' title='bbox 2860 4794 3038 4860; x_wconf 77' lang='grc' dir='ltr'>αὐτὸν,</span> <span class='ocrx_word' id='word_1_812' title='bbox 3080 4792 3234 4872; x_wconf 67' lang='grc' dir='ltr'>φησὶ,</span> <span class='ocrx_word' id='word_1_813' title='bbox 3265 4791 3410 4848; x_wconf 82' lang='grc' dir='ltr'>θέλω</span> <span class='ocrx_word' id='word_1_814' title='bbox 3466 4794 3534 4865; x_wconf 80' lang='grc' dir='ltr'>τῇ</span> <span class='ocrx_word' id='word_1_815' title='bbox 3579 4788 3791 4865; x_wconf 78' lang='grc' dir='ltr'>παρού-</span> 
     </span>
    </p>
   </div>
   <div class='ocr_carea' id='block_1_113' title="bbox 2153 4876 3798 4959">
    <p class='ocr_par' dir='ltr' id='par_1_113' title="bbox 2153 4876 3798 4959">
     <span class='ocr_line' id='line_1_113' title="bbox 2153 4876 3798 4959; baseline -0.005 -20"><span class='ocrx_word' id='word_1_816' title='bbox 2153 4906 2217 4958; x_wconf 82' lang='grc' dir='ltr'>σῃ</span> <span class='ocrx_word' id='word_1_817' title='bbox 2261 4883 2507 4957; x_wconf 78' lang='grc' dir='ltr'>ἐμμένειν</span> <span class='ocrx_word' id='word_1_818' title='bbox 2555 4885 2668 4956; x_wconf 81' lang='grc' dir='ltr'>ξωῇ</span> <span class='ocrx_word' id='word_1_819' title='bbox 2723 4884 2857 4955; x_wconf 79' lang='grc' dir='ltr'>μετᾶ</span> <span class='ocrx_word' id='word_1_820' title='bbox 2905 4884 3157 4956; x_wconf 82' lang='grc' dir='ltr'>σώματος</span> <span class='ocrx_word' id='word_1_821' title='bbox 3203 4878 3307 4944; x_wconf 74' lang='grc' dir='ltr'>ἓως</span> <span class='ocrx_word' id='word_1_822' title='bbox 3351 4879 3612 4959; x_wconf 80' lang='grc' dir='ltr'>ἔρχομαι,</span> <span class='ocrx_word' id='word_1_823' title='bbox 3643 4876 3798 4950; x_wconf 80' lang='grc' dir='ltr'>ἐπεξ-</span> 
     </span>
    </p>
   </div>
   <div class='ocr_carea' id='block_1_114' title="bbox 2156 4957 3800 5037">
    <p class='ocr_par' dir='ltr' id='par_1_114' title="bbox 2156 4957 3800 5037">
     <span class='ocr_line' id='line_1_114' title="bbox 2156 4957 3800 5037; baseline -0.005 -17"><span class='ocrx_word' id='word_1_824' title='bbox 2156 4966 2251 5020; x_wconf 85' lang='grc' dir='ltr'><strong>ιὼν</strong></span> <span class='ocrx_word' id='word_1_825' title='bbox 2300 4966 2365 5019; x_wconf 76' lang='grc' dir='ltr'><strong>τα</strong></span> <span class='ocrx_word' id='word_1_826' title='bbox 2412 4966 2548 5020; x_wconf 80' lang='grc' dir='ltr'>κατὰ</span> <span class='ocrx_word' id='word_1_827' title='bbox 2596 4966 2696 5034; x_wconf 77' lang='grc' dir='ltr'>τήν</span> <span class='ocrx_word' id='word_1_828' title='bbox 2728 4963 3116 5037; x_wconf 78' lang='grc' dir='ltr'>Ἰερουσαλὴμ,</span> <span class='ocrx_word' id='word_1_829' title='bbox 3147 4962 3182 5032; x_wconf 75' lang='grc' dir='ltr'><strong>ἢ</strong></span> <span class='ocrx_word' id='word_1_830' title='bbox 3231 4965 3322 5017; x_wconf 76' lang='lat' dir='ltr'><strong>xui</strong></span> <span class='ocrx_word' id='word_1_831' title='bbox 3368 4957 3537 5035; x_wconf 66' lang='grc' dir='ltr'>ἐντῇ</span> <span class='ocrx_word' id='word_1_832' title='bbox 3575 4957 3800 5031; x_wconf 76' lang='grc' dir='ltr'>δευτέρᾳ</span> 
     </span>
    </p>
   </div>
   <div class='ocr_carea' id='block_1_115' title="bbox 2154 5037 3799 5118">
    <p class='ocr_par' dir='ltr' id='par_1_115' title="bbox 2154 5037 3799 5118">
     <span class='ocr_line' id='line_1_115' title="bbox 2154 5037 3799 5118; baseline -0.004 -18"><span class='ocrx_word' id='word_1_833' title='bbox 2154 5042 2370 5114; x_wconf 79' lang='grc' dir='ltr'>δηλαδὴ</span> <span class='ocrx_word' id='word_1_834' title='bbox 2439 5044 2728 5118; x_wconf 82' lang='grc' dir='ltr'>παρουσίᾳ,</span> <span class='ocrx_word' id='word_1_835' title='bbox 2785 5043 2837 5097; x_wconf 90' lang='grc' dir='ltr'><strong>τί</strong></span> <span class='ocrx_word' id='word_1_836' title='bbox 2885 5047 3048 5097; x_wconf 75' lang='grc' dir='ltr'>τοῦτο</span> <span class='ocrx_word' id='word_1_837' title='bbox 3120 5043 3256 5118; x_wconf 87' lang='grc' dir='ltr'>πρὸς</span> <span class='ocrx_word' id='word_1_838' title='bbox 3313 5039 3407 5109; x_wconf 76' lang='grc' dir='ltr'>σὲς</span> <span class='ocrx_word' id='word_1_839' title='bbox 3470 5040 3566 5107; x_wconf 83' lang='grc' dir='ltr'><strong>Σὺ,</strong></span> <span class='ocrx_word' id='word_1_840' title='bbox 3616 5037 3799 5100; x_wconf 85' lang='grc' dir='ltr'>καθὼς</span> 
     </span>
    </p>
   </div>
   <div class='ocr_carea' id='block_1_116' title="bbox 2154 5128 3800 5208">
    <p class='ocr_par' dir='ltr' id='par_1_116' title="bbox 2154 5128 3800 5208">
     <span class='ocr_line' id='line_1_116' title="bbox 2154 5128 3800 5208; baseline -0.003 -22"><span class='ocrx_word' id='word_1_841' title='bbox 2154 5132 2414 5207; x_wconf 78' lang='grc' dir='ltr'>ὡρίσθης,</span> <span class='ocrx_word' id='word_1_842' title='bbox 2473 5132 2790 5194; x_wconf 71' lang='grc' dir='ltr'>ἀκολούθως</span> <span class='ocrx_word' id='word_1_843' title='bbox 2849 5132 2973 5205; x_wconf 77' lang='grc' dir='ltr'>ἐμοὶ</span> <span class='ocrx_word' id='word_1_844' title='bbox 3030 5133 3165 5208; x_wconf 83' lang='grc' dir='ltr'>πρὸς</span> <span class='ocrx_word' id='word_1_845' title='bbox 3241 5131 3334 5187; x_wconf 83' lang='grc' dir='ltr'>τὸν</span> <span class='ocrx_word' id='word_1_846' title='bbox 3394 5129 3481 5184; x_wconf 82' lang='grc' dir='ltr'><strong>διὰ</strong></span> <span class='ocrx_word' id='word_1_847' title='bbox 3566 5128 3800 5202; x_wconf 86' lang='grc' dir='ltr'>σταυροῦ</span> 
     </span>
    </p>
   </div>
   <div class='ocr_carea' id='block_1_117' title="bbox 2154 5216 3797 5296">
    <p class='ocr_par' dir='ltr' id='par_1_117' title="bbox 2154 5216 3797 5296">
     <span class='ocr_line' id='line_1_117' title="bbox 2154 5216 3797 5296; baseline -0.004 -20"><span class='ocrx_word' id='word_1_848' title='bbox 2154 5225 2380 5277; x_wconf 87' lang='grc' dir='ltr'>θανατον</span> <span class='ocrx_word' id='word_1_849' title='bbox 2438 5221 2773 5296; x_wconf 77' lang='grc' dir='ltr'>εὖτρεπίζου.</span> <span class='ocrx_word' id='word_1_850' title='bbox 2808 5221 2934 5294; x_wconf 82' lang='grc' dir='ltr'><strong>Περί</strong></span> <span class='ocrx_word' id='word_1_851' title='bbox 2994 5220 3052 5275; x_wconf 72' lang='grc' dir='ltr'>δὲ</span> <span class='ocrx_word' id='word_1_852' title='bbox 3109 5222 3358 5276; x_wconf 79' lang='grc' dir='ltr'>Ἰωαννου</span> <span class='ocrx_word' id='word_1_853' title='bbox 3405 5216 3442 5288; x_wconf 73' lang='grc' dir='ltr'><strong>ἤ</strong></span> <span class='ocrx_word' id='word_1_854' title='bbox 3486 5238 3629 5278; x_wconf 86' lang='grc' dir='ltr'>τινος</span> <span class='ocrx_word' id='word_1_855' title='bbox 3686 5220 3797 5271; x_wconf 89' lang='grc' dir='ltr'><strong>τῶν</strong></span> 
     </span>
    </p>
   </div>
   <div class='ocr_carea' id='block_1_118' title="bbox 2154 5304 3795 5382">
    <p class='ocr_par' dir='ltr' id='par_1_118' title="bbox 2154 5304 3795 5382">
     <span class='ocr_line' id='line_1_118' title="bbox 2154 5304 3795 5382; baseline -0.006 -15"><span class='ocrx_word' id='word_1_856' title='bbox 2154 5310 2340 5367; x_wconf 75' lang='grc' dir='ltr'>ἄλλων</span> <span class='ocrx_word' id='word_1_857' title='bbox 2399 5309 2459 5364; x_wconf 84' lang='grc' dir='ltr'><strong>οὐ</strong></span> <span class='ocrx_word' id='word_1_858' title='bbox 2521 5311 2625 5378; x_wconf 74' lang='grc' dir='ltr'>σοὶ,</span> <span class='ocrx_word' id='word_1_859' title='bbox 2675 5308 2800 5364; x_wconf 84' lang='grc' dir='ltr'>ἀλλ’</span> <span class='ocrx_word' id='word_1_860' title='bbox 2862 5309 2985 5382; x_wconf 78' lang='grc' dir='ltr'>ἐμοὶ</span> <span class='ocrx_word' id='word_1_861' title='bbox 3048 5307 3297 5381; x_wconf 83' lang='grc' dir='ltr'>μελήσει.</span> <span class='ocrx_word' id='word_1_862' title='bbox 3361 5307 3648 5363; x_wconf 80' lang='grc' dir='ltr'>Κᾶντεῦθεν</span> <span class='ocrx_word' id='word_1_863' title='bbox 3708 5304 3795 5359; x_wconf 86' lang='lat' dir='ltr'><strong>xui</strong></span> 
     </span>
    </p>
   </div>
   <div class='ocr_carea' id='block_1_119' title="bbox 2154 5394 3800 5480">
    <p class='ocr_par' dir='ltr' id='par_1_119' title="bbox 2154 5394 3800 5480">
     <span class='ocr_line' id='line_1_119' title="bbox 2154 5394 3800 5480; baseline -0.005 -26"><span class='ocrx_word' id='word_1_864' title='bbox 2154 5403 2313 5480; x_wconf 78' lang='grc' dir='ltr'>φήμη</span> <span class='ocrx_word' id='word_1_865' title='bbox 2367 5396 2582 5469; x_wconf 78' lang='grc' dir='ltr'>διέπτη,</span> <span class='ocrx_word' id='word_1_866' title='bbox 2617 5398 2694 5471; x_wconf 80' lang='grc' dir='ltr'>μή</span> <span class='ocrx_word' id='word_1_867' title='bbox 2742 5397 2832 5452; x_wconf 89' lang='grc' dir='ltr'><strong>τὸν</strong></span> <span class='ocrx_word' id='word_1_868' title='bbox 2893 5398 3140 5470; x_wconf 78' lang='grc' dir='ltr'>μαθητὴν</span> <span class='ocrx_word' id='word_1_869' title='bbox 3187 5394 3386 5451; x_wconf 70' lang='grc' dir='ltr'>ἐκεῖνον</span> <span class='ocrx_word' id='word_1_870' title='bbox 3428 5395 3653 5450; x_wconf 88' lang='grc' dir='ltr'>θάνατον</span> <span class='ocrx_word' id='word_1_871' title='bbox 3701 5413 3800 5447; x_wconf 80' lang='grc' dir='ltr'>κα·</span> 
     </span>
    </p>
   </div>
   <div class='ocr_carea' id='block_1_120' title="bbox 2155 5479 3801 5564">
    <p class='ocr_par' dir='ltr' id='par_1_120' title="bbox 2155 5479 3801 5564">
     <span class='ocr_line' id='line_1_120' title="bbox 2155 5479 3801 5564; baseline -0.007 -19"><span class='ocrx_word' id='word_1_872' title='bbox 2155 5479 2346 5545; x_wconf 86' lang='grc' dir='ltr'>τιδεῖν.</span> <span class='ocrx_word' id='word_1_873' title='bbox 2378 5490 2484 5559; x_wconf 91' lang='grc' dir='ltr'><strong>Τήν</strong></span> <span class='ocrx_word' id='word_1_874' title='bbox 2538 5508 2601 5564; x_wconf 87' lang='grc' dir='ltr'><strong>γε</strong></span> <span class='ocrx_word' id='word_1_875' title='bbox 2650 5488 2758 5560; x_wconf 71' lang='grc' dir='ltr'>μὴν</span> <span class='ocrx_word' id='word_1_876' title='bbox 2805 5490 2912 5541; x_wconf 89' lang='grc' dir='ltr'><strong>τῶν</strong></span> <span class='ocrx_word' id='word_1_877' title='bbox 2963 5483 3190 5541; x_wconf 89' lang='grc' dir='ltr'>πολλῶν</span> <span class='ocrx_word' id='word_1_878' title='bbox 3241 5485 3496 5541; x_wconf 83' lang='grc' dir='ltr'>ὑπόνοιαν</span> <span class='ocrx_word' id='word_1_879' title='bbox 3542 5479 3801 5556; x_wconf 82' lang='grc' dir='ltr'>διορθού-</span> 
     </span>
    </p>
   </div>
   <div class='ocr_carea' id='block_1_121' title="bbox 2160 5570 3801 5653">
    <p class='ocr_par' dir='ltr' id='par_1_121' title="bbox 2160 5570 3801 5653">
     <span class='ocr_line' id='line_1_121' title="bbox 2160 5570 3801 5653; baseline -0.005 -19"><span class='ocrx_word' id='word_1_880' title='bbox 2160 5591 2315 5653; x_wconf 77' lang='grc' dir='ltr'>μενος</span> <span class='ocrx_word' id='word_1_881' title='bbox 2366 5577 2440 5640; x_wconf 82' lang='grc' dir='ltr'><strong>ὡς</strong></span> <span class='ocrx_word' id='word_1_882' title='bbox 2490 5575 2591 5631; x_wconf 76' lang='grc' dir='ltr'><strong>οὐκ</strong></span> <span class='ocrx_word' id='word_1_883' title='bbox 2648 5573 2909 5653; x_wconf 79' lang='grc' dir='ltr'>ἐγκαίρως</span> <span class='ocrx_word' id='word_1_884' title='bbox 2965 5572 3433 5646; x_wconf 80' lang='grc' dir='ltr'>ἐπαληθεύουσαν,</span> <span class='ocrx_word' id='word_1_885' title='bbox 3489 5570 3600 5627; x_wconf 83' lang='grc' dir='ltr'>Οὐκ</span> <span class='ocrx_word' id='word_1_886' title='bbox 3655 5570 3801 5625; x_wconf 76' lang='grc' dir='ltr'>εἶπεν</span> 
     </span>
    </p>
   </div>
  </div>
