4070 6274
292 401 414 461 741

1337 398 1963 464 ECCLESIASTICIE
2005 394 2398 460 HISTORle
2440 396 2585 459 LIB.
2631 397 2680 458 Ι.

3587 403 3708 464 ’142

294 532 471 608 αὐτῷ,
522 534 707 613 φησὶν,
758 533 786 587 ὁ
834 535 1068 604 Ἰησοῦς,
1118 532 1201 588 ὅτι
1264 532 1364 588 οὐκ
1418 532 1746 603 ἀποθνήσκει
1779 550 1792 565 ’
1851 531 1940 586 καὶ

2064 547 2303 600 morum,
2363 534 2462 585 aut
2525 529 2844 586 secundum
2893 529 3204 585 adventum
3258 545 3428 587 suum
3487 531 3710 588 scilicet

294 624 404 699 γὰρ
452 625 690 678 θανεῖται
744 624 838 697 μὲν
883 620 1075 691 ἐπίσης
1122 625 1191 694 τῇ
1241 623 1549 697 Θεομήτορι
1581 642 1595 653 ’
1650 621 1845 676 αὒτίκα
1889 617 1945 674 δὲ

299 712 524 783 ζήσεταί
564 733 624 767 τε
671 713 759 767 καί
807 712 1162 781 ἀναστήσεται
1212 711 1265 765 ἐν
1310 711 1564 785 ἀφθάρτῳ
1619 711 1784 764 οἱονεὶ
1834 711 1943 762 σώ-

301 823 457 875 ματι,
512 802 612 870 τὴν
688 799 938 875 δευτέραν
1005 806 1102 855 τοῦ
1179 799 1506 856 διδασκάλου
1581 798 1944 875 ἐκδεχόμενος

297 892 625 966 παρουσίαν.

2055 622 2352 692 innuens),
2385 618 2522 690 quid
2568 620 2625 674 id
2658 620 2725 674 ad
2757 624 2812 673 te
2848 619 2876 673 ?
2904 618 3012 686 Tu,
3063 621 3558 689 quemadmodum
3599 621 3703 677 tibi

2054 710 2431 765 constitutum
2467 716 2573 775 est,
2608 707 2804 761 itidem
2858 715 2921 761 ut
2952 724 3075 778 ego,
3106 711 3176 763 ad
3221 709 3410 764 crucis
3461 714 3708 766 mortem

2055 807 2108 854 te
2141 816 2297 870 pars.
2332 797 2410 853 De
2441 801 2665 853 Joanne
2705 812 2857 863 vero,
2893 802 2993 850 aut
3051 796 3249 867 aliquo
3287 799 3559 867 aliorum,
3591 814 3709 854 non

2056 887 2178 953 libi,
2212 886 2315 942 sed
2376 885 2517 940 mihi
2554 901 2709 939 cura;
2756 887 2881 939 erit.
2934 885 3120 955 Atque
3152 886 3286 941 inde
3336 888 3488 943 fama
3525 888 3707 944 inero.

294 982 450 1050 buit,
483 982 835 1053 discipulum
897 980 1062 1036 illum
1097 985 1341 1037 mortem
1391 999 1502 1037 non
1550 982 1839 1037 visurum.
1872 980 2054 1043 Quam
2108 976 2344 1047 quidem
2379 973 2697 1029 multorum
2729 973 3060 1043 opinionem
3108 978 3387 1046 tanquam
3422 976 3706 1045 importu-

298 1087 434 1127 nam
488 1072 794 1142 minusque
851 1087 1039 1126 veram
1082 1070 1209 1139 ipse
1257 1071 1574 1142 corrigens,
1621 1070 1745 1125 Non
1778 1070 1926 1124 dixit
1954 1068 2028 1132 ei,
2062 1065 2269 1137 inquit,
2299 1064 2491 1130 Jesus,
2543 1063 2692 1134 quod
2737 1063 3053 1118 moriturus
3081 1079 3194 1119 non
3228 1065 3343 1133 sit;
3396 1065 3711 1122 moriturus

297 1164 388 1217 est
436 1162 589 1216 enim
640 1177 726 1228 eo,
785 1178 900 1231 quo
951 1159 1049 1215 Dei
1105 1160 1384 1226 Genitrix,
1447 1163 1614 1215 modo

1676 1178 1689 1215 :
1742 1158 2052 1215 confestim
2110 1171 2244 1210 vero
2302 1153 2603 1210 reviviscet
2659 1170 2723 1208 ac
2746 1158 3027 1225 resurget,
3088 1154 3513 1227 incorruptibili
3563 1155 3713 1213 scili-

297 1255 393 1307 cet
422 1266 660 1321 corpore
684 1251 930 1306 alterum
965 1249 1230 1322 magistri
1262 1255 1705 1319 exspectaturua
1734 1250 2068 1304 adventum.

910 1361 1167 1411 ΚΕΦΑΛ.
1212 1356 1345 1429 Ag.

296 1470 400 1526 Ὠς
442 1465 836 1536 τελευταῖον
878 1465 973 1527 εἷς
1014 1466 1132 1536 τὴν
1175 1462 1546 1519 Γαλιλαίαν
1588 1458 1797 1536 ὤφθη,
1840 1462 1949 1536 καὶ

372 1536 439 1612 ἐν
466 1542 551 1610 τῷ
589 1534 913 1612 ὄρειλτῶν
957 1534 1671 1612 Ἐλαιῶν-γενόμενος,
1723 1534 1951 1612 givsz-

370 1605 648 1684 φθηεῖς
696 1608 1049 1683 οὐρανοὺς,
1092 1608 1200 1662 καὶ
1244 1605 1546 1662 ἐκάθισεν
1591 1607 1657 1662 ἐκ
1721 1605 1950 1676 δεξιῶν

368 1685 491 1734 106
531 1685 717 1739 Θεοῦ,

372 1789 625 1851 ”Επειτσ,
675 1787 811 1841 κατά
857 1787 948 1840 τὸν
1000 1785 1214 1860 ὑψηλὸν
1262 1787 1567 1855 Ματθαῖον,
1616 1783 1669 1839 ἔν
1716 1786 1795 1858 τῷ
1849 1791 1950 1854 τῆς

2640 1349 2869 1406 CAPUT
2899 1349 3131 1408 XXXVI.

2064 1458 2127 1515 Ut
2159 1463 2426 1516 postremo
2456 1456 2515 1512 in
2546 1456 2784 1513 Galilaza
2822 1457 2894 1512 sit
2925 1458 3072 1513 visus
3100 1474 3119 1512 :
3148 1462 3199 1513 et
3228 1474 3352 1514 cum
3382 1459 3439 1514 in
3468 1464 3708 1516 montem

2176 1529 2416 1584 livarum
2473 1528 2892 1597 conscendisset,
2965 1533 3216 1600 receptus
3275 1530 3332 1584 in
3386 1531 3583 1587 (mlum
3640 1534 3709 1588 ad

2129 1601 2382 1657 dextram
2413 1601 2871 1671 Deifconsederil‘.

2133 1782 2364 1849 Deinde,
2389 1781 2557 1851 juxta
2593 1780 2908 1836 sublimem
2955 1782 3310 1850 Matthmum,
3358 1783 3429 1838 ab
3460 1783 3544 1839 eis
3575 1799 3710 1839 con-

303 1872 614 1938 Γαλιλαίας
646 1874 760 1950 ὄρει
787 1876 1005 1937 τούτοις
1040 1875 1327 1931 ὀπτάνεται
1358 1893 1373 1908 ο
1403 1874 1464 1930 τό
1493 1895 1551 1929 τε
1580 1881 1679 1944 τῆς
1710 1873 1949 1944 ἐξουσίας

2064 1870 2302 1942 spicitur
2334 1869 2393 1925 in
2425 1869 2672 1925 Gslilaaas
2720 1874 2940 1936 monte,
2972 1878 3025 1925 et
3057 1870 3135 1926 ibi
3187 1888 3220 1924 a
3250 1872 3417 1927 Patre
3466 1877 3714 1944 potesta-

300 1964 503 2038 κράτος
548 1965 779 2039 ούρανοῦ
830 1966 915 2020 καί
951 1972 1055 2042 γῆς
1100 1961 1347 2019 δεδόσθαι
1391 1965 1527 2039 πρὸς
1572 1969 1668 2018 106
1700 1965 1933 2036 Πατρὸς,

295 2053 436 2108 κατὰ
490 2054 553 2108 τὸ
608 2053 948 2127 ἀνθρώπινον
1008 2050 1247 2124 δηλαδή,
1303 2053 1522 2115 τούτοις
1576 2047 1886 2107 ἐϐεϐαιοῦτο
1921 2070 1935 2084 ’

302 2142 380 2205 ε’ίς
430 2164 487 2198 τε
528 2142 595 2197 τὰ
642 2141 765 2212 ἔθνη
817 2147 1007 2220 φοιτᾷν
1051 2142 1417 2218 προύτρέπετο
1452 2159 1465 2175 '
1530 2147 1697 2215 μυοῦν
1744 2163 1800 2197 τε
1847 2145 1971 2223 καὶ.

294 2230 578 2307 βαπτίζειν
639 2232 717 2294 εἷς
775 2231 950 2305 ὄνομα
1012 2233 1223 2307 Πατρὸς
1280 2232 1371 2286 καὶ
1436 2232 1563 2285 Υἱοῦ
1615 2232 1704 2285 καὶ
1781 2230 1939 2305 ἁγίου

291 2320 611 2393 Πνεύματος
652 2320 788 2382 τοὺς
820 2321 1192 2389 πιστεύοντας,
1224 2320 1320 2382 τὰς
1366 2319 1587 2381 ἐντολάς
1633 2341 1690 2375 τε
1732 2320 1940 2397 φυλάτ-

290 2428 404 2463 τειν
450 2409 681 2477 ἁπάσας,
737 2412 829 2462 καὶ
879 2409 995 2479 μετ’
1043 2407 1222 2462 αὐτῶν
1273 2404 1564 2481 διατρίϐειν
1623 2406 1797 2470 πάσας
1848 2406 1944 2469 τὰς

290 2496 507 2571 ἡμέρας
536 2495 644 2559 ἕως
696 2503 798 2566 τῆς
827 2502 925 2551 106
968 2501 1062 2550 νῦν
1107 2497 1303 2558 αἰῶνος
1347 2495 1677 2558 συντελείας.
1711 2497 1856 2551 Μετὰ
1887 2493 1943 2550 δὲ

289 2590 457 2642 τοῦτο
508 2584 596 2640 διὰ
643 2592 744 2653 τῆς
798 2585 1065 2655 Βηθανίας
1111 2584 1286 2659 ἐξάγει
1340 2588 1434 2659 μὲν
1491 2584 1688 2645 αὐτοὺς
1745 2584 1832 2639 ἐπὶ
1881 2586 1942 2639 τὸ

295 2674 427 2749 ὄρος
457 2680 569 2729 τῶν
599 2674 838 2731 Ἐλαιῶν
874 2693 888 2706 ’
941 2675 1030 2728 καὶ
1077 2677 1178 2744 τὴν
1226 2673 1550 2749 ἐπαγγελίαν
1604 2676 1944 2750 ὑπισχνεῖται

295 2767 403 2817 106
452 2761 788 2836 Πνιύματος,
820 2761 872 2818 ἐν
918 2761 1285 2836 Ἰερουσαλὴμ
1332 2760 1547 2833 δηλαδή
1595 2762 1942 2835 καθημένοις,

299 2847 413 2912 ἓως
463 2849 525 2905 o6
582 2854 679 2919 τῆν
731 2850 932 2907 ἄνωθεν
992 2852 1296 2907 πανοπλίαν
1352 2849 1698 2908 ἐνδύσωνται.
1747 2854 1855 2916 Τάς
1887 2872 1947 2925 γε

306 2940 421 3012 μὴν
475 2937 703 3012 ἐξαισίας
769 2941 1142 3017 ὑπαγορεύσας
1197 2949 1296 3005 τῆς
1352 2940 1664 3010 ἀποστολῆς
1723 2941 1945 3004 ἐντολὰς

298 3027 552 3106 εὐλογίας
589 3050 668 3094 τε,
703 3031 776 3091 ὡς
835 3031 1031 3108 ἐχρῆν,
1063 3031 1246 3093 αὐτοῖς
1301 3029 1583 3105 μεταδοὺς,
1640 3030 1950 3100 βλεπόντων

295 3117 498 3187 αὐτῶν,
558 3118 635 3181 εἰς
689 3120 952 3192 οὐρανοὺς
1006 3119 1350 3198 ἀναφέρεται,
1411 3118 1741 3198 φωτοειδοῦς
1788 3121 1947 3193 νεφέ-

294 3206 403 3279 λης
432 3208 805 3284 περισχούσης
836 3206 996 3263 αὒτόν
1028 3226 1041 3240 ’
1074 3208 1164 3263 καὶ
1206 3208 1449 3264 ἀνελθὼν
1483 3210 1618 3281 μετὰ
1655 3214 1751 3263 106
1782 3229 1949 3283 προσ-

295 3296 596 3369 λήμματος
630 3297 945 3364 θεωθὲντος,
977 3296 1219 3351 ἐκάθισεν
1252 3296 1312 3352 ἐκ
1343 3297 1530 3370 δεξιῶν
1561 3301 1654 3351 106
1688 3298 1898 3371 Πατρός
1935 3317 1947 3331 ·

294 3388 416 3441 Ἵνα
447 3383 505 3440 δὲ
558 3387 635 3459 μή
681 3382 770 3441 διὰ
819 3387 998 3456 λύπης
1057 3386 1246 3448 αὐτοῖς
1294 3386 1357 3440 τὸ
1405 3390 1632 3461 πρᾶγμα
1678 3388 1902 3461 γένηται
1935 3404 1948 3417 '

298 3470 501 3540 ὀδύνην
553 3474 658 3549 γὰρ
702 3475 771 3544 ἦν
818 3473 964 3537 simi;
1020 3470 1281 3547 ἐμϐαλεῖν
1331 3474 1516 3536 αὐτοῖς
1563 3472 1805 3546 ἄπειρον,
1853 3476 1952 3544 τὴν

296 3566 399 3618 106
451 3559 786 3618 διδασκάλου
838 3564 1096 3639 στέρησιν
1131 3582 1144 3595 ·
1194 3563 1284 3618 καὶ
1330 3562 1527 3618 τούτου
1586 3561 1822 3636 ἐμέλησε
1871 3567 1953 3636 τῷ

299 3650 459 3723 καλῷ
515 3652 781 3724 ποιμένι·
845 3652 1119 3729 ἀγγέλους
1173 3652 1275 3727 γὰρ
1344 3650 1559 3714 διττοὺς
1636 3652 1952 3726 ἐπιπέμπει,

299 3742 404 3810 τήν
459 3760 519 3794 τε
575 3741 713 3815 πρὸς
771 3740 1033 3816 οὐρανοὺς
1089 3737 1275 3796 ἄνοδον
1352 3741 1803 3815 ὑπεμφαίνοντας,
1862 3741 1952 3795 καὶ

314 3831 633 3901 θαυμαστῆς
692 3850 841 3891 τινος
915 3831 1005 3884 καὶ
1082 3830 1324 3906 ἆρῥήτου
1397 3828 1788 3903 έμπιπλῶντας
1853 3836 1955 3899 τῆς

310 3924 629 3993 χαρμονῆς,
705 3923 783 3992 τῷ
858 3917 1005 3980 αὖθις
1081 3918 1503 3993 ἐπαγγείλασθαι
1576 3919 1727 3988 ἥκειν
1808 3917 1953 3973 οὕτω

304 4009 499 4060 τοῦτον
563 4007 700 4077 μετᾶ
760 4010 1091 4081 περιφανοῦς
1143 4009 1244 4070 τῆς
1303 4005 1719 4081 λαμπρότητος.
1777 4005 1951 4081 Ταύτῃ

306 4114 395 4149 τοι
446 4095 535 4148 καὶ
584 4093 1077 4169 προσκυνήσαντες,
1110 4094 1336 4168 ἅσμενοι
1380 4093 1546 4149 πάλιν
1592 4092 1779 4150 οἳκαδε
1824 4093 1952 4149 ἐπα-

313 4182 533 4257 νῄεσαν,
564 4181 616 4236 ἐν
644 4188 724 4255 τῷ
770 4184 1001 4257 ὑπερῴῳ
1033 4184 1132 4251 τὴν
1172 4187 1270 4237 106
1314 4182 1675 4258 Παρακλήτου
1724 4180 1955 4258 ἐκδεχό-

312 4294 462 4346 μενοι
520 4274 840 4349 παρουσίαν.
895 4274 1049 4349 Εύχὴ
1111 4272 1167 4329 δὲ
1220 4275 1286 4343 ἦν
1341 4275 1527 4336 αὐτοῖς
1582 4277 1617 4344 ἡ
1677 4271 1952 4350 διατριϐὴ,

312 4362 390 4426 ὡς
432 4363 521 4418 καὶ
572 4370 757 4435 Λουκᾷ
802 4369 882 4437 τῷ
931 4364 1060 4437 θείῳ
1109 4363 1260 4419 δοκεῖ
1293 4383 1305 4396 ·
1355 4365 1446 4419 τὸν
1492 4364 1596 4441 γὰρ
1650 4364 1953 4442 κατάλογον

306 4455 417 4507 τῶν
471 4449 657 4507 ἕνδεκα
715 4453 1259 4526 ἀπαριθμησάμενος,
1336 4453 1453 4511 εἶτα
1525 4452 1749 4529 ἔπάγειο
1832 4456 1952 4510 Καὶ

307 4540 498 4596 οὗτοι
529 4542 772 4603 πάντες
816 4543 981 4611 ἦσαν
1020 4546 1684 4618 προσκαρτεροῦντες
1725 4545 1957 4616 ὁμοθυ-

2058 1967 2174 2015 tem
2208 1975 2507 2015 summam
2540 1958 2664 2014 θεοιί
2717 1964 2773 2014 et
2810 1964 2977 2014 terra:
3009 1959 3139 2027 sibi,
3174 1961 3347 2031 juxta
3377 1959 3714 2017 humanita-

2050 2053 2166 2104 tem
2199 2046 2422 2104 scilicet
2456 2046 2556 2118 (1),
2589 2046 2864 2103 traditam
2915 2063 3041 2103 esse
3089 2052 3400 2104 contirmat
3445 2064 3458 2103 :
3502 2065 3709 2121 eosque

2050 2136 2410 2204 cohortatus,
2462 2136 2749 2207 proficisci
2790 2135 2860 2189 ad
2911 2142 3107 2205 gentes
3156 2152 3361 2191 omnes
3387 2137 3580 2208 jubet,
3606 2154 3704 2192 ar-

2050 2224 2210 2279 cenis
2238 2226 2416 2279 sacris
2444 2223 2773 2279 initiaturos
2803 2240 2815 2279 :
2850 2223 3354 2294 baptizaturosque
3401 2227 3459 2280 in
3493 2242 3702 2284 nomen

2052 2312 2240 2368 Patris
2270 2321 2323 2367 et
2355 2312 2482 2367 Filii
2513 2321 2564 2367 et
2626 2312 2875 2383 Spiritus
2920 2313 3129 2380 sancti,
3187 2313 3510 2381 credentes,
3554 2331 3699 2386 prse-

2050 2408 2329 2473 ceptaque
2376 2404 2705 2457 servaturos
2749 2402 2989 2457 omnia:
3043 2418 3105 2457 se
3153 2418 3386 2473 quoque
3441 2404 3697 2460 futurum

2053 2506 2186 2548 cum
2217 2492 2300 2547 eis
2340 2507 2439 2562 per
2470 2490 2591 2546 dies
2634 2506 2860 2556 omnes,
2889 2492 2958 2545 ad
2992 2491 3576 2565 consummationem]
3601 2508 3699 2549 us-

2055 2596 2165 2650 que
2214 2579 2406 2634 saeculi
2465 2581 2788 2650 praesentis,
2850 2580 3172 2650 pollicetur.
3218 2580 3421 2636 Postea
3463 2597 3565 2654 per
3596 2587 3700 2639 Be-

2054 2670 2317 2725 thaniam
2353 2685 2449 2724 cos
2490 2670 2548 2723 in
2584 2674 2834 2724 montem
2865 2668 3133 2724 Olearum
3167 2669 3349 2739 ducit,
3383 2676 3439 2725 et
3469 2672 3705 2741 promis-

2056 2759 2277 2815 sionem
2339 2758 2593 2829 Spiritus
2624 2758 2932 2830 promittit,
2967 2759 3023 2813 in
3083 2757 3405 2814 Jerusalem
3443 2760 3708 2818 videlicet

2057 2848 2424 2915 sedentibus,
2483 2847 3093 2918 exspectantibusque,
3133 2847 3284 2904 12]
3326 2848 3508 2904 donec
3547 2848 3707 2905 coali-

2057 2941 2151 2992 tus
2198 2937 2518 2991 divinorum
2570 2935 2762 2991 omnis
2809 2935 3040 3007 generis
3078 2952 3370 2991 armorum
3419 2936 3708 3008 spirituali

2059 3030 2335 3097 apparatu
2381 3023 2832 3080 instruerentur.
2881 3025 2945 3079 Et
3005 3040 3137 3079 cum
3206 3026 3493 3096 praecipua
3543 3042 3712 3081 man-

2060 3115 2197 3172 data
2226 3119 2283 3169 et
2334 3130 2574 3168 munera
2633 3114 2944 3169 functionis
2998 3113 3317 3184 apostolicae
3359 3114 3709 3170 concionans

2061 3205 2440 3275 exposuisset,
2494 3204 3076 3274 benedictionemque
3132 3203 3238 3271 eis,
3291 3220 3394 3276 pro
3435 3220 3502 3260 eo
3540 3210 3712 3276 atque

2058 3295 2313 3361 decebat,
2353 3294 2596 3364 largitus
2644 3297 2816 3361 esset,
2871 3293 3286 3363 spectantibus
3333 3292 3437 3353 eis.
3472 3292 3713 3349 lucidis-

2061 3384 2210 3439 sima
2233 3384 2384 3438 nube
2436 3382 2853 3452 circumdatus,
2887 3382 2946 3436 in
2978 3382 3154 3436 ccelos
3185 3381 3459 3438 sublatus
3489 3387 3578 3437 est
3608 3382 3707 3454 (2),

2060 3477 2278 3528 etcum
2312 3488 2398 3538 ea,
2441 3488 2618 3543 quam
2662 3475 2975 3542 receperat,
3034 3471 3364 3525 accessione
3421 3470 3710 3539 deilicata,

2061 3577 2327 3617 reversus
2379 3560 2448 3614 ad
2507 3564 2767 3615 dextram
2826 3559 3012 3615 Patris
3063 3558 3343 3614 consedit.
3403 3562 3487 3613 Ne
3517 3563 3707 3614 autem

2062 3666 2131 3705 ea
2155 3666 2247 3705 res
2302 3664 2605 3704 mmrorem
2655 3648 2739 3703 eis
2789 3653 3008 3702 crearet
3037 3648 3215 3718 (quod
3265 3662 3379 3702 non
3438 3647 3710 3717 iniquum

2061 3743 2234 3805 esset,
2282 3754 2379 3794 eos
2426 3737 2701 3808 magistro
2756 3736 2991 3791 orbatos
3029 3736 3312 3791 immenso
3361 3735 3570 3806 corripi
3614 3736 3713 3791 do-

2062 3828 2221 3898 lore),
2249 3830 2304 3881 et
2335 3826 2444 3881 hoc
2475 3826 2667 3897 ipsum
2706 3824 2932 3896 pastori
2976 3825 3123 3879 bono
3182 3840 3335 3879 curas
3367 3825 3492 3879 fuit.
3527 3829 3714 3895 Ange-

2063 3916 2148 3971 los
2186 3915 2340 3970 enim
2388 3915 2531 3968 duos
2581 3913 2838 3983 demisit,
2880 3911 2973 3981 qui
3006 3912 3251 3967 reditum
3293 3913 3419 3983 ejus
3451 3912 3509 3966 in
3541 3912 3715 3967 ccelos

2062 4003 2407 4068 indicarent,
2458 4002 2920 4073 admirandaqne
2969 4005 3026 4057 et
3055 3999 3334 4056 inelfabili
3375 4016 3474 4056 eos
3505 3999 3713 4070 imple-

2064 4094 2193 4147 rent
2222 4091 2442 4160 laetitia,
2483 4094 2567 4147 sic
2613 4090 2779 4145 illum
2840 4104 2970 4145 cum
3032 4087 3243 4144 illuslri
3278 4089 3715 4161 magnificentia

2063 4181 2384 4238 rediturum
2439 4180 2876 4236 annuntiantes.
2929 4181 3129 4250 Itaque
3176 4178 3511 4235 adoratione
3552 4196 3713 4251 pera-

2063 4274 2175 4337 cta,
2225 4269 2470 4325 libentes
2519 4271 2757 4323 domum
2796 4268 3038 4323 redeunt
3067 4268 3166 4340 (3),
3206 4278 3259 4325 et
3309 4268 3364 4323 in
3417 4267 3711 4324 cmnaculo

2061 4361 2161 4415 illo
2191 4357 2465 4415 Paracleti
2489 4361 2824 4429 exspectant
2852 4357 3184 4412 adventum.
3217 4356 3473 4413 Precatio
3513 4361 3708 4414 autem

2061 4464 2258 4505 eorum
2314 4451 2439 4503 erat
2495 4445 2858 4511 exercitium,
2908 4450 2972 4500 ut
3029 4445 3193 4500 divus
3226 4445 3409 4502 Lucas
3441 4449 3708 4501 testatur.

2062 4537 2330 4607 Catalogo
2362 4550 2612 4606 namque
2654 4535 2924 4590 undecim
2958 4533 3377 4606 discipulorum
3403 4534 3708 4604 recensita,

309 4626 519 4703 μαδὸν
546 4634 625 4704 τῇ
656 4629 1004 4705 προσευχῇ
1034 4631 1143 4686 καὶ
1172 4634 1248 4703 τῇ
1282 4628 1516 4702 δεήσει
1545 4631 1654 4686 σύν
1685 4633 1948 4705 γυναιξὶ

2064 4627 2330 4695 deinceps
2385 4623 2548 4679 addit
2579 4640 2593 4678 :
2628 4624 2690 4679 Et
2717 4638 2901 4679 omne:
2930 4622 3028 4678 isti
3073 4624 3369 4678 unanimes
3397 4625 3713 4678 constanter

301 4719 413 4773 καὶ
447 4723 665 4794 Μαρίᾳ
695 4724 774 4795 τῇ
819 4720 1027 4795 μητρὶ
1058 4722 1171 4774 106
1212 4721 1456 4792 Ἰησοῦ,
1500 4720 1609 4775 καὶ
1655 4720 1769 4775 σὺν
1807 4725 1954 4784 τοῖς

406 4848 427 4901 1
492 4846 561 4901 Et
588 4846 1002 4904 exinanitionis
1042 4846 1315 4906 formam.

374 4845 460 4988 i2;
486 4938 513 4967 ‹‹
550 4916 616 4973 Ut
645 4934 857 4988 corpus
908 4936 1020 4974 non
1053 4922 1175 4975 tam
1228 4920 1287 4976 in

397 4916 454 4991 2)
486 4938 513 4967 ‹‹
550 4916 616 4973 Ut
645 4934 857 4991 corpus
908 4936 1021 4991 non
1053 4922 1175 4975 tam
1228 4920 1287 4976 in
1319 4919 1586 4991 terrenis,
1629 4921 1720 4991 sed
1755 4918 1813 4975 in
1844 4935 1954 4976 cce-

299 4987 566 5054 lestibus,
599 4995 656 5043 et
682 4987 960 5046 in'Patris
990 4989 1217 5046 dextera
1267 4987 1594 5047 collocaret.
1621 5012 1649 5040 ››
1684 4990 1950 5047 Ruﬁnus.

300 5058 471 5133 «Ηωο
500 5059 816 5131 evangelici
835 5062 1188 5117 sacramenti
1213 5068 1269 5118 et
1300 5065 1569 5118 humanas
1589 5061 1711 5133 spei
1741 5064 1954 5119 veritas

301 5135 413 5193 est,
438 5130 768 5205 humanam
786 5203 793 5205 ξ
813 5137 1081 5205 naturam
1115 5130 1667 5205 corruptibilemqu'e
1695 5149 1950 5200 carnem,

301 5216 408 5272 per
438 5202 614 5272 hujus
650 5202 846 5274 gloria
902 5202 1355 5260 demutationem
1398 5206 1457 5260 in
1507 5202 1780 5260 aeternam
1825 5221 1953 5261 esse

298 5274 772 5347 transformatnm
801 5274 1211 5347 substantiam.
1247 5298 1275 5325 υ
1322 5276 1521 5346 (Hilar.
1556 5277 1701 5332 Psal.
1736 5277 1953 5347 CXLIII.)

301 5343 740 5416 «AUnigenitus
820 5346 998 5401 Filius
1057 5348 1105 5401 si
1164 5343 1462 5416 quaeritur,
1525 5352 1581 5402 in
1642 5350 1770 5403 sinu
1844 5343 1948 5402 Pa;

302 5414 407 5489 tris
477 5414 806 5488 evangelico
860 5418 1065 5487 spiritu
1130 5414 1505 5486 reperitur.»
1568 5419 1584 5489 (
1636 5420 1833 5473 Ambr.
1876 5421 1954 5473 De

296 5486 705 5560 in_carn.rDom.
764 5486 907 5543 sacr.
942 5504 1081 5560 cap.
1136 5490 1240 5554 l5.)
1275 5508 1300 5539 α
1336 5490 1547 5545 Revera
1576 5486 1862 5560 magnum
1897 5495 1953 5544 et

298 5558 734 5632 admirabileiet
763 5567 999 5632 stupore
1032 5559 1264 5632 plenum
1298 5569 1401 5630 est,
1424 5576 1656 5617 carnem
1688 5558 1946 5616 nostram

293 5644 534 5702 sursum
567 5631 792 5702 sedere,
815 5628 881 5685 et
901 5628 1126 5702 adorari
1158 5632 1231 5702 ab
1256 5628 1477 5701 angelis
1506 5637 1563 5687 et
1592 5632 1951 5702 archangelis

294 5704 354 5757 et
386 5698 702 5757 Cherubim
734 5707 791 5757 et
819 5701 1122 5773 Seraphin.
1165 5699 1281 5758 Hoc
1327 5698 1477 5776 saepe
1517 5704 1577 5759 in
1610 5698 1952 5760 mente'me-

2062 4714 2303 4772 orationi
2355 4717 2406 4769 et
2432 4711 2739 4783 precationi
2783 4712 3193 4779 incumbebant,
3222 4727 3333 4766 una
3362 4726 3485 4765 cum
3504 4710 3706 4765 multe-

2063 4856 2198 4897 cum
2228 4853 2794 4907 versans,excessum
2828 4838 3033 4909 patior,
3055 4842 3113 4893 et
3144 4838 3364 4909 majora
3401 4837 3472 4893 de
3501 4852 3710 4909 genere

2065 4915 2321 4968 humano
2358 4910 2664 4983 imaginor;
2713 4909 2931 4980 Majora
2963 4910 3178 4980 quippe
3229 4909 3394 4963 video
3450 4914 3507 4963 et
3553 4909 3710 4964 clara

2063 4984 2316 5048 exordia,
2349 4981 2596 5037 multam
2626 4981 3047 5051 Deosatagente
3079 4997 3178 5053 pro
3209 4989 3411 5035 natura
3441 4983 3707 5035 nostra.»

2059 5056 2548 5126 (Chrysostomus,
2580 5053 2736 5107 Hebr.
2772 5054 2861 5126 ιι.)

2131 5120 2220 5198 (3)
2244 5124 2314 5181 Ut
2367 5125 2598 5198 quidem
2657 5120 2990 5198 conjectura
3037 5121 3307 5198 colligere
3337 5120 3521 5198 dicet,
3551 5124 3709 5198 -post

2061 5192 2817 5267 dissonos-Hierosolyma
2872 5199 3025 5267 sunt,
3066 5192 3275 5267 reversi
3335 5194 3390 5248 in
3433 5192 3703 5267 sabbato.

2064 5268 2250 5338 Hujus
2279 5266 2436 5323 enim
2464 5267 2647 5338 gratia
2688 5264 2755 5321 'et
2795 5265 3029 5320 Sabbati
3087 5265 3381 5338 habebant
3440 5264 3611 5330 viam,
3645 5267 3708 5319 ut

2062 5336 2231 5396 divus
2264 5340 2440 5394 Lucas
2468 5336 2661 5393 wdixit.
2713 5343 2811 5391 Est
2837 5342 3030 5391 autem
3077 5336 3314 5391 Sabbati
3360 5336 3470 5389 iter
3503 5350 3704 5404 passus

2065 5411 2148 5465 liis
2179 5411 2357 5479 mille,
2407 5415 2688 5479 quantum
2740 5408 3004 5462 videlicet
3055 5414 3243 5461 castra
3272 5426 3305 5461 ιι
3336 5404 3705 5479 tabernaculo

2062 5453 2373 5537 testimonii
2421 5453 2697 5547 aberant;
2749 5480 3243 5549 quemadmodum
3285 5478 3518 5533 divinus
3566 5493 3704 5549 con-

2059 5553 2245 5608 stituit
2275 5553 2485 5607 Moses.
2538 5552 2750 5606 Sancta
2770 5548 2950 5620 porro
2980 5549 3249 5605 etdivina
3299 5549 3564 5605 ascensio
3610 5548 3703 5604 die

2060 5625 2264 5697 quinta
2301 5627 2387 5677 est
2420 5623 2586 5677 facta.
2620 5621 2909 5692 (Niceph.)
