4070 6274
373 381 493 444 ’143

1661 360 2092 428 NICEPHOBI
2136 357 2486 420 CALLISTI

3654 359 3788 418 744

366 517 547 583 ribus,
578 517 628 570 et
656 513 778 584 ipsa
817 507 990 566 Maria
1036 513 1216 562 matre
1243 505 1392 568 Jesu,
1436 515 1664 573 cumque
1695 499 1870 571 ipsius
1900 498 2018 566 fra-

2132 487 2452 566 ἀδελφοῖς
2501 487 2744 544 αὐτοῦ·
2791 485 2896 552 ἕως
2941 488 3005 543 οὗ
3056 489 3149 544 τὸν
3199 489 3364 544 θεῖον.
3415 487 3790 563 Παράκλητον

370 605 572 672 tribus,
605 600 884 670 tantisper
921 597 1060 652 dum
1079 592 1442 650 Paracletum
1473 589 1697 648 decimo
1726 588 1798 644 ab
1829 602 2028 643 ascen-

368 697 554 762 sione,
592 688 1073 763 qninquagesimo
1104 689 1300 740 autem
1357 700 1391 738 a
1424 681 1696 738 triduana
1734 693 2024 734 resurrec-

367 784 521 841 tione
567 781 680 841 die,
751 773 1216 834 substantialiter
1288 771 1733 827 descendentem
1798 765 2026 834 accipe-

370 877 518 928 rent.

906 970 1139 1029 CAPUT
1168 967 1445 1025 XXXVII.

365 1069 482 1138 Qua
512 1066 733 1138 ratione,
753 1063 1020 1120 triduana
1050 1061 1279 1138 Domini
1318 1059 1494 1138 fuerit
1527 1055 1894 1138 resurrectio,
1913 1066 2023 1124 qua

433 1123 562 1196 item
593 1137 1010 1212 quadragesimo
1037 1139 1157 1205 post
1188 1133 1277 1186 die
1305 1123 1365 1186 in
1395 1129 1553 1185 caelos
1583 1123 1914 1182 ascenderit.

433 1317 646 1374 Verum
706 1316 1020 1381 enimvero,
1073 1313 1312 1368 fortasse
1339 1307 1632 1380 quispiam
1677 1320 1878 1362 eorum
1919 1301 2017 1374 qui

361 1407 623 1463 discendi
654 1406 845 1461 studio
877 1402 1103 1460 nullum
1137 1400 1436 1471 refugiunt
1463 1397 1744 1456 laborem.
1777 1399 1836 1450 et
1871 1393 2023 1462 ejus-

361 1495 519 1552 modi
578 1495 751 1552 rebus
809 1489 1176 1564 inquirendis
1249 1487 1635 1556 deleetantur,
1708 1481 2020 1556 quaesierit,

363 1601 537 1658 quam
571 1585 643 1639 ob
675 1599 908 1638 causam
941 1580 1111 1637 tertio
1161 1578 1401 1652 quidem
1442 1575 1533 1630 die
1571 1572 1796 1629 Domini
1833 1588 2024 1627 resur-

362 1674 568 1740 rectio,
612 1673 836 1728 reditus
865 1677 1056 1725 autem
1091 1669 1146 1723 in
1183 1665 1391 1722 ccelum
1423 1661 1873 1736 quadragesimo
1902 1677 2022 1731 per-

361 1768 490 1819 acta
519 1761 636 1818 sit:
690 1760 917 1816 decimo
998 1774 1168 1831 porro
1227 1756 1458 1821 deinde,
1517 1770 1551 1808 a
1597 1757 1792 1807 sancta
1822 1756 2018 1806 autem

2138 579 2272 652 μετᾶ
2317 576 2546 648 δεκάτην
2594 577 2804 652 ἡμέραν
2864 585 2963 647 τῆς
3022 577 3370 651 ἀναλήψεως,
3430 583 3788 652 πεντηκοστῇ

2133 667 2191 723 δὲ
2223 668 2328 722 ἀπὸ
2365 674 2466 736 τῆς
2507 667 2811 742 τριημέρου
2861 667 3149 745 ἐγέρσεως,
3202 664 3483 728 οὐσιωδῶς
3521 669 3792 722 κατιόντα

2132 754 2396 829 ἐδέξαντο.

2767 959 3182 1015 ΚΕΦΛΛ.ΛΖἌ

2131 1066 2268 1122 Τίνι
2301 1066 2486 1142 λόγῳ
2513 1085 2889 1142 τρι-ημ-ερος
2923 1067 3104 1142 μὲνὴ
3134 1069 3253 1142 τοῖξ
3286 1067 3537 1142 Κρρίος.)
3577 1067 3790 1142 ἀνάσ-

2201 1136 2647 1228 τασίς’;¹’μξτά
2682 1136 2879 1228 ﬁt“:
2921 1136 3182 1211 ἡμέραν
3227 1140 3262 1207 ἡ
3312 1136 3404 1198 εἰς
3449 1137 3789 1212 οὐρατοὺς

2203 1209 2376 1282 αὐτῷ
2408 1207 2646 1270 ἄνοδος
2677 1207 3022 1286 ἐγεγόνει.

2204 1313 2360 1372 Ἀλλ’
2387 1315 2526 1380 ⁸ίσως
2560 1317 2619 1386 ἄν
2655 1338 2738 1380 τις
2775 1323 2883 1373 τῶν
2933 1315 3142 1396 σφόδρα
3191 1317 3510 1396 φιλοπονεῖν
3556 1313 3790 1391 ᾑρημέ-

2129 1425 2258 1474 των,
2289 1407 2380 1459 καὶ
2410 1405 2675 1476 τοιούτοι,
2727 1403 2790 1475 δή
2830 1407 3334 1480 κατεξητασμένων,
3377 1403 3578 1481 ἔροιτο,
3628 1406 3790 1466 τίνος

2133 1493 2295 1569 χάριν
2341 1495 2644 1569 τριήμερος
2695 1493 2788 1566 μὲν
2821 1496 2856 1563 ἡ
2887 1499 2982 1548 τοῦ
3033 1495 3238 1570 Κυρίου
3286 1495 3591 1562 ἀνάστασις,
3645 1495 3680 1560 ἡ
3734 1490 3789 1547 δ’

2131 1581 2180 1636 εἴ
2290 1581 2304 1599 ν
2424 1583 2436 1597 ι
2568 1581 2582 1602 ν
2661 1587 2687 1598 η-
2746 1581 2772 1601 ν
2843 1579 2866 1599 κ
3095 1585 3106 1600 ε
3537 1584 3552 1602 ς
3741 1581 3754 1596 ο

2183 1603 2208 1643 ς
2249 1603 2475 1656 ουρανον
2526 1603 2690 1638 αυτου
2738 1598 2930 1644 ανοοος
2981 1603 3116 1656 μετα
3162 1604 3592 1657 τεσσαρακοστην
3641 1584 3788 1655 ἡμῖν’

2133 1691 2226 1744 ραν
2281 1667 2610 1746 διεγεγόνει·
2664 1667 2859 1746 δεκάτῃ
2907 1669 2962 1725 δὲ
3009 1673 3070 1726 τὸ
3104 1671 3154 1742 ἐξ
3186 1672 3392 1726 ἐκείνου
3439 1672 3532 1726 καὶ
3579 1692 3790 1741 πεντη-

2129 1763 2302 1832 κοστῇ
2336 1757 2383 1813 δ’
2413 1758 2518 1814 ἀπὸ
2565 1762 2666 1824 τῆς
2701 1759 2850 1835 ἱεράς
2894 1759 3235 1822 ἀναστάσεως
3267 1761 3328 1814 τὸ
3355 1763 3502 1814 θεῖον
3559 1763 3789 1832 Πνεῦμα

363 1851 784 1909 resurrectione
827 1847 1340 1920 quinquagesimo,
1370 1842 1620 1914 Spiritus
1654 1839 1910 1905 divinus,
1942 1839 2019 1894 ita

2132 1853 2243 1909 τοῖς
2303 1846 2633 1910 ἀποστόλοις
2691 1845 2970 1921 ἐπιδημεῖ,
3020 1849 3376 1922 πεμπόμενον
3426 1850 3499 1910 ὡς
3533 1849 3786 1922 636375-

364 1946 430 1998 ut
456 1941 788 2013 promissus
839 1941 1045 2008 fuerat,
1097 1939 1316 1993 missus
1359 1936 1418 1990 in
1451 1930 1744 2005 apostolos
1775 1933 2018 1985 descen-

366 2031 538 2088 derit.
620 2028 792 2086 I22
840 2029 1097 2084 Arbitror
1149 2026 1304 2082 enim
1373 2021 1520 2080 nihil
1552 2027 1768 2076 temere
1798 2027 1848 2075 et
1881 2035 2020 2074 casu

365 2118 578 2191 aliquo,
639 2117 920 2191 singulari
955 2116 1228 2188 quapiam
1285 2111 1766 2174 consideratione,
1819 2125 1852 2164 a
1897 2111 2025 2162 Ser-

365 2217 561 2264 vatore
593 2208 802 2274 Verbo,
861 2223 992 2263 cum
1027 2206 1250 2261 ratione
1306 2209 1366 2259 et
1421 2201 1623 2258 ordine
1671 2199 1920 2267 decenti,
1963 2205 2024 2252 ut

366 2314 472 2372 par
500 2304 609 2364 est,
643 2296 980 2369 exsequenti
1010 2295 1228 2362 omnia,
1263 2294 1477 2348 factum
1512 2305 1637 2345 esse
1667 2307 1679 2344 :
1715 2288 1824 2344 nisi
1865 2287 2018 2358 quod

365 2391 600 2460 propter
645 2387 992 2457 cognitionis
1048 2379 1656 2455 incomprehensibilis
1707 2376 2023 2432 difﬁculta-

364 2482 481 2534 tem
514 2479 784 2534 humane:
845 2477 1054 2532 mentis
1111 2491 1179 2529 ea
1236 2475 1517 2544 superant
1563 2474 1824 2540 captum.
1885 2464 2023 2531 Mihi

367 2567 604 2639 quidem
666 2566 928 2623 nonnihil
991 2581 1166 2636 super
1221 2559 1662 2630 intelligentiam
1731 2558 1916 2627 ipsam
1969 2561 2025 2610 et

370 2656 636 2712 notitiam
669 2657 928 2722 audenti,
961 2651 1358 2710 universitatis
1399 2650 1575 2720 hujus
1609 2647 1888 2702 Dominus
1919 2661 2005 2699 re-

368 2746 786 2804 surrectionem
846 2761 1013 2801 suam
1075 2749 1377 2816 prepterea
1451 2741 1510 2794 in
1573 2737 1727 2792 diem
1785 2736 2020 2791 tertium

369 2835 682 2892 contulisse
727 2835 952 2890 videtur
998 2850 1011 2888 :
1073 2849 1203 2887 cum
1256 2835 1370 2886 tres
1428 2827 1707 2900 praecipui
1763 2825 2020 2890 ordines,

367 2927 486 2982 sive
516 2931 713 2982 estates
773 2924 1077 2980 hominum
1130 2923 1278 2988 vitai,
1311 2937 1378 2975 ex
1431 2935 1547 2989 quo
1591 2915 1777 2988 patria
1829 2920 2022 2972 nostra

363 3017 534 3087 eiecti
592 3033 818 3080 sumus,
879 3022 1280 3076 numerentur,
1327 3025 1524 3066 eorum
1585 3007 1860 3062 nimirum
1919 3005 2023 3078 qui

364 3112 502 3162 ante
549 3105 736 3178 legem
787 3105 1005 3172 datam,
1048 3102 1258 3158 deinde
1310 3098 1407 3170 qui
1441 3097 1550 3152 sub
1585 3095 1708 3167 lege
1740 3095 1886 3166 ipsa,
1922 3111 2024 3166 po-

2133 1956 2214 1997 σις
2241 1955 2252 1967 ·
2288 1933 2477 2007 οῗομαι
2510 1935 2613 2012 γάρ
2647 1933 2818 2008 μηδὲν
2851 1936 2993 2005 εἰκῆ,
3029 1935 3163 2011 μηδ’
3193 1937 3528 2009 ἀθεώρητον,
3579 1939 3668 1991 καὶ
3700 1939 3786 1998 ὡς

2132 2023 2290 2100 ἔτυχε
2318 2023 2398 2096 τῷ
2431 2031 2648 2097 Σωτῆρι
2681 2028 2993 2100 πεπρᾶχθαι
3038 2027 3224 2100 Λόγῳ,
3257 2028 3348 2080 σὺν
3399 2025 3553 2099 λόγῳ
3600 2025 3782 2081 πάντα

2130 2115 2218 2168 καὶ
2262 2113 2518 2188 ἁρμονίᾳ,
2561 2117 2648 2168 οἷα
2696 2115 2864 2182 εἰκὸς,
2917 2112 3241 2189 διεξάγοντι,
3291 2117 3384 2169 κάν
3417 2116 3505 2169 καὶ
3535 2117 3628 2168 τὸν
3679 2117 3779 2168 ἀν-

3081 2208 3159 2275 τῷ
3241 2202 3610 2275 ἀκαταλήπτῳ
3673 2208 3780 2269 τῆς

2129 2292 2403 2367 γνώσεως.
2439 2297 2598 2346 Δοκεῖ
2635 2291 2726 2346 οὗν
2780 2313 2871 2364 μοι
2903 2291 3188 2364 τολμῶντι
3228 2298 3344 2354 τοῖς
3387 2293 3519 2367 ὑπὲρ
3566 2290 3780 2348 ἔννοιαν

2129 2381 2219 2435 τὸν
2252 2380 2505 2436 ἀπάντων
2537 2381 2815 2452 Δεσπότην
2864 2382 3000 2454 μετά
3045 2381 3235 2456 τρίτην
3283 2383 3491 2454 ἠμέραν
3522 2384 3622 2449 τὴν
3653 2383 3784 2436 ἀνά-

2132 2203 2402 2276 θρώπινον
2493 2207 2617 2257 νοῦν
2705 2199 3000 2276 ὑπερϐαίνῃ

2134 2491 2318 2526 στασιν
2381 2469 3010 2546 διαπραγματεύσασθαι,
3065 2473 3253 2546 ὅτιπερ
3318 2471 3562 2546 τριπλῆς
3607 2470 3777 2543 οὔσης

2130 2562 2332 2629 τάξεως
2387 2567 2487 2630 τῆς
2543 2565 2654 2615 τῶν
2713 2561 3010 2634 ἀνθρώπων
3071 2567 3242 2631 ζωῆς,
3299 2561 3389 2638 ἀφ’
3447 2561 3614 2636 οὗπερ
3671 2568 3778 2630 τῆς

2130 2647 2391 2723 πατρίδος
2438 2647 2748 2722 ἠλάθημεν,
2798 2650 2887 2704 καὶ
2915 2654 3023 2705 τῶν
3069 2651 3163 2724 μὲν
3196 2651 3300 2724 πρὸ
3341 2651 3534 2722 νόμου,
3584 2655 3690 2704 τῶν
3724 2648 3778 2704 δ’

2131 2738 2235 2792 ὑπὸ
2266 2739 2456 2810 νόμον,
2489 2742 2595 2792 τῶν
2626 2735 2682 2792 δὲ
2716 2739 2831 2811 μετ’
2863 2737 3124 2807 ἐκείνους,
3159 2737 3213 2792 οἵ
3247 2739 3335 2792 καὶ
3367 2741 3466 2808 τῆς
3497 2737 3549 2792 ἐν
3585 2740 3774 2814 χάριτι

2132 2831 2276 2894 ζωῆς
2334 2825 2718 2900 μετειλήχασι,
2768 2826 2860 2880 τὸν
2913 2827 3046 2900 ὑπὲρ
3084 2834 3184 2894 τῆς
3234 2827 3450 2882 πάντων
3500 2825 3774 2900 σωτηρίας

2128 2917 2301 2969 θανεῖν
2352 2911 2636 2987 ἑλόμενον,
2681 2917 2980 2990 τριήμερον
3030 2915 3324 2992 ἐγκαινίσαι
3369 2915 3536 2990 ἐχρῆν
3567 2920 3642 2986 τῷ
3669 2917 3771 2969 κό-

2129 3024 2254 3076 σμῳ
2284 3003 2373 3058 καὶ
2404 3005 2502 3072 τῆν
2537 3003 2843 3071 ἀνάστασιν,
2878 3003 3071 3078 ἑκάστῃ
3109 3005 3278 3078 μοίρᾳ
3316 3008 3414 3058 τοῦ
3445 3002 3620 3080 γένους
3658 3005 3761 3070 τῆν

2126 3091 2430 3166 ἐλευθερίαν
2495 3091 2948 3167 ἐπισφραγίζοντα
3037 3099 3138 3162 τῆς
3205 3095 3432 3172 φθορᾶς,
3515 3091 3766 3166 ἀναλόγῳ

362 3195 576 3250 stremo
607 3177 707 3266 qui
732 3200 1002 3264 post‘eos
1031 3190 1301 3246 exstitere
1329 3187 1452 3258 (qui
1485 3185 1662 3240 etiam
1704 3184 1854 3241 vitae,
1886 3199 2014 3254 quas

2132 3181 2280 3256 μέρει
2325 3187 2429 3250 ,τῆς
2478 3182 2615 3255 πρὸς
2663 3181 2756 3236 τὸν
2806 3178 2941 3252 ᾅδην
2989 3181 3152 3236 αὐτοῦ
3207 3177 3575 3249 καταϐάσεως,
3631 3180 3772 3253 μᾶλ-

2132 3269 2148 3283 .
2277 3267 2317 3283 κ,
2415 3272 2440 3283 ν
2609 3271 2623 3283 ι
2746 3271 2759 3283 ι
2907 3274 2918 3283 ,
3336 3275 3362 3283 ﬂ
3709 3277 3736 3283 Δ

363 3297 470 3354 per
507 3283 753 3354 gratiam
805 3287 915 3348 est,
951 3279 1262 3353 participes
1305 3276 1482 3346 sunt),
1515 3274 1669 3346 quod
1703 3274 1752 3328 is
1783 3273 1884 3344 qui
1915 3289 2015 3344 pro

363 3370 557 3430 salute
589 3373 853 3429 omnium
913 3378 1146 3426 mortem
1177 3366 1502 3422 obeundum
1536 3369 1888 3432 susceperat,
1923 3377 2016 3416 re-

359 3462 603 3519 stituere
633 3464 965 3520 triduanum
1027 3457 1245 3514 mundo
1279 3455 1604 3511 vastitatem
1662 3456 1720 3507 et
1750 3451 2020 3518 direptio-

360 3577 496 3623 nem
519 3559 803 3624 debuerit,
838 3549 1156 3621 unicuique
1187 3545 1327 3618 parti
1357 3559 1557 3600 earnm
1591 3546 1824 3598 mictum
1849 3539 2017 3611 quasi

355 3657 528 3729 signo
558 3653 864 3724 impresso,
904 3641 1172 3698 libertate
1221 3653 1255 3691 a
1303 3633 1672 3704 corruptione
1723 3635 1782 3686 et.
1826 3628 2019 3701 pel-ni-

359 3720 468 3812 cie,
546 3720 988 3798 accommodata
1071 3724 1548 3794 convenientique
1644 3720 2018 3792 proportione

361 3809 682 3890 descensus
712 3827 785 3883 ad
831 3823 1069 3885 inferos,
1123 3833 1224 3872 seu
1259 3814 1449 3886 potius
1480 3809 1798 3881 corporalis
1830 3809 1888 3862 in
1920 3823 2020 3864 se-

361 3921 564 3992 pulcro
619 3911 944 3972 mansionis
992 3901 1574 3970 mortiticatiunisque
1626 3915 1766 3966 suae,
1799 3896 2016 3950 confir-

363 3983 556 4066 mans.
607 4002 773 4074 Quod
815 4000 862 4056 si
906 3999 998 4054 cui
1050 3993 1294 4066 placeat,
1367 3988 1596 4060 generis
1656 3984 1898 4041 humani
1957 3983 2016 4038 in

363 4094 647 4172 principia
677 4091 1080 4156 elementaque
1115 4097 1221 4137 sua
1253 4077 1686 4140 resolutionem,
1718 4074 2017 4143 ejusdem-

361 4164 474 4260 que
501 4164 952 4241 restitutionem,
1003 4173 1073 4229 ad
1114 4183 1352 4226 causam
1402 4164 1718 4220 Dominicis
1767 4177 2020 4217 resurre-

363 4250 573 4330 ctionis
604 4269 816 4326 referre
847 4283 862 4322 :
911 4268 968 4320 et
998 4263 1300 4334 prOpterea
1316 4253 1468 4326 quod
1511 4269 1579 4308 ea
1609 4270 1642 4307 a
1687 4250 2019 4320 perfectrice

364 4377 560 4419 rerum
612 4361 953 4415 cunctarum
1002 4347 1283 4408 Trinitate
1329 4343 1532 4398 etfecta
1589 4342 1685 4410 sit,
1742 4340 1954 4406 tribus,
1985 4355 2020 4394 a

368 4451 614 4510 Domino
669 4446 956 4513 omnium,
1016 4440 1223 4496 diebus
1280 4439 1520 4492 mortem
1557 4448 1686 4489 esse
1715 4431 2018 4498 abolitam,

363 4542 713 4608 afﬁrmare;
773 4536 848 4591 ab
904 4550 970 4589 eo
1003 4541 1232 4602 quoque
1289 4529 1490 4580 nostra
1551 4537 1670 4578 non
1713 4521 2020 4576 dissentiet

364 4625 814 4701 contemplatrix
899 4615 1308 4678 consideratio.
1381 4613 1632 4668 Lazarus
1697 4610 2011 4682 siquidem,

364 4700 669 4778 mundana
703 4710 1091 4786 corruptionis
1110 4704 1600 4774 elementarisque
1643 4700 2012 4757 resolutionis

365 4818 420 4867 et
457 4803 914 4882 regenerationis
969 4805 1146 4874 typus
1199 4802 1255 4853 et
1310 4791 1626 4864 exemplar,
1676 4790 1735 4845 in
1787 4788 2008 4844 fatalem

365 4917 431 4956 ac
461 4878 634 4955 morti
657 4895 972 4952 etiamnum
1001 4887 1317 4946 obnoxium
1350 4880 1680 4938 restituitur
1724 4878 2012 4947 ordinem,

364 5004 536 5061 quem
593 4989 652 5042 in
686 4980 1138 5042 elementaribus
1185 4975 1386 5032 eodem
1422 4985 1660 5027 numero
1710 4967 2014 5039 principiis

364 5059 491 5152 ipse
537 5075 800 5135 Christus
849 5069 1244 5128 constituerat.
1308 5059 1770 5152 Quadragesimo
1820 5061 2013 5112 autem

2129 3269 2224 3325 λον
2273 3267 2329 3324 δὲ
2370 3272 2469 3339 τῆς
2526 3271 2660 3345 πρὸς
2706 3271 2798 3325 τὸν
2856 3274 3028 3350 τάφον
3078 3275 3404 3344 σηματικῶς
3451 3277 3773 3344 παραμονῆς

2126 3359 2291 3413 αὐτοῦ
2323 3359 2410 3414 καὶ
2451 3361 2789 3433 νεκρώσεως.
2840 3359 2906 3415 Εἴ
2953 3357 3010 3414 δέ
3057 3382 3136 3433 τῳ
3180 3359 3339 3438 φίλον
3384 3359 3474 3414 καὶ
3517 3362 3616 3430 τῆν
3649 3363 3768 3414 οἷον

2126 3452 2224 3502 τοῦ
2271 3447 2460 3523 γένους
2507 3449 2955 3524 ἀναστοιχείωσιν
3002 3451 3092 3504 καὶ
3145 3449 3424 3504 ἀνάστασιν
3466 3448 3543 3510 εἷς
3592 3449 3767 3503 αἰτίαν

2127 3534 2270 3612 ἄγειν
2303 3544 2402 3606 τῆς
2451 3535 2776 3607 δεσποτικῆς
2826 3537 3186 3604 ἀναστάσεως,
3217 3537 3305 3592 καὶ
3338 3535 3426 3592 διά
3455 3539 3516 3592 τὸ
3565 3539 3770 3608 ταῦτην

2128 3625 2521 3700 ἐνεργουμένην
2567 3627 2670 3682 ὑπὸ
2709 3629 2810 3696 τῆς
2847 3627 3230 3704 τελεσιουργοῦ
3277 3631 3385 3682 τῶν
3436 3624 3582 3681 ὅλων
3610 3629 3774 3700 Τριά-

2130 3713 2220 3778 δος
2247 3717 2391 3790 τρισὶ
2425 3714 2821 3772 καταλελύσθαι
2864 3718 2955 3771 τὸν
3008 3717 3234 3770 θάνατον
3286 3717 3390 3771 ὑπὸ
3433 3720 3534 3771 τοῦ
3577 3718 3748 3770 Δεσπᾶ

2125 3827 2222 3861 του
2267 3809 2375 3860 τῶν
2427 3805 2570 3860 ὅλων
2618 3803 2873 3879 ἡμέραις,
2915 3801 3040 3860 οὒδέ
3089 3807 3154 3860 τά
3200 3806 3325 3880 παρ’
3371 3807 3531 3877 ἡμῶν
3582 3805 3658 3867 εἰς
3707 3805 3770 3858 τὸ

2129 3897 2434 3972 συμφωνεῖν
2465 3893 2856 3948 ἀντικείσεται·
2906 3895 2933 3948 6
2965 3895 3066 3967 γάρ
3118 3895 3364 3968 Λάζαρος
3418 3900 3515 3961 τῆς
3564 3915 3773 3966 κοσμι-

2127 3990 2232 4053 κῆς
2280 3983 2682 4056 στοιχειώσεως
2727 3981 2816 4036 καὶ
2867 3980 3276 4058 παλιγγενεσίας
3325 3977 3399 4035 ὤν
3447 3981 3639 4047 τύπος,
3691 3983 3767 4044 εἷς

2125 4072 2224 4141 τήν
2285 4069 2546 4144 ἐπίκηρον
2601 4069 2754 4132 αὖθις
2812 4068 3134 4144 ἐπανάγεται
3193 4068 3358 4139 τάξιν,
3411 4069 3478 4138 ἢν
3530 4067 3582 4123 ἐν
3633 4091 3769 4124 στοι-

2127 4157 2416 4235 χειώδεσιν
2455 4159 2766 4234 ἰσαρίθμοις
2816 4157 3014 4234 ἀρχαῖς
3061 4158 3219 4220 αὐτὸς
3271 4156 3571 4228 διετάξατο.
3621 4161 3770 4216 Mati

2128 4247 2184 4303 δὲ
2219 4249 2270 4322 μ’
2318 4248 2530 4324 ἡμέρας
2575 4249 2676 4317 τὴν
2731 4248 2868 4322 πρὸς
2927 4248 3151 4322 οὐρανὸν
3212 4245 3381 4302 ἄνεισι
3435 4248 3525 4303 καὶ
3575 4250 3767 4322 θρόνον

2124 4338 2216 4394 τὸν
2247 4339 2528 4412 πατρικὸν,
2573 4336 2686 4392 ἐπεί
2733 4337 2820 4392 τοί
2850 4358 2912 4411 γε
2958 4338 3046 4391 καὶ
3079 4339 3106 4391 ὁ
3137 4337 3307 4411 νόμος
3353 4337 3520 4400 τῦπος
3553 4337 3626 4392 ὣν
3658 4343 3766 4394 τῶν

2132 4426 2448 4500 μελλόντων
2511 4431 2627 4487 τοῖς
2693 4425 2753 4481 ἐκ
2817 4427 3017 4506 φθορᾶς
3095 4427 3456 4500 τικτομένοις,
3521 4424 3610 4481 διὰ
3673 4431 3769 4483 to}

2128 4514 2363 4590 ἀριθμοῦ
2391 4515 2606 4584 τούτου,
2652 4513 2834 4590 ὥσπερ
2881 4515 3028 4589 ἰεροῦ
3082 4515 3442 4592 εἰσαγωγέως,
3487 4516 3586 4583 τὴν
3633 4517 3768 4590 πρὸς

2049 4596 2089 4658 D
2120 4608 2183 4662 τὸ
2213 4605 2362 4680 ἅγιον
2425 4605 2708 4680 ἐχαρίζετο
2758 4601 2994 4659 ε’ίσοδον.
3047 4605 3143 4660 Διά
3189 4626 3274 4660 τοι
3318 4609 3501 4678 τοῦτο,
3544 4608 3634 4659 καὶ
3681 4610 3768 4660 νῦν

2119 4697 2468 4768 πρωτότοκος
2509 4693 2569 4749 ἐκ
2617 4697 2820 4767 νεκρῶν
2862 4693 3150 4768 γενόμενος
3183 4695 3210 4748 6
3239 4697 3493 4769 Χριστὸς,
3525 4693 3619 4748 καὶ
3667 4698 3764 4764 τῆν

2121 4785 2416 4862 ἀφθαρσίαν
2464 4783 2708 4844 καινίσας
2759 4786 2837 4854 τῷ
2882 4780 3189 4854 πλάσματι,
3238 4785 3375 4857 πρὸς
3420 4784 3483 4838 τὸ
3537 4785 3767 4858 ὐπερου-

2123 4875 2304 4950 ράνιον
2337 4874 2426 4928 καὶ
2459 4872 2888 4947 ἀχειροποίητον
2916 4873 3005 4926 καὶ
3036 4873 3246 4928 πάντων
3277 4875 3438 4947 ἱερῶν
3469 4874 3768 4948 ἱερώτερον

2124 4963 2291 5018 αὖτοῧ
2350 4964 2498 5036 ἅγιον
2555 4965 2666 5015 τῶν
2725 4960 2894 5036 ἁγίων
2943 4957 3185 5038 φαιδρῶς
3255 4959 3598 5028 εἶσελᾶύνων,
3657 4963 3772 5017 ἀνι.

2128 5051 2200 5108 λα
2212 5048 2492 5126 μϐάνεται.

365 5141 460 5224 die
489 5167 560 5222 ad
603 5163 780 5222 caelos
836 5165 1265 5233 paternumque
1322 5151 1635 5208 revertitur
1684 5145 1955 5202 thronum
2015 5143 2338 5200 Dominus:
2374 5143 2526 5215 quod
2588 5146 2645 5198 et
2712 5141 2824 5212 lex,
2857 5157 3048 5198 rerum
3098 5141 3425 5198 futurarum
3484 5142 3773 5215 exemplar

364 5261 422 5313 et
466 5257 670 5328 figura,
705 5254 778 5308 iis
808 5231 902 5324 qui
936 5264 1004 5307 ex
1033 5244 1402 5316 corruptione
1449 5237 1732 5312 progeniti
1756 5239 2005 5328 _es_sen_t,
2039 5250 2141 5306 per
2171 5235 2327 5290 hunc
2396 5247 2728 5300 numerum,
2761 5232 2927 5304 quasi
2995 5247 3224 5288 sacrum
3284 5231 3624 5300 ductorem,
3655 5234 3772 5291 adi-

366 5319 578 5402 tumet
633 5319 960 5415 ingressum
1001 5337 1072 5394 ad
1136 5349 1302 5391 sacra
1361 5331 1534 5403 adyta
1589 5325 1894 5399 permittit.
1936 5323 2077 5379 Eam
2136 5322 2358 5379 scilicet
2413 5323 2486 5378 ob
2544 5337 2780 5377 causam
2836 5319 3011 5378 etiam
3045 5337 3200 5376 nunc
3250 5320 3674 5393 primogenitae
3704 5339 3771 5380 ex

366 5433 614 5492 mortuis
687 5411 873 5488 fictus
953 5427 1219 5484 Christus
1300 5421 1401 5494 (t),
1489 5415 2098 5486 immortalitatemque
2167 5419 2441 5468 creaturas
2499 5427 2620 5468 suae
2679 5427 2782 5482 per
2837 5411 3264 5467 restitutionem
3327 5425 3626 5478 asserens,
3699 5413 3768 5469 ad

439 5628 518 5698 (1)
551 5649 580 5678 ‹‹
631 5623 1472 5698 Primogenitus_mortuorum
1529 5621 1582 5668 et
1632 5611 1902 5698 princeps
1948 5608 2078 5666 vitae
2129 5608 2250 5665 Dei.
2319 5608 2467 5665 Nam
2501 5609 2652 5667 Deus
2701 5611 2973 5668 transivit
3022 5609 3080 5665 in
3140 5607 3466 5678 hominem,
3499 5615 3564 5666 ut
3597 5612 3773 5672 homo

365 5684 629 5760 transeat
665 5698 725 5756 in
759 5684 960 5754 Deum.
994 5718 1022 5744 η
1053 5695 1221 5763 (lren.
1257 5691 1358 5745 lib.
1394 5703 1468 5754 ιν,
1501 5701 1626 5756 cap.
1665 5684 1786 5754 59.)
