4070 6274
137 473 278 533 749
1200 474 1822 538 ECCLESIASTICIE
1862 473 2262 537 HISTORIIE
2304 473 2456 534 LIB.
2502 473 2551 532 Ι.
3459 473 3581 533 750

141 606 406 680 αὐχένα,
465 607 542 668 ὡς
603 605 745 681 μηδὲ
820 608 959 663 πάνυ
1033 606 1219 684 ὄρθιον
1295 611 1384 664 καὶ
1457 611 1810 684 ἐντεταμένην

1957 611 2170 665 undam
2203 613 2305 664 aut
2333 611 2564 664 acutam
2596 607 2803 663 habuit
2846 606 3072 672 faciem,
3105 607 3206 663 sed
3229 607 3418 680 qualis
3450 624 3583 666 ma-

140 689 317 773 ἔχειν
383 697 485 764 τὴν
546 695 764 764 ἠλικίαν
819 702 916 751 τοῦ
959 698 1234 771 σώματος.
1271 699 1574 774 Σιτόχροος
1625 697 1701 766 δὲ,
1733 697 1824 752 καὶ

1963 700 2040 754 ris
2071 699 2195 768 ejus
2225 702 2365 766 erat,
2401 697 2625 767 paulum
2665 697 2932 752 deorsum
2965 713 3192 753 versum
3226 702 3582 768 vcrgeutem,

145 784 216 837 οὗ
279 782 644 861 στρογγύλην
719 781 866 860 ἔχων
940 787 1039 855 τήν
1114 785 1239 860 ὄψιν
1322 786 1635 864 ἐτύγχανεν,
1695 786 1824 841 ἀλλ’

1952 805 2001 842 ιο
2035 787 2257 842 modice
2288 785 2671 841 rubicundam
2707 802 2720 840 :
2751 784 3086 857 gravitatem
3130 787 3305 854 atque
3336 785 3586 855 pruden-

143 870 360 946 ὥσπερ
391 879 492 941 τῆς
544 875 749 947 μητρὸς
801 875 975 930 αὐτοῦ
1026 874 1220 948 μικρὸν
1267 873 1824 944 ὑποκαταϐαίνουσαν,

1952 879 2076 932 .iam
2117 893 2251 933 cum
2279 875 2531 946 .'_lenitate
2577 877 2970 946 conjunctem,
3013 873 3585 946 placabilitatcmque

148 960 365 1037 ὀλίγον
451 959 496 1016 δ’
575 961 1110 1038 ἐπιφοινισσομένην,
1187 963 1310 1018 ὅσον
1382 965 1692 1039 ὑποφαίνειν
1763 965 1826 1018 τὸ

1964 966 2247 1021 racundiae
2301 968 2590 1036 expertem
2631 982 2748 1036 prae
2809 979 2869 1018 se
2919 965 3217 1018 ferentem.
3263 961 3583 1018 Persimilis

147 1049 370 1123 σεμνόν
431 1071 490 1106 τε
535 1051 624 1106 καὶ
671 1053 887 1107 συνετὸν
927 1056 1023 1106 τοῦ
1071 1053 1242 1122 ἤθους
1307 1053 1399 1108 καὶ
1453 1053 1684 1126 ἥμερον,
1736 1053 1823 1107 καὶ

1952 1055 2188 1126 ienique
2211 1071 2308 1126 per
2339 1054 2535 1110 omnia
2583 1054 2690 1108 fuit
2721 1053 2926 1108 divinae
2957 1057 3015 1107 et
3044 1052 3434 1107 immaculata:
3463 1067 3581 1105 sum

147 1139 216 1194 τὸ
310 1140 564 1212 καθάπαξ
648 1141 940 1215 ἀόργητον.
1001 1143 1151 1198 Κατὰ
1231 1143 1405 1197 πάντα
1481 1139 1536 1196 δὲ
1611 1143 1676 1210 ἦν
1726 1141 1829 1214 ἐμ.-

1952 1144 2236 1199 Τποοὶῑινὶοἱ.
2291 1149 2370 1200 Ac
2420 1143 2538 1199 haec
2569 1143 2803 1214 quidem
2839 1142 3139 1198 hactenus.
3172 1138 3586 1213 Complectitur

151 1229 344 1304 φερής
419 1231 490 1302 τῇ
577 1229 694 1301 θείᾳ
767 1228 858 1284 καὶ
939 1229 1266 1303 πανασπίλῳ
1341 1229 1547 1285 ἐκείνου
1635 1229 1825 1305 μητρί.

1952 1237 2135 1286 autem
2167 1233 2388 1303 primus
2427 1231 2523 1288 hic
2553 1231 2926 1286 historiarum
2961 1229 3106 1285 liber
3136 1245 3318 1284 annos
3350 1229 3592 1300 triginta

149 1320 351 1372 Ταῦτα
411 1316 507 1389 μὲν
564 1315 616 1370 ἐν
666 1321 906 1381 τούτοις.
939 1318 1190 1392 Περιέχει
1245 1314 1303 1373 δὲ
1351 1321 1385 1388 ἡ
1435 1318 1679 1392 παροῦσά
1735 1339 1829 1392 μοι

1952 1324 2080 1388 tres,
2116 1319 2284 1376 initio
2335 1325 2571 1392 sumpto
2606 1337 2639 1375 a
2670 1319 3114 1392 quadragesimo
3162 1317 3414 1374 secundo
3466 1323 3588 1372 Au-

151 1405 370 1478 πρώτη
432 1409 542 1458 τῶν
593 1404 849 1480 ἱστοριῶν
899 1407 1100 1481 χρόνον
1147 1405 1280 1462 ἐτῶν
1325 1411 1492 1476 τριῶν
1554 1407 1688 1480 πρὸς
1761 1405 1830 1476 λ’,

1952 1410 2098 1482 gusti
2131 1410 2372 1466 Cesaris
2403 1410 2526 1481 jam
2579 1410 2940 1465 senescentis
2989 1406 3216 1478 imperii
3265 1423 3439 1476 anno,
3472 1423 3590 1478 quo

155 1493 456 1568 ἀρξαμένη
523 1495 616 1566 μὲν
706 1495 813 1550 ἀπὸ
893 1499 984 1550 τοῦ
1063 1500 1492 1571 τεσσαρακοστοῦ
1578 1493 1831 1568 δευτέρου

1952 1499 2226 1555 Dominus
2287 1505 2482 1555 noster
2548 1499 2717 1554 Jesus
2780 1498 3045 1554 Christus
3103 1512 3236 1551 cum
3295 1511 3467 1551 carne
3526 1512 3596 1552 ex

154 1579 324 1646 ἔτους
371 1590 478 1652 τῆς
533 1583 840 1658 μοναρχίας
891 1584 1203 1660 Αὐγούστου
1255 1586 1542 1660 Καίσαρος,
1579 1583 1683 1654 ¹ἕδη
1726 1583 1831 1654 λή-

1952 1597 2144 1645 sancta
2175 1587 2456 1660 processit
2484 1586 2721 1658 Virgine
2753 1602 2768 1643 :
2818 1587 2932 1641 ﬁne
2982 1588 3174 1641 autem
3207 1585 3265 1639 in
3299 1583 3590 1640 decimum

153 1693 383 1745 γοντος,
447 1673 535 1726 ὅτε
591 1673 681 1727 καὶ
741 1673 770 1727 ὁ
829 1673 1022 1748 Κύριος
1101 1676 1262 1747 ἡμῶν
1322 1676 1534 1745 Ἰησοῦς
1595 1675 1831 1748 Χριστὸς

1952 1695 2162 1734 nonum
2196 1677 2272 1748 (ί)
2305 1676 2522 1732 Tiberii
2556 1675 2799 1730 Caesaris
2831 1673 3172 1744 imperantis
3201 1689 3420 1729 annum
3446 1673 3592 1728 desi-

163 1763 307 1834 μετᾶ
375 1761 578 1835 σαρκὸς
652 1759 712 1816 ἐκ
783 1769 883 1831 τῆς
953 1762 1106 1838 ἁγίας
1191 1763 1440 1838 προῆλθε
1514 1763 1830 1837 Παρθένου⁸

1952 1771 2136 1823 nente.
2185 1767 2285 1838 qui
2323 1766 2556 1838 quidem
2591 1781 2623 1819 a
2657 1764 2874 1819 mundo
2903 1762 3136 1818 condito
3165 1760 3244 1833 (2)
3278 1761 3596 1834 quinquies

158 1849 532 1920 καταλγςξασα
583 1848 641 1904 δὲ
688 1847 818 1925 ἄχρι
865 1852 956 1906 καὶ
1011 1849 1109 1908 τοῦ
1159 1849 1628 1908 ἐννεακαιδεκάτου
1678 1850 1830 1914 ἔτους

1952 1855 2289 1911 millesimus
2319 1853 2828 1926 quingentesimus
2851 1851 3186 1907 tricesimus
3217 1867 3466 1919 nonus,a
3493 1869 3595 1905 na-

163 1936 432 2014 Τιϐερίου
526 1937 790 2014 Καίσαρος
872 1937 980 2011 ἤδη
1075 1939 1538 2016 καταρχομένου·
1601 1943 1837 2010 ὁπηνίκα

1952 1943 2174 1999 tivitate
2214 1949 2406 2000 autem
2444 1943 2670 1999 Domini
2703 1941 3033 1998 tricesimus
3063 1939 3263 1996 tertius
3293 1939 3398 1994 fuit
3420 1939 3523 2011 (3).

165 2029 390 2102 κόσμου
477 2031 573 2102 μὲν
632 2023 753 2093 ἔτος
817 2029 1013 2106 ,ιφλθ’,
1069 2030 1178 2086 ἀπὸ
1253 2029 1310 2086 δὲ
1383 2039 1483 2102 τῆς
1562 2031 1707 2094 θείας
1783 2036 1879 2087 τοῦ
1958 2034 2158 2107 Κυρίου
2243 2033 2544 2106 γεννήσεως
2622 2029 2804 2106 τρίτον
2885 2029 3020 2103 πρὸς
3103 2033 3224 2090 τοῖς
3306 2028 3599 2101 τριάκοντα

171 2118 516 2194 ἐπεραίνετο.

247 2316 330 2388 (t)
365 2315 749 2391 Nicephorus,
783 2322 958 2391 atque
995 2316 1094 2372 alii
1127 2317 1328 2391 itidem
1377 2321 1659 2391 auctores,
1707 2337 1839 2391 pas-

178 2387 408 2442 sionem
446 2387 664 2442 Christi
693 2387 832 2442 Jesu
866 2387 1182 2444 Selvatoris
1215 2388 1418 2458 nostri,
1456 2390 1514 2444 in
1547 2387 1836 2446 deciu'ium

177 2475 408 2514 nonum
444 2459 784 2534 imperantis
822 2459 1305 2534 Tiberii_ann_um
1359 2461 1619 2516 referent
1661 2477 1674 2516 :
1724 2479 1839 2534 quo

181 2546 337 2584 anno
371 2530 646 2585 consules
680 2533 835 2586 t'uere
867 2530 996 2585 Fur.
1033 2531 1258 2586 Camill.
1294 2534 1572 2586 Aruntius
1621 2530 1840 2588 Scribo-

183 2602 425 2662 nianus.
453 2611 508 2655 ct
539 2602 641 2656 Cu.
668 2603 949 2656 Domilius
970 2602 1357 2657 1Enoburbus.
1377 2606 1448 2658 At
1483 2604 1836 2670 Lactantius,

185 2672 368 2746 Instit.
422 2672 595 2746 dit-in.
653 2673 753 2746 lib.
807 2689 882 2746 tv,
925 2673 1165 2746 Tiberii,
1199 2674 1408 2746 inquit,
1467 2693 1618 2728 anno
1661 2682 1840 2746 quin-

189 2744 450 2804 decimo,
481 2744 536 2797 id
567 2749 671 2810 est,
721 2745 951 2800 duobus
996 2743 1258 2800 Geminis
1286 2743 1838 2815 ’ctJrisutibus,'ante

191 2815 352 2886 diem
384 2816 682 2881 septimum
708 2815 1330 2886 Cal.Aprilium,Jud:ei
1363 2817 1656 2871 Christum
1682 2818 1837 2872 cruci

197 2883 524 2938 aifixerunt.
582 2887 788 2940 Eorum
838 2883 1142 2942 consulum
1205 2888 1428 2952 integra
1458 2889 1690 2942 nomine
1721 2889 1841 2943 fue-

200 2969 327 3010 runt
355 2973 370 3008 :
401 2961 460 3008 (J.
495 2957 793 3012 Rubellius
815 2959 1112 3024 Geminus,
1133 2967 1182 3011 et
1215 2959 1274 3014 C.
1301 2959 1510 3012 Fusius
1535 2959 1836 3014 Geminus.

200 3029 526 3081 Lactantius
564 3029 902 3085 Tertulliani
952 3032 1305 3084 sententiam
1337 3037 1426 3085 est
1455 3039 1710 3095 secutus,
1747 3049 1840 3086 cu-

190 3098 288 3165 jus
319 3099 441 3153 baec
473 3101 641 3154 verba
667 3109 801 3154 sunt
847 3103 901 3155 in
939 3099 1042 3155 lib.
1099 3100 1368 3156 Adversus
1395 3102 1605 3156 Judwos
1633 3119 1651 3156 :
1675 3124 1702 3153 α
1737 3103 1838 3157 Ti-

196 3168 783 3240 beriiquintodecimo
809 3172 1201 3241 annoimperii
1221 3189 1427 3240 passus
1453 3174 1836 3240 estChristus,

195 3255 376 3295 annos
435 3241 654 3296 habens
687 3247 853 3314 quasi
903 3245 992 3309 30,
1025 3258 1158 3297 cum
1209 3249 1525 3314 pateretur,
1557 3250 1666 3299 etc.
1700 3246 1836 3308 Quae

1949 2318 2334 2376 recentiorum
2366 2335 2514 2388 quas
2544 2334 2574 2372 e
2595 2315 2774 2373 sacris
2817 2315 3017 2388 Bibliis
3054 2317 3402 2386 acceperunt
3433 2316 3598 2388 ratio-

1951 2407 2054 2446 nes
2084 2387 2402 2446 accederetl
2437 2389 2544 2444 Sed
2580 2389 2636 2444 in
2671 2387 2986 2459 posteriore
3017 2388 3127 2442 ista
3159 2393 3214 2442 et
3242 2387 3596 2459 accuratiore

1947 2463 2221 2529 editione,
2257 2461 2522 2517 millenos
2567 2457 2878 2515 eos'annos
2909 2459 3124 2530 ubique
3150 2457 3406 2530 restitui,
3435 2459 3510 2513 ita
3534 2466 3597 2516 ut

1952 2535 2010 2588 in
2040 2528 2236 2588 Graec
2285 2531 2598 2602 exemplari
2639 2532 2861 2602 positos
2893 2528 3101 2600 reperi.
3145 2528 3274 2602 Feci
3307 2529 3360 2582 id
3390 2545 3463 2602 en
3496 2547 3593 2600 po-

1951 2605 2242 2659 tissimum
2275 2601 2561 2658 adductus
2604 2601 2844 2667 ratione,
2876 2602 3027 2671 quod
3063 2607 3119 2654 et
3152 2601 3504 2655 Lactuntium
3537 2609 3596 2658 et.

1953 2677 2344 2748 Augustinum
2377 2675 2631 2748 viderem
2666 2674 2990 2748 scripsisse,
3023 2677 3188 2748 aetate
3217 2687 3418 2748 eorum
3461 2689 3596 2748 sex-

1949 2742 2086 2801 tum‘
2124 2747 2328 2801 mundi
2406 2742 2801 2801 millenariatn
2835 2742 3181 2798 cucurrisse.
3237 2742 3590 2812 Lactantius,

1949 2817 2050 2872 lib.
2085 2818 2246 2872 Instit
2275 2834 2376 2886 vn,
2409 2833 2535 2888 cap.
2573 2819 2636 2870 14
2671 2833 2684 2871 :
2719 2838 2746 2864 «
2768 2814 3021 2888 iSciant,
3069 2813 3278 2884 inquit,
3307 2813 3596 2888 __p_hiloso-

1950 2888 2068 2958 pbi,
2099 2889 2198 2959 qui
2227 2889 2297 2943 ab
2325 2883 2558 2942 exordio
2605 2887 2806 2941 mundi
2852 2883 3199 2959 uasculorum
3243 2883 3424 2940 millia
3453 2902 3594 2941 enu-

1950 2957 2198 3025 merant,
2232 2960 2762 3023 nondumEsextum
2807 2957 3184 3012 millesimum
3217 2973 3437 3011 annum
3469 2974 3596 3013 esse

1949 3031 2316 3091 conclusum.
2350 3048 2464 3101 quo
2495 3046 2739 3086 numero
2778 3029 3002 3098 expleto
3032 3029 3594 3101 consummationem

1949 3101 2073 3157 ﬂeri
2106 3119 2336 3159 necesse
2366 3100 2470 3163 est,
2514 3109 2571 3158 et
2603 3103 2992 3156 humanarum
3040 3114 3235 3153 rerum
3279 3104 3500 3154 statum
3533 3100 3592 3156 in

1949 3173 2158 3228 melius
2192 3175 2511 3229 reformari.
2543 3193 2574 3226 ιι
2609 3174 2858 3243 August.
2904 3171 2974 3225 De
3011 3169 3161 3243 civit.
3193 3169 3294 3243 lib:
3329 3186 3422 3240 xx,
3456 3188 3503 3225 c.
3535 3173 3592 3239 7,

1947 3245 2016 3299 de
2049 3245 2204 3298 mille
2235 3245 2404 3298 annis
2436 3241 2854 3315 Apocalypseos
2895 3241 3180 3315 scribens,
3213 3261 3242 3291 «
3271 3241 3332 3294 ln
3367 3242 3594 3298 ultimis

197 3317 380 3380 passio
417 3317 664 3379 perlecta
697 3321 786 3368 est
833 3317 940 3368 sub
987 3314 1218 3369 Tiberio
1263 3316 1502 3381 Caesare,
1536 3331 1685 3369 coss.
1724 3317 1837 3370 ttu-

196 3383 362 3436 bellio
395 3386 660 3450 Gemino,
714 3392 770 3439 et
823 3385 1029 3440 Rutino
1069 3385 1333 3449 Gemino,
1374 3403 1572 3440 mense
1615 3387 1834 3453 Martio,

199 3456 556 3528 temporibus
611 3455 860 3523 Pascbm,
933 3459 1024 3512 die
1089 3463 1290 3512 octavo
1341 3459 1460 3511 Cal.
1508 3457 1690 3528 April.
1747 3460 1838 3513 die

196 3527 378 3590 prima
400 3530 745 3598 Azyuiorum
772 3545 786 3582 :
809 3545 923 3598 quo
955 3543 1171 3598 agnum
1207 3533 1267 3582 ut
1297 3527 1623 3583 occiderent
1653 3529 1720 3583 a-l
1751 3545 1840 3583 vc-

193 3611 446 3666 speram,
477 3597 510 3652 ο
546 3597 701 3652 Mose
735 3597 919 3654 fuerat
943 3597 1312 3668 prmceptum.
1349 3621 1376 3648 »

263 3668 340 3738 (2)
379 3669 479 3722 Hic
516 3669 658 3724 mihi
721 3673 970 3740 ingenue
1028 3671 1319 3725 fatendum
1342 3671 1836 3740 est,cumingeo-

197 3741 304 3791 tem
339 3757 464 3794 esse
493 3741 744 3795 viderem
765 3745 907 3796 inter
938 3753 1152 3797 veteres
1175 3747 1231 3796 et
1255 3758 1431 3796 novos
1453 3742 1838 3810 chronologos

194 3815 247 3860 et
276 3816 606 3881 temporum
668 3813 1064 3868 observatores
1106 3813 1552 3871 dissonantium.
1586 3815 1756 3867 annis
1807 3829 1840 3867 ξι

196 3882 422 3952 condito
473 3884 693 3937 mundo
738 3884 1028 3948 notandis,
1091 3901 1182 3937 me
1231 3882 1286 3936 in
1321 3883 1620 3952 Nicephori
1659 3882 1838 3937 nostri

196 3951 398 4025 prioris
433 3954 708 4008 editionis
761 3956 925 4009 libris
966 3956 1180 4025 ubique
1220 3953 1378 4008 mille
1423 3951 1604 4009 unitos
1634 3957 1837 4009 detra-

196 4021 364 4088 xisse,
416 4034 471 4078 ut
531 4027 744 4079 notatio
801 4030 925 4096 ejus
992 4035 1046 4080 et
1083 4021 1446 4096 computatio
1492 4028 1730 4097 propius
1766 4028 1836 4080 ad

1947 3316 2138 3386 inquit
2160 3318 2342 3394 anuis
2364 3317 2542 3394 mille,
2575 3313 2810 3370 istares
2829 3313 3043 3394 agitur,
3171 3319 3280 3372 est,
3311 3319 3472 3394 sexto
3493 3331 3596 3370 an-

1950 3385 2158 3442 norum
2202 3388 2492 3452 milliario,
2543 3395 2824 3458 tanquam
2876 3390 3036 3439 sexto
3077 3385 3188 3450 die,
3232 3385 3411 3458 cujus
3442 3401 3598 3458 uuuc

1949 3460 2139 3528 spatia
2171 3460 2494 3528 posteriora
2549 3455 2878 3522 volvuntur,
2911 3459 3183 3528 secuturo
3213 3455 3423 3510 deinde
3453 3455 3597 3528 Sab-

1949 3527 2101 3594 hato,
2136 3527 2289 3598 quod
2332 3547 2444 3584 non
2501 3531 2670 3585 habet
2717 3543 3040 3598 veSperam.
3094 3544 3118 3576 α
3155 3527 3198 3579 Α
3228 3541 3344 3596 qua
3374 3527 3597 3583 ratione

1949 3617 2059 3653 non
2096 3597 2341 3654 multum
2395 3606 2689 3656 annntatio
2721 3597 3026 3667 Nicephori
3059 3611 3342 3650 annorum
3392 3600 3593 3652 mundi

1948 3672 2258 3736 discrepat.

2018 3743 2096 3811 (3)
2145 3741 2425 3798 Neoterici
2473 3742 2812 3810 chronologi
2863 3739 3180 3794 admodum
3227 3755 3258 3793 ιι
3307 3743 3598 3800 veteribus

1949 3812 2302 3886 discrepant.
2334 3814 2589 3877 Quorum
2637 3813 2880 3886 quidam
2933 3812 3089 3864 hunc
3137 3825 3355 3865 annum
3393 3817 3597 3871 mundi

1948 3885 2465 4010 conditzoptinsent
2521 3885 2670 3942 esse’
2722 3886 2880 3941 3995.
2933 3888 3228 3944 Teodorus
3267 3886 3601 3943 Bibliander

1953 3972 2091 4010 nom
2300 4000 2311 4010 .

1953 3972 2311 4025 ponitquu.
