4070 6274
391 343 506 406 761

403 495 3626 527 “WW—

1683 342 2105 406 NICEPHORI
2149 343 2506 407 CALLlS'l‘I

3690 356 3816 416 752

663 693 2072 867 ΝΙΚΗΦΟΡΟΥ
2187 697 3542 878 ΚΑΛΛΙΣΤΟΥ

1855 963 2348 1015 ΧΔΝΘΟΠΟΥΛΟΥ

852 1124 2420 1258 ΕΚΚΑΗΣΙΑΣΤΙΚΗΣ
2521 1134 3346 1266 ΙΣΤΟΡΙΑΣ

1765 1359 2191 1457 ΤΟΜΟΣ
2279 1363 2418 1462 Β’.

1053 1680 2157 1847 NICEPHORI
2238 1684 2474 1849 CA
2500 1688 3062 1853 LLIST
3075 1691 3140 1852 Ι

1839 1953 2344 2018 XANTHOPULI

844 2128 2274 2260 ECCLESIASTICE
2426 2130 3344 2257 HISTOHIZE

1797 2357 2194 2450 TOMUS
2277 2361 2376 2445 II.

971 2708 1009 2764 I
1026 2707 1148 2766 80
1165 2708 1400 2766 CAPUT
1427 2709 1471 2764 Ι.

399 2819 463 2876 ω
490 2823 611 2890 post
658 2816 1032 2890 ascensiorsem
1077 2815 1321 2890 Domini
1347 2813 1600 2890 Matthics
1647 2826 1745 2882 pro
1781 2809 1920 2867 Juda
1978 2811 2041 2864 in

464 2885 764 2944 viumerum
791 2885 1079 2943 duodecim
1115 2886 1481 2958 apostolorum
1507 2886 1584 2940 sit
1611 2891 1912 2954 cooptatus.

468 3064 660 3121 Primo
691 3064 862 3132 libro,
892 3081 1018 3136 quis
1077 3080 1224 3137 Opus
1256 3065 1384 3129 fuit,
1425 3066 1496 3120 de
1525 3063 1690 3120 Verbi
1717 3063 2042 3130 divinitate,

397 3157 455 3211 et
483 3154 754 3210 doctrina
805 3151 1146 3208 Christianas
1179 3152 1587 3223 antiquissima
1616 3152 1860 3223 origine,
1887 3152 2043 3224 quod

397 3241 659 3299 videlicet
721 3241 1051 3296 institutum
1108 3258 1178 3296 ex
1233 3241 1564 3312 praescripto
1623 3240 1916 3310 Evangelii
1968 3241 2045 3294 vi-

396 3329 591 3398 vendi,
618 3345 733 3387 una
788 3346 921 3385 cum
955 3331 1080 3401 ipso
1133 3331 1349 3386 mundo
1402 3329 1639 3396 exstitit,
1679 3347 1711 3384 θ.
1759 3330 2046 3385 veteribus

397 3421 516 3479 Deo
567 3421 798 3478 dilectis
842 3420 1203 3488 hominibus,
1253 3421 1421 3492 quasi
1479 3437 1580 3492 per
1608 3421 1878 3475 umbram
1933 3419 2044 3475 fre-

399 3513 742 3584 quentatum
777 3527 790 3565 :
823 3514 1097 3582 praeterea
1149 3511 1302 3582 quod
1327 3509 1757 3582 'appellationes
1791 3513 2046 3564 Servato-

399 3599 482 3657 ris
511 3600 695 3656 nostri
726 3599 786 3655 in
833 3615 1106 3672 magnum
1139 3599 1463 3671 antiquitus
1499 3598 1710 3654 fuerint
1743 3599 2042 3665 honorem,

398 3693 455 3743 et
483 3688 775 3760 quomodo
801 3688 1139 3744 Judaaorum
1182 3703 1424 3760 regnum
1448 3689 1580 3758 ljam
1614 3686 1747 3742 inde
1779 3689 1850 3741 ab
1883 3685 2046 3741 initio

400 3776 474 3833 ad
507 3775 787 3833 Herodem
847 3792 1028 3848 usque
1058 3777 1136 3832 sit
1182 3775 1494 3832 deductum
1530 3793 1542 3831 :
1595 3779 1714 3830 tum
1749 3779 1939 3830 autem
1978 3775 2047 3828 de

399 3866 763 3938 apparitione
797 3869 854 3921 et
882 3867 1192 3936 praesentia
1221 3867 1535 3922 Servatoris
1582 3865 1795 3922 Christi
1843 3867 1901 3921 in
1933 3870 2051 3919 ter-

399 3954 498 4023 ris,
530 3953 823 4024 simulque
852 3955 924 4010 de
952 3955 1069 4011 vita
1101 3961 1156 4010 et
1179 3955 1465 4010 institutis
1495 3957 1625 4027 ejus
1659 3971 1672 4009 :
1709 3955 1947 4024 insuper
1977 3954 2048 4007 de

2071 2701 2129 2770 Α

2784 2709 3162 2766 ΚΕΦΔΛ.Λ.

2151 2810 2250 2900 αρε
2291 2810 2609 2900 perdt-11):
2641 2815 3447 2900 roB_KuptouK&'v‘ilr;q;t.v
3501 2819 3804 2900 Ματθίας

2223 2881 2362 2934 ἂντὶ
2435 2881 2677 2958 Ἰούδας
2720 2883 2810 2958 τῷ
2872 2881 3001 2940 τῶν
3069 2881 3804 2944 δώδεκα’ἀποστόλων

2224 2953 2738 3033 συγκατελὲχθη
2781 2953 2987 3031 χορῷ.

2223 3055 2360 3128 ’ἰδίᾳ
2419 3062 2512 3132 μὲν
2573 3059 2664 3114 οὖν
2723 3062 2821 3116 ὅσα
2874 3065 2924 3138 γ’
2980 3062 3150 3139 ἐχρῆν
3202 3066 3324 3140 περί
3381 3086 3439 3121 τε
3510 3064 3799 3140 θεολογίας

2152 3147 2241 3200 καὶ
2297 3155 2397 3212 τῆς
2456 3149 2825 3223 ἀρχαιότητος
2883 3157 2979 3207 τοῦ
3035 3154 3154 3207 καθ’
3185 3155 3334 3226 ἡμᾶς
3377 3151 3685 3226 δόγματος⁶
3717 3150 3800 3210 ἔτι

2155 3232 2212 3288 δὲ
2268 3237 2342 3296 ὡς
2392 3237 2698 3316 σᾶγχρονος
2747 3241 2815 3310 ἦν
2867 3243 2898 3309 ἡ
2944 3242 3080 3296 κατὰ
3127 3243 3190 3296 τὸ
3244 3241 3586 3318 Εὐαγγὲλιον
3631 3244 3801 3297 πολι-

2151 3324 2267 3378 τεία
2313 3331 2394 3397 τῷ
2426 3329 2642 3400 κόσμῳ,
2674 3329 2818 3398 παρά
2856 3334 2965 3383 τῶν
3010 3328 3178 3384 πάλαι
3229 3328 3479 3392 σκιωδῶς
3524 3331 3798 3405 θεοφιλῶν

2157 3413 2512 3489 ἐνεργουμὲνη
2561 3415 2803 3487 ἀνδρῶν·
2837 3418 2926 3472 καὶ
2972 3418 3047 3482 ὡς
3095 3419 3148 3472 αἱ
3197 3417 3422 3489 κλήσεις
3471 3425 3565 3474 τοῦ
3606 3427 3798 3489 Σωτῆ-

2156 3523 2249 3578 ρος
2307 3506 2466 3577 ἡμῶν
2518 3502 2590 3558 δι’
2636 3503 2820 3568 αἰδοῦς
2867 3504 3071 3583 ἤγοντο
3114 3508 3203 3562 καὶ
3229 3513 3344 3569 τοῖς
3378 3507 3676 3570 παλαιοῖς·
3707 3509 3804 3563 καὶ

2154 3593 2278 3666 περὶ
2360 3600 2460 3662 τῆς
2535 3591 2734 3648 ἄνωθεν
2821 3593 2873 3658 ἔς
2953 3595 3118 3650 αὐτὸν
3174 3593 3428 3670 Ἡρώδην
3501 3597 3799 3666 κατιούσης

2155 3681 2376 3758 ἀρχῆς·
2435 3683 2518 3736 ναὶ
2582 3684 2688 3756 μὴν
2747 3685 2836 3738 καὶ
2894 3683 3016 3758 περὶ
3071 3691 3172 3753 τῆς
3229 3683 3304 3746 εἷς
3352 3691 3456 3761 γῆν
3487 3685 3801 3762 ἐπιφανείας

2155 3775 2251 3825 τοῦ
2311 3777 2569 3846 Σωτῆρος
2627 3777 2883 3846 Χριστοῦ,
2915 3780 3014 3841 τῆς
3069 3794 3125 3828 τε
3180 3772 3465 3838 πολιτείας
3514 3775 3604 3830 καὶ
3662 3775 3800 3850 ἄγω·

2155 3861 2278 3932 γῆς,
2323 3861 2411 3913 καὶ
2457 3866 2558 3928 τῆς
2600 3865 2709 3916 τῶν
2757 3861 3078 3917 ἀποστόλων
3123 3859 3376 3938 ἒκλογῆς,
3439 3863 3504 3918 οὗ
3575 3863 3686 3936 μὴν
3739 3859 3799 3917 δὲ

2153 3948 2301 4004 ἀλλᾶ
2354 3950 2444 4004 καὶ
2503 3951 2624 4025 περὶ
2681 3956 2778 4006 τοῦ
2855 3953 3255 4027 βαπτίσματος,
3313 3953 3408 4008 καὶ
3475 3956 3574 4007 τοῦ
3649 3954 3796 4008 θείου

398 4041 796 4116 apostolorum
827 4043 1126 4112 electione,
1187 4045 1258 4099 de
1317 4044 1630 4114 baptismo,
1683 4043 1878 4098 divina
1911 4059 2044 4112 pas-

2160 4040 2361 4100 πάθους
2418 4040 2606 4110 αὐτοῦ,
2638 4040 2727 4094 καὶ
2783 4048 2883 4110 τῆς
2939 4042 3298 4110 ἀναστάσεως,
3347 4040 3436 4096 καί
3501 4039 3580 4104 εἰς
3641 4040 3800 4115 οὐρα-

398 4132 585 4200 sione,
616 4133 1054 4200 resurrectione,
1087 4137 1145 4190 et
1192 4133 1376 4188 reditu
1410 4133 1536 4203 ejus
1567 4132 1627 4187 in
1659 4132 1853 4200 cmlos,
1887 4132 2050 4186 deni-

398 4236 512 4294 que
547 4221 619 4278 de
666 4221 1030 4278 restitutione
1062 4222 1266 4277 mundi
1312 4221 1711 4292 exposuimus.
1764 4219 2049 4292 Deinceps

396 4325 462 4366 ea
491 4325 615 4381 quas
648 4313 781 4380 post
809 4307 1210 4364 ascensionem
1243 4309 1562 4365 Servatoris
1591 4312 1722 4362 acta
1759 4307 1898 4375 sint,
1929 4307 2051 4363 bre-

395 4397 541 4455 viter
569 4413 1000 4469 percurramus,
1053 4397 1224 4453 rebus
1255 4397 1649 4469 apostolorum
1703 4396 1884 4468 gestis
1913 4413 2049 4452 sua-

393 4488 543 4546 viter
572 4487 974 4556 immerentes,
1007 4487 1242 4543 ubinam
1274 4493 1331 4543 et
1354 4487 1646 4560 quomodo
1678 4485 2042 4541 salutiferum

392 4575 648 4634 Verbum
680 4592 780 4645 per
813 4575 1186 4631 habitabilem
1221 4577 1418 4631 orbem
1452 4575 1827 4639 increbuerit,
1865 4589 2050 4646 quas-

393 4665 534 4722 libet
556 4663 733 4721 etiam
756 4664 1226 4736 uniuscujusque
1255 4680 1456 4720 eorum
1483 4680 1582 4734 per
1611 4662 1895 4734 Spiritum
1921 4662 2050 4718 etl'e-

393 4755 616 4812 ctiones
645 4759 703 4812 et
731 4769 924 4828 opera,
984 4758 1042 4810 et
1069 4770 1243 4826 quem
1273 4756 1518 4826 quisque
1574 4755 1703 4808 vita;
1736 4752 1909 4808 ﬁnem
1943 4751 2048 4806 ha-

391 4844 604 4916 buerit,
649 4859 866 4917 quasve
895 4859 966 4902 ex
995 4844 1268 4915 gentibus
1315 4843 1680 4899 constituerit
1727 4841 2045 4908 Ecclesias;

392 4939 685 5008 postremo
709 4933 924 5006 quibus
956 4933 1272 4988 (unctionis
1295 4950 1413 4988 sua;
1438 4931 1521 4988 illi
1545 4930 1886 5003 reliquerint
1913 4946 2048 4985 suc-

393 5022 707 5081 sessiones.
741 5022 931 5094 anue
963 5022 1174 5094 partim
1209 5037 1277 5076 ex
1309 5021 1522 5076 divinis
1554 5019 1780 5076 Liiteris
1811 5017 2047 5088 collige-

389 5127 543 5180 mus,
579 5110 790 5182 partim
822 5125 891 5166 ex
921 5109 1053 5164 aliis
1072 5109 1390 5177 historicis,
1425 5113 1488 5164 ut
1525 5123 1652 5164 sese
1691 5104 1852 5163 I8!
1890 5106 2050 5176 quis-

391 5216 504 5274 que
535 5199 702 5258 locus
730 5199 911 5268 dabit,
946 5199 1275 5254 atl'eremus.
1329 5198 1529 5270 Itaque
1577 5197 1725 5253 sacri
1779 5201 1837 5252 et
1867 5195 2044 5251 divini

393 5288 663 5361 apostoli,
697 5304 831 5345 cum
864 5305 933 5344 ex
981 5292 1176 5343 monte
1206 5287 1411 5343 Oliveti
1434 5286 1496 5342 in
1531 5286 1769 5342 domum
1801 5283 2047 5340 Joannis

392 5376 759 5449 evangelista
818 5377 886 5433 ad
919 5378 1056 5434 Sion
1117 5376 1286 5432 sitam
1317 5377 1442 5447 (ubi
1474 5391 1703 5447 quoque
1751 5374 1848 5429 Dei
1880 5372 2046 5428 Geni-

2161 4128 2285 4191 νοὺς
2335 4128 2487 4192 αὖθις
2545 4128 2736 4185 ἀνόδου
2783 4129 2976 4186 τούτου
3038 4133 3128 4185 καὶ
3185 4129 3690 4199 ἂποκαταστάσεως,
3741 4130 3794 4186 ὲν

2155 4224 2236 4292 τῷ
2293 4221 2496 4294 πρώτῳ
2545 4219 2896 4294 διεξήλθομεν
2944 4221 3122 4293 τόμῳ.
3164 4221 3322 4290 Ἑξῆς
3373 4217 3422 4274 δ’
3469 4219 3528 4274 ἂν
3588 4219 3674 4290 εἴη
3730 4220 3798 4275 τὰ

2163 4309 2296 4382 μετᾶ
2341 4311 2440 4377 τήν
2502 4307 2772 4384 ἀνάληψιν
2834 4313 2930 4364 τοῦ
2990 4315 3248 4384 Σωτῆρος
3306 4308 3630 4384 γεγενημένα
3680 4330 3795 4364 συν·

2157 4399 2420 4470 τεμόντας
2478 4395 2818 4473 διαδραμεῖν,
2879 4399 3105 4473 Πράξεσι
3155 4401 3263 4453 τῶν
3322 4396 3648 4452 ἀποστόλων
3707 4396 3799 4471 ἐμ-

2159 4484 2636 4562 φιλοχωροῦντας,
2669 4489 2774 4558 ὅπη
2819 4507 2878 4542 τε
2917 4486 3007 4542 καὶ
3055 4486 3204 4548 ὅπως
3245 4487 3274 4542 ὁ
3315 4487 3589 4560 σωτήριος
3633 4485 3793 4562 λόγος

2157 4577 2256 4646 τὴν
2308 4575 2629 4649 οἰκουμένην
2681 4573 2958 4651 διέδραμε,
2999 4577 3097 4639 τάς
3149 4596 3207 4630 τε
3253 4577 3374 4630 καθ’
3422 4571 3647 4630 ἕκαστον
3700 4574 3791 4629 αὗ-

2156 4669 2266 4718 τῶν
2322 4669 2419 4719 τοῦ
2478 4667 2783 4738 Πνεύματος
2841 4665 3134 4740 ἐνεργείας’
3185 4665 3277 4720 καὶ
3334 4662 3439 4738 οἵῳ
3499 4665 3592 4719 καὶ
3649 4663 3792 4719 οὗτοι

2155 4752 2300 4809 τὲλει
2359 4755 2723 4833 χρησάμενοι,
2753 4755 2849 4816 τὰς
2906 4753 2956 4823 ἐξ
3007 4753 3165 4808 ἐθνῶν
3223 4753 3622 4824 κατεστήσαντο
3673 4755 3792 4809 Ἐκ.

2156 4841 2408 4912 κλησίας,
2443 4842 2646 4918 ἑτέροις
2690 4845 2786 4906 τὰς
2829 4841 3008 4899 αὓτῶν
3073 4841 3460 4905 καταλιπόντες
3511 4838 3791 4920 διαδοχὰς.

2155 4931 2225 4987 τὰ
2274 4932 2368 5003 μὶν
2425 4930 2484 4987 ἒκ
2542 4937 2646 4988 τῶν
2696 4933 2854 4988 θείων
2908 4931 3247 5007 γραμμάτων
3305 4928 3793 5003 ἐρανιζόμενοι,τᾶ

2159 5018 2217 5074 δὲ
2261 5021 2354 5075 καὶ
2410 5021 2459 5090 ἐξ
2520 5019 2705 5076 ἄλλων
2765 5022 3052 5096 ἱστορικῶν
3083 5019 3460 5095 ποριζόμενοι,
3492 5018 3568 5079 ὼς
3599 5016 3652 5072 ἒν
3683 5023 3795 5081 τοῖς

2157 5113 2348 5174 τόποις
2405 5112 2685 5187 γενόμενοι
2743 5112 3007 5186 λέξομεν·
3060 5111 3151 5166 καὶ
3225 5109 3400 5165 τοίνυν
3472 5113 3581 5164 τῶν
3645 5108 3794 5163 θείων

2157 5201 2248 5256 καὶ
2301 5201 2461 5276 ἱερῶν
2520 5199 2888 5274 μυστηπόλων
2944 5199 3050 5256 ἀπὸ
3106 5203 3202 5254 τοῦ
3261 5197 3562 5260 Ἐλαιῶνος
3623 5195 3795 5251 ὀπίσω

2158 5288 2601 5366 ἀναστραφέντων
2660 5290 2735 5352 εἰς
2793 5290 2884 5345 τὸν
2942 5288 2994 5343 ἐν
3043 5293 3112 5362 τῇ
3165 5287 3309 5342 Σιὼν
3362 5287 3514 5342 οἶκον
3547 5285 3794 5343 Ἰωάννου

2156 5382 2258 5432 τοῦ
2298 5377 2718 5454 Εὐαγγελιστοῦ,
2751 5380 2889 5435 ὅπου
2945 5374 3012 5446 δὴ
3069 5377 3161 5432 καὶ
3201 5377 3302 5445 τήν
3348 5376 3638 5446 Θεοτόκον,
3667 5375 3796 5450 πρὸς

393 5464 505 5522 trix
531 5441 576 5522 ἶ
592 5465 813 5539 virgine
841 5468 1157 5538 eodemque
1187 5441 1472 5538 discipulo
1491 5441 1733 5520 servata
1758 5477 1946 5536 usque
1975 5464 2044 5517 ad

2160 5470 2256 5522 τοῦ
2308 5441 2575 5542 παρθὲνου
2622 5441 2716 5522 καί
2759 5441 3012 5540 μαθητοῦ.
3050 5441 3491 5539 φυλαττομένην,
3536 5441 3668 5538 ἄχρι
3709 5441 3792 5533 ’δή

392 5553 629 5611 vitalem
668 5553 894 5610 obitum
927 5555 1078 5626 ejus,
1140 5559 1204 5608 ut
1247 5553 1574 5624 antiquitus
1617 5554 1776 5609 fama
1806 5551 2048 5618 obtinet,

392 5641 535 5702 vixit
589 5646 610 5714 )
660 5643 877 5699 reversi
928 5646 1149 5710 essent,
1201 5642 1566 5714 orationique
1622 5647 1681 5698 et
1732 5639 2050 5712 precationi

2163 5555 2254 5610 καὶ
2308 5562 2411 5625 τῆς
2469 5556 2759 5633 ζωηφόρου
2817 5555 2984 5624 αὐτῆς
3037 5552 3295 5622 τελευτῆς
3352 5550 3521 5627 λόγος
3569 5553 3796 5626 ἀρχαῖος

2159 5645 2260 5715 τήν
2297 5641 2581 5720 διατριϐὴν
2611 5643 2758 5720 ἔχειν
2787 5642 2864 5700 ἔτι
2906 5647 3131 5720 κρατιῖο
3163 5641 3342 5714 δεήσει
3389 5660 3450 5696 τε
3491 5639 3581 5696 καὶ
3631 5660 3796 5716 προσ-
