4070 6274
267 409 397 470 753

1303 406 1921 478 ECCLESIASTICAE
1964 410 2361 473 HISTORUE
2402 413 2545 474 LIB.
2592 412 2671 474 Il.

3572 411 3692 472 754

273 544 422 619 ευχῇ
469 541 920 618 προσανεχόντων
979 542 1113 616 μετά
1169 543 1361 617 μικρὸν
1422 561 1550 596 ωσει
1612 543 1689 616 ρκ’
1719 542 1917 616 ἠθροι-

2049 555 2340 614 vacarent;
2391 547 2562 618 paulo
2620 551 2769 619 post,
2821 561 2950 601 cum
2999 562 3066 604 eo
3124 544 3291 618 quasi
3339 546 3575 602 centum
3631 547 3690 600 et

275 627 518 702 σμένων,
553 630 760 705 Πέτρος
813 628 1153 706 δημηγορῶν
1204 631 1443 704 πρῶτος,
1475 632 1566 685 τὸν
1618 627 1923 684 δωδέκατον

276 719 513 791 ἀριθμὸν
605 726 708 788 τῆς
803 717 1177 784 ἀποπολικῆς
1255 718 1492 795 ἐκλογῆς
1577 717 1928 791 ἀναπληροῦν

277 807 422 880 ᾤετο
483 805 628 862 δεῖν·
663 809 752 863 καὶ
812 807 880 878 δὴ
937 808 1064 871 τοὺς
1114 807 1269 882 λόγῳ
1325 809 1416 863 καὶ
1464 807 1605 883 ἔργῳ
1654 805 1927 885 διαφανεῖς

277 895 342 952 ἐκ
393 901 502 952 τῶν
558 893 964 970 ἑϐδομήκοντα,
1016 897 1112 954 δύο
1169 895 1226 953 δὲ
1281 899 1416 967 ἦσαν
1479 896 1652 966 οὗτοι,
1698 897 1930 972 προΐστα

277 986 558 1059 ἑκάτερον,
598 985 725 1042 ὥσθ’
774 983 863 1041 ἕνα
908 986 1116 1042 τούτων
1175 986 1292 1040 ἀντὶ
1348 986 1544 1054 Ἰούδα,
1594 987 1651 1048 ὃς
1705 987 1795 1041 τὸν
1847 985 1925 1040 οἱ-

277 1081 431 1129 κεῖον
475 1073 770 1150 παρεδίδου
817 1073 1172 1145 Διδάσκαλον,
1225 1079 1316 1131 τὸν
1367 1077 1534 1131 τόπον
1588 1081 1688 1145 τῆς
1738 1074 1925 1130 διακοο

276 1162 398 1226 νίας
449 1163 801 1240 μεταλαχεῖν.
851 1161 1086 1226 Ἰοῦστος
1144 1162 1202 1220 δὲ
1260 1163 1349 1219 καὶ
1414 1164 1650 1226 Ματθίας
1705 1165 1758 1219 οἱ
1816 1162 1928 1218 ἑπι-

280 1252 529 1326 λεγέντες
582 1252 740 1321 ⁴ἦσαν.
803 1257 985 1326 Ἱερῶν
1041 1251 1099 1308 δὲ
1145 1252 1370 1326 κλήρων
1424 1254 1568 1328 εὐχῇ
1632 1257 1700 1327 τῇ
1758 1272 1932 1326 προσ-

277 1341 493 1416 ηκούσῃ
553 1341 945 1416 γεγενημένων,
1001 1339 1141 1396 ὥστε
1199 1339 1266 1409 δὴ
1321 1343 1414 1396 τὸν
1474 1341 1807 1420 ἀποχρῶντα
1857 1343 1928 1412 τῇ

280 1429 534 1502 διακονίᾳ
577 1435 673 1486 τοῦ
717 1430 888 1506 λόγου
947 1434 1114 1510 ψήφῳ
1158 1435 1227 1504 τῇ
1276 1429 1478 1485 ἄνωθεν
1517 1432 1802 1503 τεκμηρίῳ
1859 1427 1924 1500 δή

276 1541 393 1576 τινι
439 1518 643 1599 ἐκφανῆ
691 1541 752 1594 γε
798 1521 957 1588 εἶναι,
1015 1521 1044 1574 ὁ
1093 1518 1300 1594 κλῆρος
1361 1519 1449 1574 ἐπὶ
1495 1520 1732 1576 Ματθίαν
1779 1519 1928 1595 ἐχώ-

279 1629 406 1684 ρει·
438 1609 528 1664 καὶ
576 1608 728 1672 εὐθὺς
774 1610 868 1664 τὸν
921 1612 1068 1683 ἅγιον
1122 1607 1373 1682 ἐπλήρου
1417 1609 1610 1687 χορὸν,
1652 1610 1723 1682 τῇ
1766 1605 1932 1664 δωδε-

278 1695 408 1754 κάδι
464 1703 572 1752 τῶν
625 1697 948 1753 ἀποστόλων
995 1697 1304 1773 ἐναρίθμιος
1347 1697 1612 1760 καταστὰς
1661 1703 1779 1760 ταῖς
1820 1702 1929 1753 τῶν

279 1790 493 1864 χειρῶν
522 1784 810 1842 ἐπιθέσεσι.

922 1916 1174 1966 ΚΕΦΑΛ.
1219 1912 1288 1968 Β’.

282 2017 445 2092 Περὶ
483 2023 602 2088 τῆς
638 2021 753 2092 τοῦ
793 2017 1122 2092 π-αναγίου
1161 2018 1548 2092 Πνεύματος
1585 2017 1644 2073 ἐν
1687 2020 1764 2088 τῇ
1797 2025 1932 2074 Πεν-

355 2087 656 2164 τήκοσ-τῇ
710 2087 1130 2164 ἐπελεύσεως
1155 2108 1166 2121 ·
1217 2087 1352 2164 καί
1377 2095 1504 2144 τῶν
1532 2087 1934 2164 ,γενομένων

355 2166 502 2223 τοῖς
559 2159 990 2233 ἀποστόλοις
1054 2161 1384 2233 σημείων·
1437 2159 1754 2233 καῖ’περί
1807 2165 1935 2217 τῶν

357 2232 998 2308 πιστῶνὲὁμοβνοίας
1051 2233 1157 2286 καὶ
1214 2232 1594 2308 διαγωγῆς·
1649 2232 1756 2288 καὶ
1815 2240 1932 2302 τῆς

359 2307 485 2358 τῶν
529 2304 569 2371 ζ’
618 2300 948 2357 διακόνων
996 2300 1522 2378 προχειρίσεως.

365 2409 463 2464 Καὶ
517 2406 580 2478 δὴ
641 2407 838 2479 δεκάτη
900 2410 994 2481 μὲν
1052 2410 1234 2484 ἡμέρα
1278 2417 1455 2482 παρῆν
1491 2411 1622 2482 μετά
1651 2413 1750 2480 τὴν
1783 2411 1937 2469 Ἀνά-

285 2499 482 2570 ληψιν,
540 2499 882 2567 πεντηκοστή
944 2495 1002 2552 δὲ
1087 2499 1222 2571 μετά
1278 2500 1378 2567 τήν
1434 2500 1768 2568 Ἀνᾶστασιν,
1843 2498 1932 2554 καὶ

286 2586 484 2660 ἀθρόοι
535 2587 728 2648 πάντες
780 2591 861 2658 τῷ
920 2587 1152 2661 ὑπερῴῳ
1207 2588 1361 2656 ἦσαν.
1398 2589 1496 2643 Καὶ
1559 2587 1734 2650 εὐθὺς,
1776 2585 1931 2659 τρίτη

289 2672 352 2728 δὲ
381 2673 498 2748 ὥρα
549 2677 645 2742 τῆς
703 2674 912 2748 ἡμέρας
957 2676 1049 2744 ἦν,
1081 2676 1224 2748 ἦχός
1282 2697 1364 2738 τις
1427 2676 1602 2749 βίαιος
1659 2675 1932 2749 ἐξηχεῖτο,

294 2761 528 2835 ῥεούσης
585 2762 758 2836 ὥσπερ
816 2761 1010 2842 αἴφνης
1067 2772 1263 2833 πνοῆς,
1293 2766 1384 2819 τόν
1429 2785 1488 2819 τε
1532 2765 1678 2818 οἶκον
1730 2763 1935 2818 ἅπαντα

293 2848 626 2922 ἐμπιπλῶνο
676 2852 766 2906 καὶ
825 2853 992 2924 πυρὸς
1071 2850 1128 2907 δὲ
1199 2851 1442 2925 γλῶσσαι
1500 2859 1615 2914 τοῖς
1671 2855 1934 2922 μαθηταῖς

303 2938 586 3012 ἱσάριθμοι
637 2938 1093 3015 διαμερισθεῖσαι,
1154 2940 1236 3015 ἐφ’
1292 2943 1369 2996 ένὶ
1445 2942 1651 2996 τούτων
1723 2942 1934 3012 έκάστῳ

290 3034 411 3090 ταῖς
481 3034 740 3106 κορυφαῖς
801 3031 1241 3104 προσκαθήμεναι
1305 3032 1572 3104 έωρῶντο.
1635 3031 1931 3088 Κάντεῦθεν

289 3117 522 3192 πλήρεις
567 3122 665 3174 τοῦ
711 3120 978 3194 παναγίου
1026 3119 1308 3194 γενόμενοι
1366 3118 1695 3192 Πνεύματος,
1743 3117 1932 3193 γλώσ-

288 3226 407 3266 σαις
467 3204 750 3285 διαφόροις
807 3207 1039 3263 ἐλάλουν
1094 3211 1193 3278 τήν
1261 3215 1360 3262 τοῦ
1417 3214 1552 3264 Θεοῦ
1603 3206 1784 3278 δόξαν,
1841 3208 1930 3262 καὶ

1964 1913 2012 1978 Β

2041 632 2243 705 viginti
2318 635 2719 690 convenissent
2779 633 3064 701 homines,
3122 636 3350 694 Petrus.
3411 631 3689 688 concione

2042 719 2260 788 habita,
2294 724 2520 794 primus
2551 723 2979 780 duodenarium
3021 721 3352 793 apostolica:
3382 719 3687 778 electionis

2041 827 2346 868 numerum
2414 812 2802 884 supplendum
2871 827 2999 868 esse
3053 811 3374 868 arbitratur
3434 825 3450 864 :
3505 812 3565 866 et
3619 824 3690 866 ex

2041 901 2409 971 septuaginta
2436 901 2573 968 illis,
2604 901 2707 972 qui
2737 905 2795 956 et
2823 915 3094 956 sermone
3122 903 3180 956 et
3225 914 3397 970 opere
3427 897 3688 954 illustres

2041 997 2254 1057 essent,
2287 991 2435 1046 duos
2484 989 2775 1062 producit,
2809 993 2874 1044 ut
2919 1005 2986 1044 ex
3035 988 3122 1044 eis
3167 987 3314 1044 alter
3363 1003 3464 1058 pro
3508 985 3684 1055 Juda,

2040 1077 2141 1148 qui
2191 1094 2362 1134 suum
2407 1078 2534 1149 ipse
2575 1077 2912 1148 prodiderat
2957 1076 3318 1149 Magistrum,
3349 1075 3542 1132 locum
3580 1075 3692 1131 mi-

2041 1166 2263 1222 nisterii
2308 1167 2631 1222 sortiretur.
2662 1166 2872 1222 Justus
2917 1170 2974 1221 et
3023 1165 3291 1221 Matthiae
3337 1162 3545 1220 delecti
3591 1161 3690 1218 isti

2039 1261 2225 1310 erant.
2257 1256 2403 1310 Cum
2445 1259 2640 1310 autem
2689 1260 2879 1311 sortes
2927 1254 3121 1311 missas
3168 1257 3382 1321 essent,
3426 1251 3692 1308 adhibita

2039 1344 2379 1414 congruenti
2409 1343 2689 1412 oratione,
2716 1353 2800 1412 ut,
2823 1344 2924 1416 qui
2954 1343 3202 1399 idoneus
3232 1342 3394 1398 verbi
3424 1340 3690 1398 ministe-

2041 1433 2126 1488 rio
2155 1437 2328 1501 esset,
2361 1431 2574 1488 cmlesti
2604 1431 2878 1504 suﬂ‘ragio
2919 1435 2977 1487 et
3022 1431 3236 1488 indicio
3265 1431 3691 1497 declararetur,

2039 1538 2167 1577 sors
2201 1522 2256 1575 in
2303 1520 2604 1577 Matthiam
2637 1521 2916 1592 pervenit.
2951 1523 3034 1576 ita
3064 1523 3325 1576 sacratus
3354 1517 3453 1576 ille
3478 1533 3691 1573 nume-

2040 1625 2142 1667 rus
2199 1609 2524 1682 suppletur,
2556 1609 2950 1682 Matthiasque
3004 1607 3379 1680 impositione
3409 1622 3690 1664 manuum

2040 1698 2348 1756 duodecim
2380 1699 2654 1771 apostolis
2683 1699 3062 1758 adscribitur.

2697 1914 2927 1972 CAPUT
2969 1915 3039 1972 ll.

2043 2025 2118 2080 De
2146 2022 2387 2095 Spiritus
2415 2024 2597 2095 sancti
2625 2025 2742 2093 ipso
2771 2023 2858 2078 die
2877 2024 3205 2095 Pentecoste;
3230 2021 3411 2095 subito
3440 2019 3696 2095 adpetitu,

2113 2091 2512 2151 et'miraculia
2565 2091 2666 2166 per
2731 2095 3005 2166 Apostolos
3063 2092 3248 2166 editis.
3309 2093 3385 2149 De
3441 2091 3695 2160 ﬁdelium

2111 2167 2484 2222 unanimitate
2524 2164 2576 2220 et
2620 2164 2839 2234 vita,“
2886 2164 2952 2220 de
2978 2169 3182 2236 septem
3215 2165 3571 2220 diaconorum
3601 2176 3699 2218 seu

2113 2237 2494 2294 ministrorum
2519 2237 2804 2294 electione.

2115 2416 2302 2472 Etiam
2354 2415 2582 2471 decima
2638 2414 2710 2469 ab
2765 2412 3143 2480 Asoensione,
3193 2409 3687 2484 quinquagesima

2043 2512 2236 2562 autem
2269 2505 2340 2559 ab
2373 2502 2817 2560 Rssurreotione
2840 2501 3200 2569 aderatdies,
3220 2513 3542 2572 omnesque
3573 2513 3691 2554 una

2041 2595 2103 2650 in
2161 2591 2458 2648 cmnaculo
2511 2591 2843 2662 congregati
2897 2597 3060 2646 erant
3107 2604 3122 2646 :
3183 2605 3319 2645 cum
3378 2589 3690 2658 derepente

2043 2684 2212 2738 tertia
2257 2681 2372 2737 diei
2429 2681 2570 2736 hora
2631 2680 2858 2735 sonitus
2907 2679 3130 2748 ingens,
3179 2685 3458 2748 tanquam
3516 2677 3689 2730 vento

2043 2771 2236 2827 subito
2255 2775 2313 2824 et
2356 2767 2680 2825 vehementi
2713 2767 2907 2833 ﬂante,
2935 2765 3265 2832 exauditur,
3297 2769 3596 2835 totamque
3638 2762 3689 2818 is

2043 2859 2294 2931 complet
2339 2859 2600 2926 domum,
2632 2861 2691 2912 et
2722 2857 2936 2927 linguai
2982 2854 3166 2926 igneis
3199 2852 3323 2924 pari
3351 2867 3482 2909 cum
3515 2848 3689 2907 discl-

2045 2946 2199 3020 pulis
2231 2962 2474 3002 numero
2514 2944 2848 3015 dispertita,
2871 2943 2930 2998 in
2972 2943 3440 3013 uniuscujusque
3475 2937 3688 2994 vertice

2043 3035 2346 3091 considere
2398 3033 2689 3088 videntur.
2724 3034 2922 3102 itaque
2950 3029 3034 3085 illi
3065 3029 3438 3086 sanctissimo
3464 3025 3686 3098 Spiritu

2042 3125 2220 3196 pleni,
2250 3122 2424 3179 variis
2472 3121 2692 3193 linguis
2739 3119 2982 3190 gloriam
3033 3117 3131 3174 Dei
3166 3117 3505 3190 loquuntur,
3537 3114 3686 3169 divi-

2042 3213 2404 3284 nitatemque
2430 3210 2570 3268 Jesu
2601 3210 2686 3266 eis
2714 3210 2812 3281 qui
2843 3207 3238 3274 conﬂuebant,
3269 3205 3686 3278 depmdicant.

286 3297 386 3364 τήν
435 3296 618 3365 Ἰησοῦ
685 3295 917 3365 θεότητα
985 3301 1101 3359 τοῖς
1173 3295 1527 3371 ἐνδραμοῦσιν
1611 3296 1926 3372 ὶκήρυττον.

2049 3303 2380 3359 Αοουτιιοὺιιι
2435 3299 2617 3367 enim,
2672 3298 2886 3370 inquit.
2947 3295 3260 3352 multitudo
3317 3297 3388 3351 ad
3445 3292 3684 3349 tonitrui

289 3385 576 3459 Συνεχύθη
635 3386 758 3460 γὰρ,
818 3385 974 3461 φησὶ,
1022 3386 1086 3440 τὸ
1143 3383 1356 3455 πλῆθος
1409 3392 1488 3458 τῷ
1541 3393 1640 3455 τῆς
1700 3387 1928 3460 βροντῆς

2049 3391 2314 3458 sonitum,
2346 3395 2402 3444 et
2448 3389 2668 3445 circum
2718 3388 2956 3443 domum
3008 3402 3139 3441 eam
3169 3385 3460 3446 currebat.
3493 3381 3680 3437 varie—

288 3474 441 3548 ἤχῳ,
495 3475 584 3528 καὶ
646 3475 770 3548 περὶ
825 3476 888 3530 τὸ
963 3473 1239 3548 δωμάτιον
1317 3475 1485 3546 ἔθεον,
1543 3477 1605 3532 τὸ
1674 3475 1932 3554 διάφορον

285 3560 669 3634 ἐνωτιζόμενοι
725 3567 831 3617 τῶν
891 3562 1177 3638 γλωσσῶν.
1241 3568 1490 3638 Παρῆσαν
1535 3565 1636 3640 γὰρ
1699 3563 1749 3635 ἐξ
1799 3565 1932 3618 ἀπά-

290 3670 390 3720 σης
427 3657 530 3725 γῆς
577 3647 777 3728 σχεδὸν
819 3649 908 3706 διά
958 3653 1021 3706 τὸ
1071 3660 1169 3721 τῆς
1221 3652 1429 3726 ἡμέρας
1473 3653 1745 3724 ἐπίσημον
1800 3652 1932 3724 Πάρ-

289 3741 398 3808 θοι,
431 3737 613 3808 Μῆδοι
663 3740 753 3794 καὶ
797 3740 1113 3814 Ἐλαμῖται,
1168 3744 1333 3816 Σύροι
1385 3765 1443 3798 τε
1491 3745 1603 3814 ἅμα
1651 3742 1738 3796 καὶ
1770 3745 1934 3816 Ἀρα-

294 3823 408 3896 ϐες,
464 3829 728 3900 Ῥωμαῖοι
799 3829 885 3883 καὶ
951 3827 1229 3898 Ἰουδαῖοι,
1289 3830 1496 3906 Φρύγες
1556 3832 1644 3886 καὶ
1705 3838 1935 3885 Καππα-

297 3915 488 3972 δόκαι¹
532 3917 622 3971 καὶ
669 3923 928 3973 τοσοῦτον
970 3918 1346 3990 καταπληκτοι
1395 3921 1530 3988 ἦσαν
1567 3926 1646 3992 τῷ
1676 3919 1932 3990 θαύματι.

292 4010 374 4076 τῷ
440 4006 564 4066 τοὺς
611 4005 706 4079 μὶν
746 4006 999 4074 συνιέναι,
1044 4010 1169 4069 τοὺς
1222 4006 1278 4063 δὲ
1338 4011 1437 4080 μή,
1488 4010 1564 4070 ὡς
1617 4011 1705 4063 καὶ
1767 4011 1933 4080 μέθην

296 4092 546 4170 ἐγκαλεῖν
603 4093 854 4162 ἐκείνοις,
911 4095 999 4148 καὶ
1058 4093 1514 4172 διαλοιδορεῖσθαι
1579 4101 1648 4169 τῇ
1705 4095 1932 4170 ποικίλῃ

295 4183 387 4237 καὶ
457 4179 700 4260 διαφόρῳ
775 4187 882 4237 τῶν
952 4185 1364 4257 πυνθανομένων
1428 4183 1694 4258 διομιλίᾳ.
1758 4189 1850 4246 Οἷς
1909 4187 1936 4239 ὁ

298 4273 445 4333 θεῖος
503 4272 698 4346 Πέτρος
742 4272 1019 4327 θεσπέσιον
1085 4274 1292 4345 ἀνοίξας
1348 4275 1544 4346 στόμα,
1590 4277 1677 4329 καὶ
1727 4277 1790 4330 τὸ
1829 4280 1934 4329 τῶν

298 4359 566 4433 γλωσσῶν
614 4359 938 4422 ὑποδεικνὺς
1009 4361 1204 4430 αἴτιον,
1248 4366 1323 4436 μή
1392 4366 1486 4418 τὸν
1545 4366 1690 4418 οἶνον
1753 4361 1934 4440 ἔλεγεν

303 4449 460 4517 εἶναι,
499 4449 560 4503 τὸ
621 4454 838 4522 Πνεῦμα
895 4447 952 4504 δε
1005 4451 1067 4505 τὸ
1121 4454 1302 4526 ἅγιον,
1335 4454 1364 4508 ὃ
1422 4451 1510 4507 διὰ
1564 4457 1660 4507 τοῦ
1709 4453 1937 4508 θεόπτου

304 4537 639 4614 ἆπήγγελται
687 4538 878 4607 Ἰωήλ.
925 4546 1045 4601 ταῖς
1113 4542 1362 4603 ὑστάταις
1409 4549 1515 4597 τῶν
1575 4545 1795 4615 ἡμερῶν
1852 4541 1939 4596 ἐκ·

2038 3484 2216 3536 tatem
2249 3479 2500 3534 audiens
2532 3477 2879 3548 linguarum.
2909 3477 3164 3530 Aderant
3183 3472 3399 3544 quippe
3429 3475 3548 3527 tum
3580 3469 3682 3538 ibi,

2040 3577 2270 3640 propter
2315 3566 2428 3621 diei
2476 3565 2892 3629 celebritatem,
2946 3579 3020 3618 ex
3063 3561 3222 3618 omni
3283 3573 3460 3630 prope
3513 3558 3674 3623 orbe,

2042 3657 2260 3720 Parthi,
2291 3653 2440 3712 Medi
2488 3662 2542 3708 et
2592 3653 2876 3719 Elamita,
2929 3652 3057 3722 Syri
3111 3648 3288 3706 simul
3338 3652 3395 3703 et
3436 3647 3680 3712 Arabes,

2043 3745 2282 3802 Romani
2330 3751 2381 3800 et
2429 3742 2639 3807 Judaei,
2675 3741 2927 3812 Phryges
2973 3747 3032 3795 et
3078 3737 3464 3809 Cappadoces.
3502 3735 3568 3790 Et
3598 3733 3682 3791 illi

2042 3851 2230 3906 usque
2273 3833 2416 3889 adeo
2467 3829 2745 3887 miraculo
2795 3845 2860 3883 eo
2908 3835 3049 3883 sunt
3103 3823 3480 3894 consternati,
3529 3825 3680 3894 quod

2043 3923 2281 3996 quidam
2335 3922 2636 3992 loquentes
2684 3917 3094 3986 intelligerent,
3127 3913 3367 3987 quidam
3409 3928 3542 3968 vero
3574 3911 3685 3968 mi-

2047 4029 2178 4081 nus,
2213 4016 2274 4066 ut
2303 4010 2638 4065 ebrietatem
2669 4023 2897 4078 quoque
2927 4005 3009 4061 eis
3040 4004 3316 4078 probrose
3345 4002 3683 4074 objicerent,

2045 4107 2103 4158 et
2148 4099 2304 4156 vario
2367 4097 2791 4167 multiplicique
2841 4093 3340 4164 percunctanlium
3389 4089 3684 4161 colloquio

2047 4191 2530 4249 convioiarentur.
2553 4187 2635 4242 Ad
2660 4201 2803 4257 quos
2834 4186 3004 4238 divus
3035 4186 3263 4251 Petrus,
3288 4177 3460 4238 I89
3491 4178 3686 4235 divino

2049 4285 2245 4350 aperto
2293 4293 2408 4343 ore,
2442 4291 2676 4331 causam
2707 4273 3002 4330 varietatis
3033 4270 3364 4342 linguarum
3395 4266 3685 4334 indicans,

2051 4386 2164 4425 non
2194 4369 2388 4423 vinum
2414 4367 2494 4434 id,
2526 4365 2627 4419 sed
2659 4363 2936 4434 Spiritum
2971 4364 3237 4416 sanctum
3277 4374 3406 4414 esse
3435 4355 3688 4424 dicebat,

2047 4458 2140 4527 qui
2193 4473 2291 4528 per
2339 4457 2723 4524 spectatorem
2778 4451 2873 4506 Dei
2918 4450 3039 4506 Joel
3074 4448 3121 4486 ει
3157 4446 3477 4517 promissus
3517 4446 3688 4508 esset,

2046 4545 2320 4602 extremis
2350 4543 2610 4596 videlicet
2641 4541 2848 4595 diebus
2878 4554 3010 4595 eum
3041 4556 3076 4592 a
3105 4537 3221 4592 Deo
3251 4550 3424 4605 super
3451 4545 3686 4587 carnem

306 4628 452 4701 χέειν
500 4627 626 4681 Θεὸν
681 4627 769 4682 ἐπὶ
823 4634 996 4683 πᾶσαν
1047 4631 1255 4704 σάρκα’
1304 4637 1393 4685 καί
1441 4631 1672 4705 παρίστα
1717 4631 1808 4683 τὸν
1853 4628 1933 4684 λό‹

2050 4650 2280 4691 omnem
2333 4632 2578 4686 eil'usum
2610 4630 2702 4684 iri.
2736 4628 3164 4696 Oraculumque
3193 4626 3251 4681 id
3282 4623 3562 4694 allegaus,
3590 4619 3689 4714 lir-

303 4738 422 4790 γον,
466 4717 656 4790 λόγοις
705 4716 1090 4790 ἀδαμαντίνοις
1138 4722 1206 4776 τά
1247 4723 1382 4777 κατά
1437 4723 1530 4776 τὸν
1584 4728 1818 4793 Σωτῆρα
1866 4717 1942 4775 δι-

305 4805 482 4874 εξιών.
537 4807 632 4861 Καὶ
693 4807 1068 4882 προύτρέπετο
1129 4814 1254 4864 πᾶσι
1316 4810 1610 4882 μεταμέλῳ
1678 4811 1943 4883 χρῆσθαι,

304 4896 395 4949 καὶ
451 4891 540 4948 ἐπὶ
592 4899 672 4966 τῷ
728 4895 987 4970 σωτηρίῳ
1049 4903 1144 4952 τοῦ
1195 4901 1381 4967 Ἰησοῦ
1456 4898 1686 4970 ὀνόματι
1750 4896 1942 4972 βαπτί-

2052 4722 2336 4779 missimis
2370 4719 2740 4775 sermonibus
2772 4717 3093 4773 Servatoris
3124 4731 3214 4770 res
3243 4717 3440 4784 gestas
3469 4707 3690 4765 confir-

2053 4817 2271 4878 mabat,
2303 4825 2624 4878 omnesque
2675 4807 3102 4870 cohortabatur,
3151 4808 3214 4858 ut
3262 4817 3362 4873 per
3412 4796 3696 4872 pmniten-

2052 4901 2193 4956 tiam
2263 4896 2690 4967 resipiscerent,
2759 4894 2818 4947 in
2888 4891 3188 4946 salutifero
3254 4887 3392 4943 Jesu
3461 4881 3696 4940 nomine

2056 4989 2508 5057 baptizarentur,
2542 4989 2600 5039 et
2631 4983 2914 5054 Spiritum
2955 4980 3298 5050 acciperent.
3335 4975 3481 5046 Ipsis
3511 4970 3690 5033 enim,

2056 5077 2373 5146 liberisque
2419 5089 2644 5141 eorum,
2677 5077 2922 5141 etquos
2967 5073 3241 5139 praeterea
3279 5061 3562 5120 Dominus
3591 5073 3698 5112 vo-

2055 5169 2262 5230 casset,
2289 5161 2737 5234 promissionem
2761 5157 3108 5230 peculiarem
3141 5169 3266 5209 esse
3296 5146 3697 5208 confirmabat.

2060 5255 2125 5310 Et
2173 5253 2472 5308 confestim
2524 5250 2596 5306 ad
2646 5249 2755 5303 tria
2785 5245 2967 5302 millia
2998 5243 3302 5300 hominum
3333 5240 3403 5294 ad
3435 5236 3698 5292 divinum

307 4984 508 5054 ζεσθαι,
557 4983 646 5036 καὶ
729 4985 793 5038 τὸ
873 4990 1092 5056 Πνεῦμα
1177 4982 1512 5059 λαμϐάνειν·
1592 4986 1778 5050 αὐτοῖς
1845 4985 1944 5060 γὰρ

307 5070 445 5125 εἶναι
499 5073 596 5140 τήν
655 5071 983 5148 ἐπαγγελίαν
1037 5077 1127 5130 καὶ
1169 5083 1288 5141 τοῖς
1335 5077 1545 5138 τέκνοις
1591 5076 1801 5130 τούτων
1845 5073 1945 5128 διε-

309 5153 553 5223 ϐεϐαίου.
607 5161 697 5216 καὶ
755 5161 854 5224 οὓς
915 5161 977 5218 ἃν
1019 5164 1048 5218 ὁ
1098 5165 1292 5239 Κύριος
1339 5164 1802 5239 προσκαλέσηται.
1852 5163 1947 5218 Καὶ

308 5246 503 5303 αὐτίκα
541 5249 670 5304 ὡσεὶ
716 5250 1022 5326 τρισχίλιοι
1064 5258 1143 5325 τῷ
1201 5253 1330 5326 θείῳ
1382 5254 1695 5329 προσῆλθον
1754 5249 1948 5326 βαπτί-

309 5358 499 5409 σματι,
531 5338 584 5393 οἳ
621 5339 710 5393 καί
757 5343 827 5412 τῇ
871 5342 1128 5396 κοινωνία
1172 5340 1376 5420 διδαχῇ
1407 5364 1465 5398 τε
1494 5345 1608 5416 ἅμα
1652 5344 1742 5396 καὶ
1787 5359 1933 5416 προσ

2058 5343 2344 5400 accedunt
2390 5339 2772 5410 baptismum,
2805 5337 2900 5406 qui
2933 5335 3110 5390 etiam
3143 5331 3278 5386 inde
3303 5345 3404 5402 per
3433 5340 3702 5420 commu-

307 5433 452 5504 ευχῇ
511 5431 597 5484 καὶ
659 5432 984 5487 συνεστιάσει
1043 5438 1150 5488 τῶν
1201 5433 1522 5490 ἀποστόλων
1599 5433 1930 5507 προσέμενον

2060 5434 2294 5489 nionem
2327 5430 2388 5484 in
2420 5429 2682 5484 doctrina
2713 5425 2888 5482 simul
2921 5429 2978 5480 et
3007 5420 3291 5488 oratione,
3323 5427 3493 5490 atque
3525 5412 3704 5507 etiam

312 5521 414 5575 Καὶ
490 5517 719 5575 πολλῶν
786 5523 1030 5595 σημείων
1095 5520 1184 5577 διὰ
1249 5529 1356 5578 τῶν
1423 5523 1580 5579 θείων
1634 5505 1933 5578 ἀποστόλω·

2063 5536 2280 5578 mensa:
2312 5516 2756 5591 participatione
2781 5530 2915 5572 cum
2941 5509 3218 5583 apostolis
3242 5505 3706 5582 perseverabant.

383 5699 431 5742 ²¹
461 5700 587 5760 Joel
609 5714 675 5772 Il,
697 5699 790 5758 28.
