4070 6274
485 324 598 384 755

1775 319 1819 378 Ν
1832 319 2198 382 ICEPHORI
2244 324 2588 386 CALLISTI

3773 325 3896 386 756

479 455 553 512 Et
584 472 717 511 cum
751 454 936 510 multa
965 451 1246 508 miracula
1277 467 1376 522 per
1391 451 1555 506 divos
1575 451 1867 522 apostolos
1887 452 2113 510 ederen-

2231 457 2630 530 γεγενημένων,
2665 453 2783 518 δέος
2839 455 2926 510 ἐπὶ
2984 477 3128 531 πασῃ
3189 459 3344 531 ψυχῇ
3401 457 3492 526 ἦν.
3549 453 3766 512 Πολλοὶ
3835 453 3894 510 δὲ

479 547 598 611 tur,
629 543 802 599 timor
832 540 1096 596 animum
1128 553 1361 593 omnem
1393 538 1732 608 occupabat.
1763 538 1925 594 Multi
1957 557 2124 610 porro

482 632 782 688 facultates
831 647 968 685 suas
1017 629 1353 694 vendentes,
1387 628 1454 682 ad
1500 628 1897 698 apostolorum
1950 630 2126 700 pedes

481 730 726 794 ponunt,
783 726 842 778 et
895 735 1018 792 quae
1086 720 1154 774 ad
1218 717 1614 773 necessarium
1675 735 1846 774 nsum
1907 725 2124 787 essent,

477 813 756 866 duntaxat
804 809 1063 880 capiunt.
1095 807 1436 862 Communia
1487 807 1702 878 quippe
1731 809 1931 864 omnia
1960 815 2127 866 erant

477 901 761 965 omnium,
795 907 847 954 et
895 913 1010 952 uno
1040 897 1304 952 vivebant
1335 895 1391 949 in
1428 895 1550 950 loco
1585 912 1598 950 :
1635 912 1820 967 neque
1851 898 2123 968 cuiquam

476 990 668 1047 dicere
722 988 952 1056 licebat,
985 1003 1048 1044 se
1093 986 1412 1056 quidquam
1449 985 1657 1041 habere
1689 987 1927 1058 proprii.
1960 989 2120 1053 Quod

476 1095 618 1136 sane
647 1093 778 1133 cum
807 1077 1062 1132 Ananiae
1093 1080 1151 1132 et
1180 1075 1428 1146 Saphira
1450 1074 1784 1130 audendum
1813 1076 1923 1132 sibi
1960 1083 2122 1148 puta-

476 1178 623 1235 rent,
658 1171 718 1222 ut
747 1167 848 1238 qui
897 1166 1090 1221 divino
1124 1164 1355 1220 mentiti
1397 1168 1592 1219 essent
1622 1164 1886 1235 Spiritui,
1920 1183 2125 1236 repen-

475 1257 599 1312 tina
630 1261 814 1312 morte
861 1253 1165 1310 tolluntur.
1200 1253 1262 1308 in
1291 1251 1510 1324 templo
1552 1268 1786 1324 quoque
1817 1256 2124 1310 convenis-

476 1347 635 1411 bant,
683 1344 950 1400 laudibus
998 1343 1183 1398 Deum
1227 1343 1518 1407 vehentes,
1565 1347 1622 1396 et
1676 1343 1872 1398 cibum
1932 1343 2124 1399 cordis

473 1435 851 1508 simplicitate
914 1448 1288 1488 communem
1358 1432 1642 1487 habentes
1699 1433 2125 1503 Quamplurimi

475 1529 670 1580 autem
733 1524 804 1578 ad
864 1522 1124 1577 divinum
1179 1521 1644 1577 admittebantur
1699 1521 2012 1588 lavacrum,
2073 1531 2126 1576 et

472 1613 667 1668 divina
715 1613 799 1668 vis
848 1616 1022 1682 atque
1069 1611 1257 1666 virtus
1307 1609 1598 1681 apostolos
1639 1616 2118 1682 consequantur:

476 1700 622 1756 nihil
674 1717 913 1772 prorsus
959 1705 1084 1754 erat
1135 1700 1442 1764 malorum,
1475 1699 1628 1768 quod
1666 1715 1778 1755 non
1818 1699 2121 1766 praesentia

2229 546 2297 600 τὰ
2355 544 2632 620 προσόντα
2685 544 3191 622 διαπιπράσκοντες,
3241 553 3359 610 τοῖς
3411 547 3539 601 ποσὶ
3585 551 3694 601 τῶν
3749 547 3896 602 ἀπο-

2235 635 2445 690 στόλων
2509 635 2734 707 ἐτίθουν,
2766 637 2856 690 καὶ
2913 637 2977 690 τὸ
3035 636 3172 710 πρὸς
3221 636 3410 710 χρείαν
3466 635 3636 707 μόνον
3665 632 3895 710 λαμϐά-

2232 745 2413 788 νοντες
2469 725 2624 794 ἦσαν.
2661 726 2826 780 Κοινὰ
2883 723 2940 780 δὲ
2996 725 3167 780 πάντα
3223 725 3287 792 ἦν
3346 730 3462 788 τοῖς
3510 729 3694 796 πᾶσιν,
3742 725 3893 796 ὁμοῦ

2230 834 2288 868 τε
2317 815 2470 882 ἦσαν,
2504 811 2684 868 οὐδενί
2745 835 2804 868 τε
2851 813 2972 884 ἐξῆν
3031 815 3200 869 εἰπεῖν
3258 811 3401 868 1’ίδιόν
3451 836 3504 868 τι
3551 816 3892 884 κεκτῆσθαι·

2233 902 2262 956 ὃ
2295 900 2416 971 δῆτ’
2460 903 2704 966 Ἀνανίας
2753 903 2845 957 καὶ
2905 904 3182 976 Σάπφειρα
3233 903 3485 977 πράττειν
3535 904 3891 974 νομίσαντες,

2234 989 2308 1050 ὡς
2363 994 2443 1062 τῷ
2501 989 2629 1062 θείῳ
2686 987 3104 1064 διαψευσάμενοι
3137 991 3434 1063 Πνεύματι,
3473 991 3672 1068 αἴφνης
3723 989 3893 1060 inﬁgo

2234 1100 2428 1133 παστοι
2467 1079 2675 1152 θανάτῳ
2729 1077 3000 1154 ἐγένοντό.
3037 1079 3137 1134 Καὶ
3194 1084 3276 1151 τῷ
3319 1080 3449 1152 ἱερῷ
3501 1077 3560 1134 δὲ
3600 1080 3717 1152 ἅμα
3766 1101 3891 1134 συν-

2235 1170 2459 1242 ήγοντο,
2492 1168 2759 1230 αἰνοῦντες
2823 1169 2918 1240 μὶν
2971 1169 3060 1222 τὸν
3117 1169 3272 1238 Θεὸν,
3323 1165 3546 1242 καρδίας
3603 1165 3664 1222 δὲ
3711 1168 3894 1223 ἁπλό-

2233 1277 2359 1326 τητι
2413 1263 2516 1326 τῆς
2575 1261 2780 1332 τροφῆς
2841 1265 3302 1330 συμμετέχοντες.
3357 1257 3446 1317 Ὠς
3516 1257 3775 1312 πλεῖστοι
3836 1254 3894 1310 δὲ

2234 1345 2540 1419 προσῄεσαν
2597 1349 2692 1400 τοῦ
2750 1346 2898 1400 θείου
2959 1344 3335 1418 βαπτίσματος
3393 1343 3727 1416 ἀξιούμενοι,
3769 1347 3894 1400 θεία

2231 1455 2290 1488 τε
2348 1433 2577 1508 δύναμις
2633 1439 2750 1495 τοῖς
2806 1433 3138 1497 ἀποστόλοις
3193 1435 3522 1508 παρείπετο⁹
3577 1433 3667 1487 καὶ
3725 1431 3890 1488 οὐδὲν

2233 1525 2300 1590 ἦν
2354 1529 2464 1578 τῶν
2516 1521 2723 1588 δεινῶν,
2758 1523 2786 1577 ’ὁ
2835 1525 2910 1595 μή
2953 1521 3022 1593 τῇ
3068 1523 3339 1596 παρουσίᾳ
3376 1523 3464 1577 καὶ
3515 1525 3626 1601 ἁφῇ
3658 1519 3888 1577 ἐκείνων

2233 1613 2307 1673 ὡς
2348 1615 2584 1688 τάχιστα
2631 1611 2968 1686 ἐδραπέτευε.
3031 1609 3356 1684 Προῧκειντο
3412 1611 3594 1666 τοίνύν
3643 1611 3728 1666 ἐπὶ
3795 1613 3890 1664 θυ-

2231 1707 2339 1774 ρῶν
2393 1701 2483 1756 καὶ
2542 1700 2596 1755 ἐν
2650 1701 2934 1774 ὑπαίθροις
2981 1701 3032 1755 οἱ
3063 1701 3314 1775 χρονίαις
3353 1701 3537 1760 νόσοις
3568 1697 3885 1754 ἐκδαπανώ-

471 1793 529 1844 et
558 1792 780 1843 attactu
813 1787 1046 1843 illorum
1088 1786 1391 1842 celerrime
1427 1786 1753 1858 diffugerat.
1788 1789 1984 1856 Itaque
2016 1804 2113 1859 pro

2237 1811 2410 1862 μενοι,
2443 1790 2517 1852 ὡς
2569 1789 2628 1844 ἄν
2685 1811 2768 1864 γε,
2825 1795 2975 1850 σκιᾶς
3031 1793 3127 1844 τοῦ
3189 1788 3392 1861 Πέτρου
3447 1787 3888 1862 ηὖμοιρηκότες,

474 1877 694 1932 foribus
741 1881 798 1930 et
845 1877 954 1930 sub
1005 1874 1100 1930 dio
1149 1875 1209 1930 in
1258 1875 1466 1946 plateis
1514 1875 1979 1946 deponebantur,
2023 1875 2123 1946 qui

477 1965 776 2020 diuturnis
827 1964 1073 2020 confecti
1105 1971 1268 2019 erant
1297 1964 1532 2030 morbis,
1569 1969 1634 2018 ut
1663 1963 1870 2019 saltem
1901 1965 2126 2021 umbrae

471 2055 625 2111 Petri
662 2052 974 2124 participes
1005 2053 1166 2119 facti,
1189 2053 1259 2108 ab
1282 2068 1346 2107 ea
1368 2069 1484 2123 qua
1517 2053 1930 2124 premebantur
1959 2053 2127 2125 aegri-

471 2142 676 2198 tudine
708 2141 1111 2199 liberarentur.
1143 2143 1206 2196 In
1236 2141 1454 2214 quibus
1485 2141 1580 2196 ille
1609 2159 1844 2214 quoque
1875 2142 2006 2210 fuit,
2027 2142 2123 2214 qui

469 2251 502 2288 a
533 2234 833 2290 nativitate
867 2251 972 2289 sua
1021 2237 1234 2306 pedum
1281 2249 1388 2289 usu
1425 2234 1702 2303 privatus,
1736 2251 1802 2289 ac
1834 2237 2118 2306 templum

468 2324 852 2379 decumbebat
876 2340 890 2378 :
917 2329 1141 2379 attactu
1165 2323 1320 2378 enim
1345 2324 1802 2394 apostolicarum
1839 2340 2120 2380 manuum

476 2413 721 2466 artubus
769 2413 1129 2484 recuperatis
1176 2411 1407 2468 exsilire
1454 2415 1544 2466 est
1592 2413 1766 2468 visus.
1805 2413 1942 2468 Inde
1991 2429 2119 2469 vero

468 2506 670 2556 contra
699 2517 797 2555 eos
832 2501 1046 2555 invidia
1073 2501 1358 2566 exoritur,
1389 2517 1516 2571 quas
1548 2517 1760 2556 nomen
1801 2501 1939 2556 Jesu
1985 2518 2104 2572 pro-

466 2591 646 2647 fundo
671 2591 900 2647 silentio
941 2592 1316 2662 premendum
1357 2591 1716 2645 horlabalur.
1751 2589 1874 2646 [llis
1925 2597 2118 2646 autem

465 2681 524 2737 id
559 2681 1016 2752 haudquaquam
1047 2679 1414 2734 tolerandum
1450 2679 1575 2734 fuit.
1597 2679 1740 2734 Cum
1764 2694 1902 2750 ergo
1936 2681 2120 2734 multa

464 2786 599 2825 cum
643 2768 912 2824 libertate
955 2769 1193 2824 verbum
1250 2767 1570 2838 publicitus
1630 2769 2025 2837 praedicarent,
2058 2768 2115 2822 in

475 2859 777 2928 publicam
825 2857 1220 2928 conjiciuntur
1269 2858 1617 2912 custodiam.
1668 2859 1952 2912 Caeterum
2018 2873 2119 2927 per

465 2947 704 3014 angelos
747 2947 884 3001 inde
929 2947 1138 3011 educti,
1189 2949 1246 3000 et
1294 2946 1579 3014 templum
1641 2945 1912 3015 ingressi,
1961 2945 2112 3000 idem

467 3036 619 3104 quod
675 3038 844 3089 antea
895 3035 1080 3089 facere
1131 3042 1396 3104 pergunt.
1449 3034 1666 3088 Deinde
1727 3035 1798 3088 ab
1846 3037 2011 3090 Anna
2060 3039 2116 3089 et

2231 1879 2293 1932 τὸ
2341 1877 2526 1948 πιέζον
2585 1878 2932 1933 ἀπόθιυνται·
2991 1876 3082 1932 σὺν
3135 1879 3221 1939 οἷς
3251 1878 3338 1932 καὶ
3381 1878 3409 1931 ὁ
3435 1877 3562 1938 τοὺς
3593 1874 3767 1938 πόδας
3831 1876 3893 1931 ἐκ

2231 1966 2484 2042 γενέσεως
2542 1969 2965 2039 πεπηρωμένος,
3013 1966 3103 2020 καὶ
3159 1971 3240 2037 τῷ
3299 1967 3430 2038 ἱερῷ
3477 1963 3888 2040 προσεδρεύων,

2231 2061 2300 2130 τῇ
2353 2061 2459 2110 τῶν
2519 2054 2896 2112 ἀποπολικῶν
2966 2059 3168 2129 χειρῶν
3243 2055 3352 2131 ἀφῇ
3423 2052 3728 2128 ἀρτιμελὴς
3789 2055 3887 2109 καὶ

2230 2143 2540 2218 ἀλλόμενος
2593 2143 2950 2201 ἀνεδείκνυτο.
2995 2146 3267 2199 Ἐντεῦθεν
3327 2145 3414 2198 καὶ
3473 2143 3688 2204 τούτοις
3746 2145 3886 2220 φθό-

2229 2254 2321 2296 νος
2372 2234 2580 2311 ἐφόετο,
2629 2237 2720 2289 καὶ
2764 2237 2826 2289 τὸ
2875 2239 2970 2289 τοῦ
3015 2237 3196 2304 Ἰησοῦ
3245 2229 3422 2304 ὄνομα
3483 2235 3640 2306 σιγῆς
3693 2234 3889 2307 βυθοῐς

2230 2322 2576 2396 ἐγκαταδύειν
2640 2321 3066 2399 προυτρέποντο.
3125 2328 3248 2384 Τοῖς
3322 2319 3368 2376 δ’
3449 2321 3749 2397 ἀνασχετὸν
3818 2322 3888 2388 ἧν

2231 2412 2526 2484 οὐδαμῶς’
2579 2411 2708 2467 ἀλλ’
2767 2413 2921 2474 αὖθις
2963 2413 3056 2467 τὸν
3115 2409 3286 2486 λόγον
3346 2408 3631 2485 παρῥησίᾳ
3669 2409 3888 2484 κηρύτ-

2228 2523 2438 2572 τοντες,
2471 2501 2524 2556 ἐν
2580 2505 2810 2574 τηρήσει
2869 2501 3111 2573 δημοσίᾳ
3163 2499 3535 2557 καθίστανται.
3581 2498 3881 2576 Ἀγγελικῆ

2230 2589 2288 2646 δὲ
2356 2588 2639 2662 δυναστείᾳ
2713 2591 3034 2666 ἐξάγονται·
3097 2591 3188 2644 καὶ
3244 2595 3323 2661 τῷ
3371 2591 3502 2664 ἱερῷ
3559 2588 3879 2663 γενόμενοι,

2224 2683 2289 2736 τὰ
2343 2681 2510 2754 ὅμοια
2560 2679 2946 2754 διεπράττοντο
3001 2677 3292 2750 Συνέδριον
3348 2678 3436 2733 ἐπὶ
3492 2680 3712 2740 τούτοις
3759 2683 3876 2739 τοῖς

2223 2772 2344 2842 περὶ
2404 2771 2494 2824 τὸν
2527 2771 2718 2826 ’Ἄνναν
2775 2771 2861 2824 καὶ
2925 2769 3166 2849 Καϊάφαν
3215 2771 3491 2832 καθῆστο·
3524 2767 3618 2823 καὶ
3677 2769 3706 2822 ὁ
3746 2768 3873 2840 παρ’

2224 2859 2449 2920 ἐκείνοις
2502 2858 2568 2913 τὰ
2623 2863 2814 2932 πρῶτα
2869 2854 3040 2936 ἔχων,
3073 2855 3369 2930 Γαμαλιήλ
3427 2857 3586 2917 οὗτος
3629 2854 3867 2930 ἐλέγετο,

2225 2949 2436 3024 ἀφεῖναι
2511 2947 2724 3019 μᾶλλον
2780 2947 2842 3002 τὸ
2899 2947 3034 3001 κατὰ
3097 2947 3224 3006 τοὺς
3289 2943 3638 3007 ἀποστόλους
3702 2943 3864 3012 ἔργον

2223 3037 2452 3112 παρῄνει
2502 3038 2593 3090 καὶ
2643 3031 3034 3090 συνεϐούλευε·
3085 3034 3428 3090 συνίστασθαι
3473 3036 3573 3110 γὰρ
3629 3033 3856 3107 ἀνάγκη,

461 3121 681 3190 Caipha
726 3122 1032 3178 concilium
1067 3123 1329 3188 cogitur:
1364 3119 1539 3178 I38
1561 3127 1619 3176 et
1639 3123 1738 3192 qui
1773 3123 1940 3178 facile
1961 3125 2110 3192 apud

2230 3124 2270 3179 εί
2303 3129 2418 3195 Θεῷ
2448 3123 2772 3198 βουλομένῳ
2803 3120 2952 3178 ἔστι·
2985 3125 3073 3192 Mi)
3127 3125 3217 3178 καὶ
3257 3125 3552 3198 θεομαχεῖν
3594 3123 3717 3194 ὒμῖν
3767 3121 3862 3195 γὲ-

461 3227 561 3266 eos
613 3211 885 3282 princeps
935 3220 1056 3266 erat
1103 3209 1385 3266 Gamaliel
1437 3209 1502 3280 ³³,
1535 3227 1650 3265 non
1685 3211 2112 3279 prohibendum

463 3299 856 3372 apostolorum
907 3315 1054 3372 Opus
1100 3315 1227 3355 esse
1281 3299 1584 3366 suadebat,
1638 3299 2114 3372 bortabaturque,

461 3389 782 3446 coalescere
821 3393 880 3444 et
927 3389 1187 3444 obtinere
1233 3389 1293 3442 id
1348 3387 1674 3443 necessario
1733 3395 2015 3458 oportere,
2065 3391 2111 3444 si

460 3479 542 3532 ita
577 3480 686 3532 Deo
715 3477 904 3532 visum
937 3485 1090 3534 esset
1121 3492 1135 3531 :
1171 3479 1459 3545 etiamque
1490 3483 1662 3546 atque
1705 3477 1874 3532 etiam
1907 3478 2113 3532 viden-

463 3566 602 3620 dum
636 3568 720 3622 eis
749 3583 878 3622 esse
907 3567 1134 3634 dicens,
1159 3583 1232 3620 ne
1253 3565 1470 3622 bellum
1494 3569 1699 3621 contra
1720 3565 1902 3621 Deum
1936 3565 2112 3622 sueci-

461 3661 684 3728 perent.
718 3657 1014 3712 Theudam
1047 3673 1276 3726 quoque
1323 3657 1630 3726 quemdam
1662 3663 1720 3712 et
1747 3656 1962 3712 Judam
1995 3657 2109 3713 Ga-

461 3745 672 3801 lileum
727 3747 786 3800 in
843 3746 1104 3801 medium
1160 3747 1452 3812 ali'erebal,
1507 3745 1608 3816 qui
1658 3747 1857 3801 censui
1909 3752 1966 3800 et
2009 3747 2106 3801 de-

459 3834 756 3903 scriptioni
800 3837 1022 3906 primas,
1047 3835 1446 3890 multitudinis
1480 3851 1654 3889 manu
1705 3847 1924 3903 coacta,
1949 3837 2113 3890 resti-

467 3921 634 3976 tisset
666 3937 680 3975 :
713 3928 790 3988 et,
821 3925 973 3991 quod
1003 3929 1203 3979 contra
1229 3924 1580 3978 voluntatem
1617 3924 1712 3978 Dei
1762 3932 1976 3979 conatu
2007 3941 2110 3980 suo

464 4009 716 4066 venisset
763 4013 1050 4082 periisset.
1085 4013 1235 4066 Tum
1287 4012 1370 4066 illi
1418 4011 1713 4082 apostolos
1746 4013 1930 4082 plagis
1962 4013 2112 4068 mul-

463 4097 705 4153 ctandos
738 4105 947 4154 curant
979 4115 994 4163 ;
1027 4106 1084 4154 et
1121 4100 1426 4165 absolutis,
1463 4116 1532 4152 ne
1583 4099 1721 4170 quid
1778 4101 2019 4169 posthac
2053 4102 2107 4156 in

462 4187 698 4241 nomine
725 4186 862 4242 Jesu
895 4187 980 4242 vel
1013 4187 1292 4254 dicerent,
1319 4189 1403 4242 vel
1436 4189 1716 4254 lacerum,
1742 4190 2107 4258 praecipiunt,

459 4275 570 4331 Sed
613 4277 768 4331 enim
819 4292 953 4331 cum
999 4277 1208 4347 ingens
1258 4277 1441 4346 magis
1491 4277 1796 4347 magisque
1828 4277 1902 4332 ad
1933 4278 2102 4333 ﬁdem

2225 3234 2399 3280 νοιτο,
2431 3219 2648 3268 σκοπεῖν
2708 3215 2843 3288 χρὴ,
2876 3211 3166 3286 ἐπιλέγων.
3217 3215 3312 3267 Καὶ
3365 3209 3565 3268 Θευδᾶν
3608 3233 3730 3266 τινα
3777 3211 3864 3266 καί

2220 3301 2312 3354 τὸν
2363 3301 2658 3357 Γαλιλαῖον
2700 3297 2906 3356 Ἰούδαν
2954 3304 3034 3371 τῷ
3086 3300 3234 3374 μὲσῳ
3278 3307 3490 3374 παρῆγε
3547 3303 3615 3372 τῇ
3671 3301 3861 3373 πρώτῃ

2223 3393 2538 3446 ἀντιστάντα
2591 3391 2906 3467 ἀπογραφῇ.
2963 3391 3054 3446 καὶ
3111 3390 3328 3460 πλῆθος
3395 3391 3826 3468 ἒφελκυσάμενον

2219 3481 2311 3534 καὶ
2369 3477 2779 3556 διαφθαρέντας,
2825 3479 2904 3551 τῷ
2967 3481 3041 3550 μή
3101 3479 3238 3534 κατὰ
3298 3479 3564 3552 βούλησιν
3621 3479 3868 3555 ἐνηργη-

2219 3569 2363 3622 κέναι
2410 3572 2562 3623 Θεοῦ.
2613 3569 2709 3622 Καὶ
2760 3569 2814 3622 οἱ
2865 3569 2960 3640 μὲν
3011 3567 3252 3641 πληγαῖς
3319 3563 3694 3630 ὑποϐαλόντες
3741 3573 3871 3631 τοὺς

2219 3655 2586 3724 ἀποστόλους,
2645 3657 2902 3726 ἀπέλυον,
2960 3659 3034 3730 μή
3095 3657 3181 3710 ἐπὶ
3247 3662 3326 3729 τῷ
3387 3658 3569 3726 Ἰησοῦ
3642 3656 3870 3728 ὀνόματι

2218 3747 2471 3820 πράττειν
2525 3767 2579 3799 τι
2635 3745 2670 3814 ἢ
2747 3745 2918 3819 λέγειν
2995 3749 3468 3822 παρεγγυώμενοι.
3519 3747 3751 3822 Στίφους
3809 3768 3870 3821 γε

2223 3837 2332 3906 μὴν
2375 3835 2449 3895 ὡς
2508 3833 2770 3891 πλείστου
2823 3840 2891 3909 τῇ
2951 3835 3128 3890 πίστει
3169 3833 3514 3910 συῤῥὲοντος,
3545 3835 3869 3912 γογγυσμὸς

2220 3924 2355 3996 πρὸς
2387 3928 2492 3978 τῶν
2525 3923 2896 3994 Ἐλληνιστων
2925 3926 3014 3993 ἦν,
3048 3925 3123 3988 ὡς
3165 3929 3274 3978 τῶν
3330 3923 3597 4003 σφετέρων
3649 3945 3868 3997 παρεω-

2223 4012 2467 4087 ραμένων
2525 4017 2736 4086 χηρῶν.
2773 4013 2869 4068 Καὶ
2929 4011 3065 4083 δῆτα
3123 4014 3174 4068 οἱ
3227 4015 3350 4088 περὶ
3412 4015 3682 4086 Στέφανον
3717 4014 3869 4069 θείου

2222 4108 2455 4175 μέτοχοι
2535 4101 2868 4172 Πνεῦματος,
2929 4103 3061 4157 ἑπτὰ
3119 4099 3176 4157 δὲ
3233 4103 3393 4171 ἦσαν,
3455 4104 3597 4177 εὐχῇ
3654 4123 3713 4156 τε
3768 4102 3866 4157 καὶ

2217 4191 2446 4245 ἐπιθὲσει
2508 4194 2710 4263 χειρῶν
2771 4188 3040 4246 διακονεῖν
3098 4196 3213 4252 τοῖς
3271 4197 3478 4252 κοινοῖς
3537 4191 3863 4264 ἐπιτρέπον·

2213 4297 2338 4332 ταιο
2381 4278 2574 4332 ἐκεῖνοι
2634 4275 2690 4333 δὲ
2738 4283 2834 4333 τοῦ
2883 4279 3032 4334 θείου
3078 4279 3254 4354 λόγου
3308 4281 3474 4354 μόνου
3530 4281 3864 4354 προεστάναι

457 4366 776 4422 conﬂueret
829 4366 1166 4434 multitudo,
1200 4366 1518 4439 indignatio
1560 4367 1621 4420 in
1653 4381 1720 4420 ea
1750 4371 1807 4420 et
1842 4383 2106 4423 murmur

2230 4367 2324 4422 δεῖν
2365 4366 2593 4441 ἔκρινον.

451 4455 780 4513 Grecorum
829 4457 1106 4524 exoritur,
1158 4459 1313 4529 quod
1368 4457 1556 4512 vidua
1605 4471 1805 4512 eorum
1853 4459 2307 4527 deepicoreatur.

2387 4461 2468 4514 Ita
2519 4460 2879 4530 Stephanus.
2932 4466 2989 4516 et
3038 4479 3171 4516 cum
3226 4479 3292 4517 eo
3353 4481 3449 4518 sex
3501 4463 3628 4527 viri,
3679 4463 3865 4520 divini

454 4545 762 4616 participes
815 4545 1087 4616 Spiritus,
1121 4546 1453 4617 precatione
1499 4551 1554 4602 et
1606 4561 1886 4601 manuum
1943 4548 2316 4618 impositione
2363 4549 2432 4601 ad
2472 4548 2862 4604 ministerium
2921 4550 3216 4621 publicum
3249 4550 3457 4607 delecti
3489 4551 3862 4606 ordinantur.

451 4634 565 4705 Ipsi
595 4649 725 4691 vero
756 4634 1001 4705 apostoli
1032 4637 1140 4691 soli
1171 4637 1284 4691 sibi
1317 4636 1489 4692 verdo
1521 4637 1842 4692 vacandum
1875 4652 2002 4693 esse
2039 4640 2329 4694 statuunt.
3567 4639 3586 4657 '

1088 4725 1322 4782 CAPUT
1354 4726 1454 4782 Ill.

451 4815 526 4869 De
554 4814 902 4871 ordinatione
941 4816 1127 4872 Jacobi
1161 4817 1354 4886 fratris
1385 4815 1498 4883 Dei,
1531 4821 1581 4870 et
1609 4815 1878 4884 expositio
1905 4813 1971 4870 de
1999 4831 2094 4883 ge-

517 4902 646 4942 nere
691 4887 927 4958 Josephi,
960 4889 1143 4958 sponsi
1191 4887 1390 4958 Maria
1421 4895 1474 4942 et
1527 4888 1756 4942 Joannis
1807 4886 2092 4958 Baptistae,

518 4974 615 5013 nec
659 4974 764 5013 non
813 4961 1178 5015 sanctissimae
1223 4960 1318 5014 Dei
1365 4957 1660 5013 Genilricis
1691 4977 1708 5012 :
1756 4974 1826 5012 ex
1873 4957 2096 5022 scriptis

520 5028 808 5084 Clementis
879 5029 1207 5096 collecloris,
1263 5029 1461 5097 evortii,
1520 5037 1572 5084 cr
1633 5029 1943 5100 Hippolyti,
1997 5031 2094 5098 qui

515 5101 891 5172 apostolorum
920 5117 1248 5157 successores
1277 5106 1522 5170 fuerunt,
1557 5101 1823 5171 decerpta.

513 5264 664 5314 Sane
697 5262 929 5330 quidem
961 5265 1018 5314 et
1045 5260 1354 5325 Jacobum,
1387 5260 1486 5331 qui
1540 5262 1712 5314 l'rater
1743 5258 1973 5315 Domini
2007 5259 2089 5313 di-

441 5347 697 5416 cabatur,
746 5351 897 5420 quod
946 5352 1140 5420 sponsi
1191 5349 1425 5418 Josepbi
1479 5349 1634 5404 {ilius
1683 5349 1754 5416 is,
1803 5354 1859 5401 ct
1906 5350 2088 5402 mater

437 5433 576 5490 Jesu
637 5453 850 5507 sponsa
902 5439 1142 5509 Josepbi
1190 5442 1363 5503 esset,
1409 5442 1643 5509 propter
1706 5435 2085 5492 excellentem

509 5609 560 5645 ”
583 5612 708 5668 Act.
744 5629 801 5685 ν,
832 5613 920 5668 39.

2844 4731 3097 4784 ΚΕΦΑΛ.
3141 4730 3211 4784 Γ’.

2207 4813 2362 4886 Περὶ
2403 4811 3323 4888 τῆςκχειροτονίαςἾακώϐου
3351 4820 3466 4870 τοῦ
3497 4813 3866 4888 ἀδελφοθὲ-

2275 4881 2348 4938 οὐ
2385 4885 2489 4963 aui
2526 4881 2851 4963 δι’ήγήσ-ις
2883 4888 3032 4963 περὶ
3063 4891 3176 4942 τοῦ
3205 4888 3441 4960 γένους
3475 4881 3712 4963 Ἰωσήᾠ
3742 4892 3864 4963 τοῖ’)

2278 4958 2400 5026 μνή
2425 4957 2803 5028 στοροςκαὶ
2835 4957 3146 5013 Ἰωάννου
3175 4957 3289 5013 τοῦ
3321 4957 3716 5028 Βαπτιστοῦ,
3749 4959 3860 5012 καὶ

2271 5033 2393 5102 τῆς
2427 5029 2644 5101 ἁγνῆς
2689 5031 3163 5102 θεομήτορομςγ·
3197 5028 3266 5084 ἐκ
3301 5035 3427 5084 τῶν
3465 5029 3855 5102 Κλήμεντος

2269 5101 2383 5152 τοῦ
2424 5097 3232 5170 στρωματὲωςζΕὔωδίου
3269 5121 3337 5154 τε
3378 5101 3481 5154 καὶ
3532 5097 3858 5156 Ἱππολό-

2270 5189 2405 5236 του,
2449 5166 2518 5222 οἵ
2549 5166 2873 5244 διάδοχοι
2912 5177 3038 5226 τῶν
3081 5170 3467 5227 ἀποστόλων
3521 5170 3851 5246 ἐγένοντο.

2275 5261 2374 5310 Καὶ
2408 5254 2474 5324 δὴ
2508 5257 2597 5310 καὶ
2632 5255 2912 5326 Ἰἀκωϐου,
2946 5260 3004 5320 ’ὸς
3048 5264 3146 5314 τοῦ
3196 5259 3393 5334 Κυρίου
3442 5259 3679 5334 ἀδελφὸς
3736 5261 3855 5318 ἐλε-

2197 5365 2344 5417 γετο,
2390 5345 2578 5420 ὅτιπερ
2627 5352 2723 5402 τοῦ
2775 5350 3082 5423 μνήστορος
3113 5350 3316 5426 Ἰωσήφ
3365 5355 3492 5410 παῖς
3552 5349 3857 5426 ἐτύγχανεν

2197 5431 2294 5496 ὢν,
2330 5437 2545 5506 μνηστὴ
2577 5435 2634 5490 δέ
2686 5438 2735 5490 οἱ
2785 5437 2932 5508 αὐτῷ
2963 5441 2994 5506 ἡ
3055 5441 3238 5511 μήτηρ
3275 5443 3372 5492 τοῦ
3407 5440 3588 5508 Ἰησοῦ
3614 5459 3625 5470 ·
3659 5445 3856 5495 τοῦτον
