4070 6274
169 395 342 454 ’75⁸7

1240 390 1857 454 ECCLESIASTICIE
1899 395 2291 458 HISTORUE
2334 397 2480 460 LIB.
2529 397 2607 457 ll.

3516 397 3636 457 758

172 526 311 580 οὖν
351 527 446 582 τὸν
479 521 765 594 Ἰάκωϐον,
795 527 853 581 ὃν
895 530 974 598 τῷ
1003 523 1244 599 περιόντι
1273 529 1372 590 τῆς
1403 524 1599 598 ἀρετῆς
1632 523 1718 578 καὶ
1747 518 1864 588 τοῖς

2005 531 2113 600 njus
2142 531 2421 587 virtutum
2453 535 2512 588 et
2542 529 2833 602 pracipua
2862 529 2974 586 alia
3003 537 3365 597 ornamenta,
3396 529 3632 586 Justum

171 613 448 678 λοιποῖς
506 617 914 690 προτερήμασε,
975 613 1191 670 Δίκαιον
1254 614 1482 677 ἅπαντες
1557 613 1877 683 ἐπεκάλουν,

171 711 322 774 τῆς
367 703 420 759 ἐν
449 705 867 780 Ἰεροσολύμοις
899 701 1226 773 Ἐκκλησίας
1256 703 1461 778 πρώτῳ
1509 703 1609 771 τήν
1655 701 1881 758 ἐπισκο-

175 795 335 863 πὴν
380 792 769 871 ἐγχειρίζουσι.
823 793 923 849 Καὶ
975 796 1237 866 μαρτυρεῖ
1285 789 1522 865 Κλήμης
1573 791 1626 846 ἐν
1675 796 1721 855 ς’
1771 796 1878 848 τῶν

175 879 658 938 ’Υποτυπώσεων
691 883 719 936 6
751 882 1122 955 στρωματεὺς,
1155 880 1362 936 οὑτωσὶ
1409 881 1630 956 γράφων
1661 901 1672 912 ·
1715 903 1740 934 ε
1777 880 1880 936 Πέ-

179 991 357 1044 τρον
387 969 478 1025 καὶ
527 965 786 1025 Ἰάκωϐον
827 970 919 1024 καὶ
967 970 1217 1038 Ἰωάννην
1271 969 1406 1042 μετά
1453 970 1552 1037 τήν
1603 968 1878 1043 ἀνάληψιν

179 1064 320 1114 τοῦ
357 1067 641 1134 Σωτῆρος,
675 1059 749 1120 ὡς
781 1057 840 1112 ἃν
873 1059 964 1114 καὶ
998 1058 1100 1114 ὑπὸ
1147 1063 1246 1114 τοῦ
1289 1057 1488 1132 Κυρίου
1539 1079 1880 1132 προτετιμη-

191 1149 450 1222 μένους,
486 1149 564 1220 μή
597 1146 998 1218 ἰπιδικάζεσθαι
1049 1143 1210 1218 δόξης
1245 1165 1256 1176 ·
1292 1145 1438 1202 ἀλλά
1483 1142 1744 1202 Ἰάκωϐον
1780 1147 1870 1202 τὸν

187 1239 471 1306 Δίκαιον,
505 1235 799 1292 ἐπίσκοπον
831 1241 939 1293 τῶν
989 1235 1388 1310 Ἱεροσολύμων
1439 1234 1671 1292 έλέσθαι.
1709 1258 1736 1286 ››
1789 1237 1877 1291 Ἐν

189 1323 397 1398 δὲ’τῷ
445 1321 667 1398 ἑϐδόμῳ
715 1331 817 1394 τῆς
864 1326 1036 1394 αὐτῆς
1090 1326 1396 1388 ὑποθέσεως
1446 1321 1525 1379 ἔτι
1573 1325 1664 1378 καὶ
1712 1328 1882 1379 ταῦτα

190 1415 352 1490 περί
413 1414 580 1471 αὑτοῦ
629 1412 998 1491 διεξέρχεται·
1059 1439 1084 1466 ‹‹
1120 1409 1366 1486 Ἰακώϐῳ
1412 1418 1491 1485 τῷ
1543 1413 1740 1486 Δικαίῳ
1787 1413 1878 1468 καὶ

192 1505 458 1576 Ἰωάννη
514 1504 605 1558 καὶ
663 1504 850 1580 Πέτρῳ
910 1503 1044 1576 μετά
1098 1503 1196 1570 τὴν
1257 1503 1538 1557 ἀνάστασιν
1598 1498 1878 1576 παρέδωκε

196 1593 328 1661 τήν
361 1597 560 1668 γνῶσιν
589 1593 617 1647 6
651 1593 868 1666 Κύριος.
920 1592 1081 1646 Οὗτοι
1127 1588 1183 1646 δὲ
1213 1596 1330 1652 τοῖς
1384 1589 1604 1653 λοιποῖς
1650 1589 1878 1646 ἀποστό-

201 1681 350 1743 λοις
378 1679 694 1756 παρέδωκαν
715 1699 729 1712 ·
763 1683 816 1736 οἱ
848 1678 905 1736 δέ
934 1679 1119 1736 λοιποὶ
1154 1680 1451 1736 ἀπόστολοι
1483 1685 1600 1742 τοῖς
1632 1675 1878 1752 ἑϐδομή-

203 1789 430 1826 κοντα’
485 1772 559 1825 ὧν
613 1773 692 1833 εἷς
723 1770 790 1839 ἦν
838 1770 926 1826 καὶ
987 1766 1280 1844 Βαρνάϐας.
1343 1769 1445 1824 Δύο
1493 1767 1549 1824 δὲ
1604 1769 1877 1845 γεγόνασιν

209 1855 521 1916 Ἰάκωϐον
563 1862 644 1922 εἷς
678 1861 704 1914 6
738 1859 976 1930 Δίκαιος,
1008 1861 1035 1914 6
1067 1860 1203 1916 κατᾶ
1242 1863 1339 1915 τοῦ
1391 1860 1687 1934 πτερυγίου
1732 1856 1877 1931 βλη-

213 1950 370 2016 Θείς,
429 1948 518 2003 καὶ
564 1949 668 2004 ὑπὸ
711 1949 951 2026 κναφέως
1000 1949 1148 2020 ξύλῳ
1195 1947 1428 2024 πληγεὶς
1479 1947 1552 2009 εἰς
1603 1945 1824 2001 θάνατον
1860 1963 1872 1976 ⁸

211 2038 415 2110 ’ἔτερος
467 2035 524 2093 δὲ
577 2039 606 2093 6
657 2039 1082 2112 καρατομηθείς.
1120 2065 1144 2088 n
1193 2038 1373 2096 Αὐτοῦ
1406 2037 1472 2105 δὴ
1512 2041 1608 2092 τοῦ
1657 2035 1877 2091 Δικαίὸυ

219 2129 324 2184 καὶ
357 2129 384 2181 6
419 2128 634 2189 Παῦλος
671 2129 1000 2201 μνημονεύει
1032 2129 1253 2204 γράφων
1280 2149 1290 2159 ·
1323 2129 1606 2202 ’Ἕτερον
1637 2123 1707 2181 δὲ
1750 2132 1876 2180 τῶν

226 2215 636 2272 ἀποστόλων
698 2219 813 2272 οὐκ
881 2215 1067 2272 εἶδον
1117 2217 1178 2272 εἰ
1227 2219 1311 2288 μή
1379 2214 1702 2270 Ἰλὶκωϐον
1764 2217 1876 2271 τὸν

225 2303 529 2382 ἀδελφὸν
561 2309 674 2360 τοῦ
706 2305 982 2379 Κυρίου.
1014 2307 1072 2361 Ὀ
1094 2302 1338 2366 δὶπολὺς
1372 2307 1436 2359 τΞι
1469 2307 1584 2359 θεῖα
1615 2302 1878 2374 Εὐώδιος,

228 2399 343 2451 τῶν
375 2396 536 2468 ἱερῶν
571 2391 618 2449 δ’
653 2393 973 2450 ἀποστόλων
1015 2396 1104 2448 καὶ
1154 2393 1308 2456 οὗτος
1364 2391 1647 2468 διάδοχος,
1679 2392 1730 2448 ἐν
1762 2398 1878 2455 τοῖς

231 2485 404 2540 αὐτοῦ
461 2483 876 2560 σύγγράμμασι,
932 2482 1168 2557 μάλιστα
1199 2481 1255 2538 δὲ
1305 2483 1355 2538 ἐν
1404 2487 1471 2548 τῇ
1519 2479 1785 2554 ὶπιστολῇ
1817 2483 1881 2552 ἢν

234 2579 366 2634 Φῶς
398 2571 685 2648 ἐπέγραψε,
716 2573 805 2627 καὶ
835 2576 1001 2627 ταῦτα
1031 2571 1410 2644 προστίθησιν,
1445 2595 1472 2624 ‹‹
1525 2576 1586 2628 'U
1625 2571 1882 2644 Χριστὸς,

236 2661 444 2737 λέγων,
493 2659 656 2722 ἰδίαις
713 2661 868 2735 χερσῖ
937 2661 1030 2716 τὸν
1095 2661 1291 2735 Πέτρον
1370 2662 1534 2732 μόνον
1585 2655 1880 2714 ἐϐάπτισε·

241 2751 449 2821 Πέτρος
516 2746 573 2803 δὶ
635 2745 883 2824 ’Δνδρέαν
954 2749 1041 2804 καὶ
1106 2750 1232 2809 τοὺς
1322 2744 1606 2804 Ζεϐεδαίου
1686 2747 1880 2808 υἱούς·

239 2835 502 2912 ’Δνδρέας
549 2835 604 2894 δὲ
665 2839 754 2894 καὶ
827 2839 877 2892 οἱ
943 2841 1039 2892 τοῦ
1107 2833 1393 2892 Ζεϐεδαίου
1459 2838 1586 2899 τοὺς
1655 2835 1882 2899 λοιποὺς

249 2926 589 2984 ἀποστόλων.
620 2928 753 2992 Τοὺς
781 2925 838 2983 δὲ
887 2923 1270 2998 ἑϐδομήκοντα
1317 2928 1520 3001 Πέτρος
1566 2927 1655 2981 καὶ
1703 2927 1886 2982 Ἰωάν-

253 3037 355 3085 νης
413 3017 441 3071 6
500 3015 754 3092 θεολόγος
814 3017 1136 3092 βαπτίζουσι
1171 3037 1184 3050 '
1238 3041 1265 3067 ››
1325 3015 1738 3090 προσεπιλέγων
1796 3013 1886 3069 καὶ

243 3109 414 3162 ταῦτα
447 3126 458 3138 ·
513 3131 542 3160 ι(
595 3107 734 3164 Ἀπὸ
777 3110 875 3160 τοῦ
937 3105 1306 3182 βαπτίσματος
1364 3101 1468 3166 ἕως
1537 3109 1634 3160 τοῦ
1681 3101 1886 3164 πάθους

243 3199 486 3270 Χριστοῦ
515 3189 608 3266 ἔτη
660 3194 891 3251 διελθεῖν
921 3195 1082 3269 τρία·
1135 3195 1240 3250 ἀπὸ
1296 3192 1354 3249 δὲ
1399 3194 1496 3248 τόῠ
1543 3195 1747 3255 πάθους
1797 3193 1886 3246 καὶ

1990 618 2064 674 ab
2093 619 2368 676 omnibus
2407 619 2901 692 cognominatum,
2933 619 3188 688 primum
3221 617 3632 690 Hierosolymi-

1988 714 2137 763 tane:
2201 707 2470 764 Ecclesiae
2527 707 2864 780 episcopum
2923 713 3138 762 creant.
3199 706 3473 764 Testatur
3525 706 3636 763 hoc

1989 795 2252 852 Clemens
2301 801 2602 854 contextor
2644 797 2701 852 in
2751 801 2912 853 sexto
2969 795 3407 868 Dispositionum
3462 794 3633 866 libro,

1989 885 2060 939 ad
2093 883 2248 941 hunc
2281 885 2520 941 modum
2570 885 2830 942 scribens
2856 900 2869 942 :
2899 908 2927 935 «
2958 884 3166 940 Petrus
3215 889 3273 940 et
3301 883 3552 940 Jacobus
3581 891 3638 940 et

1988 972 2262 1042 Joannes,
2296 990 2442 1046 quos
2475 973 2756 1030 Dominus
2804 973 3092 1046 pracipuo
3145 973 3422 1044 dignatus
3450 971 3638 1028 fuerat

1989 1061 2228 1132 honore,
2271 1068 2403 1134 post
2431 1065 2832 1120 ascensionem
2876 1064 3028 1132 ejus,
3069 1061 3314 1134 gloriam
3349 1077 3466 1118 non
3495 1061 3634 1118 aii‘e-

1989 1155 2240 1220 ctarunt,
2275 1152 2376 1207 sed
2403 1151 2688 1208 Jacobum
2716 1151 2952 1208 Justum
2991 1151 3334 1223 episcOpum
3375 1149 3639 1206 Hieroso-

1989 1238 2272 1311 lymorum
2303 1240 2615 1312 elegerunt.
2650 1243 2716 1297 In
2746 1240 2994 1311 septimo
3025 1245 3219 1296 autem
3250 1241 3509 1310 ejusdem
3541 1255 3634 1294 ar-

1987 1328 2239 1399 gumenti
2289 1329 2434 1385 libro
2484 1329 2604 1386 hac
2678 1344 2911 1402 quoque
2959 1330 3032 1386 de
3067 1345 3134 1384 eo
3181 1333 3632 1385 commemorat:

1989 1439 2018 1467 «
2046 1417 2263 1474 Jacobo
2293 1417 2325 1474 J
2335 1421 2486 1490 usto,
2523 1427 2578 1474 et
2622 1419 2858 1486 Joanni,
2907 1423 2964 1474 et
3009 1421 3178 1474 Petro
3210 1425 3339 1490 post
3367 1432 3634 1473 resurre-

1989 1506 2238 1562 ctionem
2263 1507 2536 1564 Dominus
2557 1507 2944 1578 cognitionem
2969 1511 3025 1562 et
3045 1506 3350 1564 scientiam
3373 1505 3632 1561 tradidit-

1989 1594 2144 1650 Hanc
2179 1593 2260 1650 illi
2304 1593 2545 1667 reliquis
2596 1595 2898 1666 apostolis,
2944 1601 3122 1668 atque
3151 1595 3193 1650 ii
3240 1611 3476 1650 rursum
3507 1592 3636 1650 aliis

1987 1684 2369 1755 septuaginta,
2405 1701 2651 1756 quorum
2703 1702 2853 1741 unus
2901 1701 3136 1756 quoque
3167 1685 3472 1740 Barnabas
3505 1683 3635 1750 fuit,

1987 1773 2375 1830 tradiderunt.
2409 1774 2534 1830 Duo
2567 1779 2764 1831 autem
2790 1776 2948 1830 fuere
2975 1773 3214 1830 Jacobi:
3249 1772 3635 1839 alteriustus,

1911 1895 1954 1958 Β
1985 1861 2082 1958 qui
2113 1879 2182 1918 ex
2205 1863 2402 1934 templi
2435 1861 2746 1934 pinnacuio
2776 1863 3056 1958 dejectus,
3089 1867 3147 1917 et
3175 1878 3209 1916 a
3239 1860 3454 1958 fullone
3484 1861 3636 1958 fuste

1987 1951 2060 2006 ad
2093 1967 2291 2007 necem
2327 1968 2513 2022 usque
2544 1969 2729 2008 caesus
2760 1956 2887 2018 est;
2919 1951 3064 2007 alter
3092 1955 3286 2007 autem
3319 1950 3421 2022 qui
3448 1949 3636 2022 capite

1985 2044 2075 2097 est
2103 2040 2176 2095 ab
2206 2041 2428 2098 Herode
2475 2043 2698 2114 plexus.
2734 2064 2761 2092 »
2802 2039 2968 2098 184
2994 2040 3148 2096 Justi
3180 2057 3350 2112 porro
3381 2039 3553 2096 istius
3580 2043 3638 2094 et

1987 2129 2204 2187 Paulus
2256 2129 2610 2188 mentionem
2668 2131 2826 2196 facit,
2875 2131 3172 2188 scribens:
3223 2129 3410 2186 Alium
3455 2137 3637 2184 autem

1985 2234 2056 2275 ea:
2101 2218 2366 2289 apostolis
2422 2235 2750 2292 quamquam
2804 2235 2916 2277 non
2956 2218 3093 2288 vidi,
3135 2227 3336 2290 praeter
3375 2216 3636 2275 Iacobum

1986 2307 2224 2377 fratrem
2255 2307 2472 2363 Domini
2503 2306 2572 2363 ³⁸.
2631 2307 2806 2364 Porro
2852 2307 3085 2362 divinus
3128 2307 3400 2370 Evodius,
3451 2305 3638 2376 quiet

1988 2397 2114 2469 ipse
2171 2403 2502 2454 sanctorum
2574 2397 2966 2470 apostolorum
3035 2411 3333 2452 successor
3387 2393 3518 2463 fuit,
3575 2393 3636 2448 in

1990 2486 2442 2544 Commentariis
2498 2487 2642 2556 suis,
2697 2487 2982 2560 praecipue
3037 2493 3236 2543 autem
3283 2486 3345 2542 iu
3389 2483 3637 2556 epistola

1993 2592 2170 2648 quam
2204 2577 2401 2632 Lucem
2432 2575 2745 2648 inscripsit,
2768 2575 2890 2631 haec
2911 2592 3141 2648 quoque
3162 2573 3380 2648 posuit,
3416 2594 3445 2623 ‹‹
3473 2571 3635 2629 Chri-

1994 2673 2137 2730 slus,
2171 2664 2464 2736 inquiens,
2515 2665 2782 2720 manibus
2821 2665 2940 2734 ipse
2972 2665 3093 2722 suis
3123 2668 3357 2720 Petrum
3386 2665 3640 2718 tantum-

1997 2753 2166 2808 modo
2200 2750 2533 2824 baptizavit.
2585 2751 2786 2809 Petrus
2837 2769 3006 2824 porro
3053 2752 3368 2822 Andream,
3399 2754 3459 2806 et
3488 2747 3640 2804 filios

1993 2840 2272 2897 Zebedmi.
2325 2840 2371 2896 ii
2429 2840 2704 2912 deinceps
2747 2840 3004 2912 reliquos
3039 2839 3354 2912 apostolos.
3383 2841 3637 2910 Septua-

1994 2930 2158 3002 ginta
2218 2934 2410 2986 autem
2466 2928 2600 2986 illos
2659 2935 2861 2987 Petrus
2918 2936 2976 2986 et
3021 2931 3271 2986 Joannes
3317 2925 3640 2998 Theologus

1998 3018 2188 3075 dictus
2249 3019 2636 3090 baptizarunt.
2700 3040 2730 3070 ι)
2785 3019 3000 3090 Adjicit
3065 3019 3116 3076 is
3172 3025 3442 3090 praeterea
3491 3013 3639 3071 illa:

1998 3131 2026 3158 «
2057 3108 2104 3164 A
2135 3106 2424 3178 baptismo
2464 3124 2651 3180 usque
2697 3109 2768 3164 ad
2822 3109 3146 3178 passionem
3198 3106 3414 3163 Christi
3460 3104 3642 3159 inter-

1997 3196 2242 3252 cessisse
2301 3212 2486 3252 annos
2544 3204 2708 3254 tres:
2755 3214 2790 3252 a
2835 3195 3106 3269 passione
3152 3209 3302 3262 vero,
3354 3207 3647 3250 reeaurre—

243 3291 345 3353 τῆς
395 3284 736 3347 ἀναστάσεως
769 3285 858 3339 καὶ
909 3283 1234 3358 ἀναλήψεως
1282 3283 1355 3344 εἰς
1404 3282 1665 3358 οὐρανοὺς
1721 3299 1886 3356 μεχρι

2005 3285 2209 3348 ctione,
2243 3292 2298 3341 et
2325 3286 2665 3341 ascensione
2695 3257 2918 3356 ejus.in
2950 3285 3148 3354 oculos,
3182 3257 3364 3356 usque
3391 3283 3463 3339 ad
3495 3279 3644 3352 lapi-

247 3377 348 3440 τῆς
382 3369 709 3437 λιθοϐολίας
741 3375 1010 3450 Στεφάνου
1055 3368 1148 3444 ἔτη
1186 3372 1322 3428 εἶναι
1353 3373 1484 3428 ἑπτά
1508 3391 1520 3404 ·
1573 3373 1678 3428 ἀπὸ
1710 3370 1766 3426 δὲ
1795 3378 1895 3439 τῆς

255 3465 556 3539 μαρτυρίας
604 3466 882 3541 Στεφάνου
941 3464 1106 3538 μέχρι
1136 3468 1234 3518 τοῦ
1287 3464 1542 3541 φανέντος
1575 3468 1655 3534 τῷ
1696 3461 1900 3533 Παύλῳ

256 3556 438 3630 φωτὸς
482 3561 648 3626 μῆνες
684 3549 736 3623 ἓξ
763 3573 776 3586 ·
824 3554 930 3608 ἀπὸ
964 3559 1060 3608 τοῦ
1107 3552 1485 3628 φανέντος.τῷ
1536 3550 1738 3623 Παύλῳ
1785 3572 1899 3620 φω-

254 3643 350 3705 τὸς
387 3645 556 3721 μέχρι
585 3649 684 3712 τῆς
713 3641 1047 3706 τελειώσεως
1075 3649 1175 3711 τῆς
1202 3641 1354 3717 ἁγίας
1395 3640 1660 3697 Θεοτόκου
1691 3637 1782 3705 ἔτη
1830 3639 1897 3712 γ’.

256 3732 334 3787 Τά
371 3730 430 3787 δὲ
468 3734 642 3787 πάντα
677 3731 786 3786 ἀπὸ
832 3738 933 3800 τῆς
983 3733 1286 3806 γεννήσεως
1333 3735 1430 3785 τοῦ
1479 3731 1712 3804 Χριστοῦ
1770 3726 1902 3802 ἄχρι

256 3828 361 3890 τῆς
400 3821 774 3887 μεταστάσεως
823 3827 922 3890 τῆς
975 3819 1130 3894 ἁγίας
1175 3821 1446 3875 Θεοτόκου
1491 3813 1584 3889 ἔτη
1633 3817 1784 3888 λέγει
1832 3817 1901 3870 εἶ-

259 3930 346 3963 ναι
414 3905 520 3980 μδῖ
580 3907 678 3964 Τὸν
731 3905 787 3963 δὲ
831 3907 962 3962 ’ὀλον
1004 3911 1100 3976 τῆς
1152 3907 1295 3977 ζωῆς
1347 3905 1514 3976 αὐτῆς
1563 3907 1763 3980 χρόνον
1811 3902 1904 3972 ἔτη

264 3998 400 4052 εἶναι
435 3999 528 4052 νθ’.
562 3999 787 4068 Υριετὴς
828 3999 928 4072 γὰρ
979 3995 1245 4071 γενομένη
1295 4001 1372 4067 τῷ
1419 3997 1552 4070 ἰερῷ
1581 3995 1906 4068 προσήχθη,

261 4087 353 4141 καὶ
388 4085 440 4141 ἐν
471 4092 586 4147 τοῖς
626 4085 830 4160 Ἀγίοις
873 4090 981 4141 τῶν
1020 4085 1186 4161 ἁγίων
1233 4083 1326 4156 ἔτη
1375 4083 1562 4140 ’ἐνδεκα
1613 4077 1910 4149 διεϐίϐασε,

263 4176 357 4231 καὶ
417 4174 570 4238 εὑθὺς
623 4173 712 4230 διὰ
762 4175 949 4249 χειρὸς
1000 4181 1106 4228 τῶν
1153 4174 1338 4248 ἱερέων
1379 4175 1458 4244 τῷ
1525 4173 1728 4248 Ἰωσὴφ
1774 4169 1908 4245 πρὸς

267 4264 517 4340 φυλακὴν
577 4261 874 4338 παρεδόθη.
922 4265 1188 4338 Τέσσαρας
1237 4261 1294 4318 δὲ
1329 4271 1497 4335 μῆνας
1544 4261 1592 4315 ἐν
1644 4263 1713 4332 τῇ
1766 4260 1915 4331 οἰκίᾳ

265 4358 365 4409 τοῦ
395 4355 598 4432 Ἰωσὴφ
631 4351 898 4408 διετέλεσε
923 4374 936 4386 ·
968 4363 1057 4407 καί
1095 4354 1196 4408 ὑπὸ
1223 4357 1321 4408 τοῦ
1365 4350 1708 4426 ἀρχαγγέλου
1760 4349 1909 4422 εὐαγ-

273 4442 548 4518 γελίζεται
589 4436 837 4515 Γαϐριήλ
874 4463 886 4474 ·
934 4442 1024 4495 καὶ
1063 4441 1232 4497 τίκτει
1279 4442 1342 4496 τὸ
1385 4446 1500 4518 φῶς
1538 4444 1634 4494 τοῦ
1683 4438 1916 4510 κόσμου,

273 4531 490 4606 χρόνων
535 4529 857 4608 ὑπάρχουσα
907 4531 985 4597 ιε’,
1031 4533 1100 4604 τῇ
1154 4530 1371 4602 εἰκοστῇ
1418 4530 1642 4602 πέμπτῃ
1683 4532 1780 4582 τοῦ
1831 4533 1919 4580 Δε-

2003 3373 2296 3430 dationem
2362 3374 2634 3443 Stephani
2700 3391 2884 3430 annos
2952 3379 3224 3445 septem:
3279 3390 3314 3428 a
3367 3369 3646 3441 Stephani

2007 3463 2214 3520 deinde
2247 3463 2544 3534 martyrio,
2579 3479 2764 3533 usque
2811 3463 2947 3519 dum
2989 3464 3233 3519 Paulum
3267 3460 3364 3516 lux
3404 3460 3648 3515 circum-

2008 3551 2178 3618 ludit,
2213 3567 2446 3606 menses
2470 3568 2591 3607 sex.
2624 3553 2763 3608 Inde
2795 3569 2976 3624 usque
2997 3553 3066 3607 ad
3101 3557 3311 3606 sancta;
3341 3547 3442 3604 Dei
3473 3547 3649 3604 Geni-

2008 3639 2170 3696 tricis
2201 3639 2526 3706 decessum,
2553 3657 2736 3695 annos
2759 3645 2893 3696 tres.
2919 3639 3198 3696 Caeterum
3218 3643 3449 3709 tempus
3477 3650 3648 3691 omne

2010 3746 2043 3784 a
2069 3727 2364 3784 nativitate
2394 3728 2606 3784 Christi
2638 3745 2820 3800 usque
2851 3731 2922 3784 ad
2957 3727 3056 3784 Dei
3087 3726 3395 3784 Genitriois
3426 3727 3650 3794 migra—

2013 3818 2248 3884 tionem,
2305 3832 2488 3872 annos
2539 3816 2719 3874 fuisse
2775 3817 2915 3873 dicit
2958 3815 3339 3888 quadraginta
3381 3818 3645 3886 quatuor.

2012 3907 2209 3963 Totius
2233 3913 2426 3960 autem
2447 3906 2574 3961 vita:
2591 3907 2743 3975 ejus,
2764 3923 2947 3962 annos
2968 3904 3401 3977 quinquaginta
3423 3921 3651 3960 novem.

2013 3997 2316 4068 Siquidem
2350 3996 2588 4050 trimula
2617 4012 2749 4051 cum
2781 4002 2957 4063 esset,
2992 3997 3049 4050 in
3083 3994 3368 4065 templum
3399 3998 3488 4050 est
3519 4010 3660 4064 prae-

2015 4089 2261 4151 sentata,
2295 4090 2353 4140 et
2380 4084 2460 4140 ibi
2493 4084 2552 4140 in
2579 4085 2793 4141 sanctis
2825 4090 3158 4142 sanctorum
3191 4084 3448 4140 traduxit
3476 4100 3658 4138 annos

2020 4173 2311 4228 undecim.
2373 4171 2590 4228 Deinde
2646 4189 2776 4229 vero
2833 4176 3193 4229 sacerdotum
3243 4171 3517 4228 manibus
3560 4171 3664 4228 Jo-

2020 4261 2197 4330 sepho
2229 4261 2299 4316 ad
2334 4263 2657 4318 custodiam
2709 4269 2799 4318 est
2847 4264 3097 4318 tradita:
3130 4262 3282 4332 apud
3317 4278 3492 4333 quem
3525 4275 3657 4314 cum

2023 4369 2248 4408 menses
2311 4353 2624 4424 peregisset
2680 4359 2951 4424 quatuor.
3011 4355 3084 4409 ab
3141 4354 3346 4425 angelo
3401 4349 3666 4409 Gabrielc

2025 4442 2220 4498 latum
2244 4441 2411 4496 illum
2436 4443 2654 4512 accepit
2679 4443 2969 4498 nuntium.
2999 4444 3224 4515 Peperit
3243 4449 3438 4498 autem
3461 4440 3662 4498 mundi

2029 4531 2216 4601 ipsius
2248 4529 2464 4596 lucem,
2487 4547 2708 4586 annum
2732 4549 2904 4600 agens
2920 4532 3376 4604 quindecimum,
3396 4530 3669 4585 vicesima

271 4617 542 4695 κεμϐρίου
577 4619 774 4690 μηνός.
807 4618 936 4674 Εἶτα
963 4615 1120 4694 ἕτερα
1146 4619 1233 4693 λγ’
1265 4615 1356 4688 ἔτη
1395 4621 1460 4690 ζῇ
1485 4635 1497 4648 ⁶
1533 4617 1564 4671 ἃ
1592 4615 1681 4671 καὶ
1713 4617 1742 4670 6
1774 4634 1896 4684 προ·

2021 4621 2225 4691 quinta
2254 4620 2347 4676 die
2379 4623 2594 4677 mensis
2632 4623 2978 4678 Decembris.
3002 4623 3283 4692 Deinceps
3311 4620 3456 4676 alios
3484 4633 3668 4674 annos

273 4710 494 4771 αιώνιος
528 4707 702 4784 Λόγος
729 4707 817 4762 καὶ
850 4708 974 4770 Υἱὸς
1007 4707 1174 4778 αὐτῆς
1199 4705 1285 4762 ἐπὶ
1315 4715 1415 4776 τῆς
1463 4713 1563 4781 γῆς
1611 4698 1916 4760 διεϐίϐασε·

275 4796 366 4853 καί
432 4797 566 4870 μετὰ
623 4797 722 4866 τὴν
777 4797 1076 4870 σταύρωσιν
1124 4795 1177 4851 έν
1217 4800 1286 4870 τῇ
1333 4800 1430 4852 τοῦ
1473 4795 1722 4850 Ἰωάννου
1777 4791 1924 4861 οἰκίᾳ

275 4883 372 4956 ἔτη
425 4884 719 4941 διετέλεσεν
768 4887 870 4940 ια’·
923 4886 998 4950 ὡς
1041 4887 1183 4960 ὁμοῦ
1232 4887 1299 4941 τά
1359 4879 1451 4954 ἔτη
1497 4883 1698 4952 ταύτης
1743 4886 1787 4936 ν’
1831 4881 1922 4936 καὶ

274 4977 319 5031 θ’
351 4975 687 5048 συνάγεσθαι.
737 4975 824 5030 Ἐν
873 4971 931 5029 δὲ
1091 4973 1355 5048 εἰρημένῃ
1402 4972 1546 5042 οἰκίᾳ
1594 4975 1688 5025 τοῦ
1738 4969 1922 5026 Ἰωάν-

275 5085 373 5119 νου
421 5064 483 5118 :6
531 5069 746 5138 πρῶτον
793 5060 891 5118 τυῦ
957 5064 1152 5141 Πάσχα
1203 5063 1502 5135 μυστήριον
1532 5061 1558 5114 ὁ
1591 5061 1789 5133 Κύριος
1832 5057 1923 5112 σὺν

273 5159 394 5213 τοῖς
450 5157 718 5224 μαθηταῖς
765 5153 1012 5226 πράσσει.
1077 5155 1311 5208 Ἐκεῖθεν
1361 5153 1718 5224 ὑμνήσαντες,
1768 5146 1924 5218 ἑξῆλ-

276 5245 374 5297 θον
405 5241 482 5304 εἰς
524 5243 586 5296 τὸ
633 5237 758 5314 ὅρος
809 5245 914 5295 τῶν
962 5240 1162 5296 ἐλαιῶν
1213 5240 1287 5302 εἷς
1339 5240 1544 5314 χωρίον
1598 5239 1926 5310 ιἐθσεμανή.

274 5333 428 5386 Ἐκεῖ
471 5327 562 5384 διὰ
617 5332 706 5385 τὸν
764 5324 934 5407 φόϐον
991 5335 1099 5384 τῶν
1162 5327 1442 5384 Ἰουδαίων
1501 5324 1926 5400 περιεκλείοντο.

273 5420 428 5475 Ἐκεῖ
482 5423 589 5474 τῶν
637 5419 814 5494 θυρῶν
855 5417 1277 5490 κεκλεισμένων,
1322 5415 1547 5478 ἀναστὰς
1599 5411 1752 5490 ὤφθη
1809 5417 1925 5475 τοῖς

279 5509 553 5583 μαθηταῖς
580 5525 592 5538 ο
626 5507 714 5562 καὶ
766 5507 842 5568 εἷς
890 5506 1183 5581 πρόσωπον
1229 5505 1407 5560 αὐτῶν
1459 5504 1690 5580 ἐμφυσᾷ,
1729 5502 1818 5558 καὶ
1865 5503 1928 5558 τὸ

354 5685 406 5724 ³³
434 5685 625 5746 Galat.
657 5701 734 5757 Iv,
767 5686 856 5746 19.

2033 4709 2255 4780 peregit
2283 4709 2522 4781 triginta
2553 4719 2684 4777 tres,
2717 4729 2866 4783 quos
2896 4713 3070 4767 etiam
3111 4707 3391 4768 aternum
3425 4716 3479 4763 et
3508 4719 3668 4763 ante-

2032 4797 2310 4854 saaeulare
2356 4799 2605 4855 Verbum
2663 4805 2720 4856 et
2748 4800 2930 4856 Filius
2975 4801 3099 4869 ejus
3145 4800 3204 4855 in
3248 4798 3421 4854 terris
3463 4795 3670 4866 exegit.

2035 4887 2167 4944 Post
2197 4887 2386 4944 crucis
2414 4897 2605 4944 autem
2639 4891 2992 4961 supplicium
3025 4889 3168 4945 illud
3195 4889 3252 4944 in
3289 4887 3462 4942 domo
3498 4885 3674 4940 Joan-

2035 4973 2126 5030 nis
2173 4991 2358 5031 anuos
2405 4975 2670 5048 implevit
2716 4977 2984 5033 undecim
3021 4995 3034 5032 :
3070 4983 3132 5031 ut
3163 4975 3347 5030 letalis
3375 4975 3504 5044 ejus
3538 4971 3673 5026 anni

2036 5062 2210 5119 simul
2243 5063 2462 5119 collecti
2513 5066 2633 5120 sint
2679 5066 3104 5137 quinquaginta
3151 5070 3206 5119 et
3257 5079 3483 5119 novem.
3521 5063 3580 5115 in
3613 5076 3678 5115 ea

2035 5149 2159 5223 ipsa
2185 5153 2428 5208 Joannis
2459 5155 2630 5211 domo
2662 5154 2916 5225 primum
2950 5154 3168 5210 Pascha
3200 5152 3511 5224 mysticum
3537 5165 3680 5204 con-

2039 5240 2254 5296 vivium
2310 5240 2596 5298 Dominus
2653 5260 2786 5298 cum
2846 5243 3152 5313 discipulis
3214 5240 3490 5297 instituit.
3542 5237 3681 5294 inde

2038 5327 2256 5400 hymno
2306 5329 2459 5386 dicto
2517 5333 2574 5385 in
2635 5337 2888 5386 montem
2939 5332 3234 5388 Olivarum
3288 5333 3566 5396 exierunt,
3609 5325 3679 5380 ad

2038 5416 2236 5473 villam
2268 5418 2618 5474 Getsemani.
2656 5420 2876 5476 ibidem
2919 5425 3152 5492 propter
3191 5423 3412 5475 metum
3455 5416 3682 5473 Judaao—

2041 5520 2170 5562 rum
2206 5506 2477 5580 discipuli
2527 5508 2968 5566 claudebantur.
3002 5509 3222 5565 ibidem
3253 5507 3428 5564 etiam
3459 5504 3680 5562 toribus
