4070 6274
367 349 488 412 ’159

1667 351 2087 413 NICEPHORI
2131 351 2484 416 CALLISTI

3657 354 3786 416 760

372 483 604 550 clausis,
639 500 770 540 cum
813 483 1246 554 resurrexisset,
1279 484 1352 540 ab
1380 483 1523 554 ipsis
1553 488 1639 541 est
1667 484 1851 548 visus.
1882 501 2016 542 cum

2158 489 2348 559 Ινεῦμα
2390 488 2452 541 τὸ
2502 487 2656 563 ἅγιον
2710 484 2948 542 δίδωσιν.
3001 487 3147 544 Ἐκεῖ
3174 492 3242 562 τῇ
3276 484 3448 562 ὀγδόῃ
3501 485 3786 560 ἡμέρᾳτᾶ

373 574 436 630 in
488 575 691 630 faciem
741 590 972 644 quoque
1019 588 1218 629 eorum
1263 575 1587 646 inspiravit,
1638 579 1698 630 ct
1745 575 2022 646 Spiritum

377 664 463 719 eis
493 668 764 720 sanctum
795 663 972 719 dedit.
1009 663 1094 719 Ibi
1111 666 1308 719 octavo
1333 667 1458 735 post
1490 664 1584 720 die
1612 663 1848 720 Thomas
1881 665 2023 720 fides

379 757 466 807 est
494 754 823 808 conﬁrma:
879 750 1049 808 I35
1109 768 1174 808 eo
1223 752 1477 824 Spiritus
1524 756 1779 819 sanctus,
1833 754 2025 823 specie

379 842 732 914 linguarum,
767 842 894 912 ipsa
923 843 1261 896 Pentecoste
1304 841 1557 897 advenit.
1601 842 1820 898 Ibidem
1856 844 2025 898 Jaco-

383 933 524 986 hum
555 931 787 986 Justum
824 931 1072 1000 primum
1125 931 1652 1004 Hierosolymorum
1689 933 2022 1004 episcopum

384 1020 630 1093 apostoli
678 1019 1048 1086 ordinarunt,
1097 1027 1151 1076 et
1197 1019 1561 1090 Stephanum
1602 1037 1737 1076 cum
1783 1020 2028 1092 reliquis

385 1124 486 1166 sex
528 1109 788 1164 diaconis
819 1107 1102 1179 legerunt.
1137 1127 1164 1160 ι
1211 1109 1370 1164 Hanc
1401 1126 1567 1180 porro
1598 1113 1822 1166 domum
1851 1109 2030 1165 Joan-

387 1214 492 1253 nes
525 1198 703 1253 fertur
724 1213 1095 1268 comparasse
1125 1202 1256 1270 post
1280 1203 1520 1255 mortem
1547 1201 1722 1270 patris
1741 1201 1832 1256 sui
1853 1199 2026 1255 Zebe-

389 1287 520 1354 diei,
552 1287 649 1358 qui
683 1287 918 1358 quidem
955 1288 1202 1360 propriae
1233 1289 1396 1344 navis
1445 1297 1628 1346 rector
1673 1290 1852 1345 fuisse
1903 1304 2026 1360 per-

387 1377 639 1445 hibetur,
685 1376 929 1432 celebris
968 1377 1120 1432 inter
1165 1377 1406 1433 Galiltees
1455 1379 1675 1436 incolas
1720 1380 1822 1434 vir.
1867 1379 2035 1436 Dece-

391 1464 536 1523 dens
583 1473 776 1522 autem
825 1465 884 1520 in
937 1465 1193 1532 Galilaaa,
1241 1466 1375 1522 filiis
1421 1469 1706 1525 ambobus
1735 1467 1949 1524 Jacobo
1981 1482 2032 1522 et

391 1553 601 1609 Joanni
627 1552 1022 1610 hereditatem
1048 1554 1300 1626 reliquit.
1323 1555 1578 1611 Joannes
1604 1556 1783 1628 igitur
1814 1560 2032 1628 patrem

395 1659 584 1710 suam,
615 1659 740 1714 quas
771 1659 840 1699 ex
888 1642 1227 1698 hereditate
1255 1644 1306 1698 ei
1347 1650 1616 1712 cesserat,
1649 1645 1878 1716 Caiphae
1909 1645 2036 1716 ejus

395 1732 534 1788 anni
569 1731 821 1803 pontiﬁci
873 1733 1228 1788 vendiderat.
1275 1737 1651 1806 Quaprupter,
1704 1752 1803 1806 per
1841 1734 2037 1791 vendi-

2132 577 2266 630 κατὰ
2294 577 2384 630 τὸν
2419 581 2616 647 Θωμᾶν
2647 575 2954 634 ἐπιστοῦτο.
2989 579 3136 634 Ἐκεῖ
3165 578 3226 630 τὸ
3283 580 3504 649 Πνεῦμα
3533 577 3595 630 τὸ
3625 574 3784 648 ἅγιον

2134 663 2186 718 ἐν
2221 661 2354 719 εῖδει
2394 663 2661 740 γλωσσῶν
2691 664 2826 719 κατᾶ
2854 667 2953 734 τήν
2991 667 3368 736 Πεντηκοστήν
3413 663 3782 738 ἐπεδήμησεν.

2134 753 2278 808 Ἐκεῖ
2324 757 2414 808 καὶ
2471 755 2565 808 τὸν
2625 751 2832 808 δίκαιον
2888 749 3162 810 Ἰἀκωῦων
3221 759 3438 828 πρῶτον
3485 751 3780 808 ἐπίσκοπον

2135 847 2244 896 τῶν
2291 842 2691 916 Ἰεροσολύμων
2744 843 3190 918 ἐχειροτόνησαν,
3237 843 3326 898 καὶ
3373 843 3637 919 Στέφανον
3684 842 3786 894 καὶ

2135 933 2260 992 τοὺς
2291 928 2344 1002 ἓξ
2377 929 2658 994 διακόνους
2689 927 3090 1005 προύϐάλοντο.
3123 957 3150 983 ››
3199 933 3306 1000 Τὴν
3339 929 3396 986 δὲ
3423 931 3600 986 οἷ’κίαν
3651 929 3784 984 ταύ-

2135 1041 2237 1090 την
2264 1021 2356 1075 τὸν
2387 1020 2640 1091 Ἰωάννην
2675 1020 2928 1096 πρίασθαι
2987 1021 3119 1094 μετᾶ
3169 1022 3410 1090 θάνατον,
3443 1019 3634 1094 λόγος,
3683 1023 3787 1073 τοῦ

2139 1111 2340 1185 πατρὸς
2379 1109 2544 1166 αὐτοῦ
2583 1105 2885 1179 Ζεϐεδαίου;
2945 1111 3004 1171 ὃς
3061 1107 3483 1183 ἷδιοναὺκληρος
3522 1109 3732 1184 λέγεται
3761 1127 3783 1138 ο

2143 1197 2410 1272 ἐπίσημος
2443 1197 2490 1253 δ’
2519 1201 2586 1268 ἦν
2615 1203 2724 1254 τῶν
2747 1199 2798 1254 ἐν
2819 1197 3091 1270 Γαλιλαίᾳ
3115 1198 3514 1272 μετοικούντων
3546 1194 3784 1272 ἀνδρῶν.

2141 1287 2414 1342 Τελευτῶν
2461 1289 2586 1363 γὰρ,
2639 1284 2804 1365 ἄμφω
2851 1293 2966 1349 τοῖς
3015 1287 3154 1342 υίὲσι
3181 1289 3272 1342 τὸν
3307 1287 3360 1342 ἐν
3389 1290 3461 1360 τῇ
3511 1285 3786 1354 Γαλιλαίᾳ

2143 1373 2350 1449 κλῆρον
2407 1375 2600 1445 εἷάσεν,
2661 1371 2904 1448 Ἰακώϐῳ
2959 1377 3050 1430 καὶ
3110 1375 3357 1450 Ἰωάννῃ.
3413 1378 3470 1429 '0
3541 1375 3632 1446 μὲν
3687 1370 3784 1427 οὖν

2144 1464 2397 1535 Ἰωάννης
2450 1467 2550 1535 τήν
2600 1467 2735 1520 κατά
2777 1465 2986 1538 κλῆρον
3043 1464 3190 1537 αὖτῷ
3249 1461 3606 1539 διαφέρουσαν
3645 1469 3788 1531 κτῆ-

2147 1573 2226 1606 σιν
2265 1555 2472 1629 Καϊάφᾳ
2509 1559 2586 1624 τῷ
2625 1558 2721 1609 τοῦ
2761 1552 3007 1608 ἐνιαυτοῦ
3046 1553 3250 1608 ἐκείνου
3295 1555 3543 1628 ἀρχιερεῖ
3589 1553 3790 1624 ἀπημ-

2147 1641 2326 1699 πόλει.
2379 1644 2452 1697 Οὗ
2503 1643 2664 1718 χάριν
2715 1640 2803 1697 διὰ
2853 1644 2952 1710 τὴν
3003 1642 3358 1718 καταλλαγὴν
3409 1643 3498 1697 καὶ
3544 1643 3790 1716 γνωστὸς

2147 1731 2293 1803 αὐτῷ
2350 1732 2436 1801 ἦν,
2495 1733 2570 1794 ὡς
2631 1731 2684 1786 ὲν
2733 1735 2812 1802 τῷ
2862 1733 2977 1785 κατ’
3025 1729 3181 1785 αὐτὸν
3243 1729 3554 1805 Εὐαγγελίῳ
3601 1729 3791 1804 φησίν.

397 1819 577 1876 tionis
633 1821 760 1890 ejus
810 1821 1225 1891 addictionem,
1283 1828 1456 1879 notus
1513 1841 1745 1896 quoque
1792 1824 1844 1878 ei
1889 1829 2036 1890 erat,

2158 1818 2596 1896 ’Δποϐαλὸμενος
2648 1820 2704 1876 δὲ
2747 1824 2844 1890 τὴν
2893 1820 2944 1876 ἐν
2978 1824 3046 1895 τῇ
3083 1821 3350 1893 Γαλιλαίᾳ
3393 1827 3606 1889 κτῆσιν,
3637 1819 3792 1874 οἶκον

399 1909 572 1967 sicuti
607 1910 732 1981 ipse
773 1908 832 1964 in
863 1909 1174 1981 Evangelio
1205 1926 1309 1966 suo
1345 1912 1503 1967 dicit.
1549 1912 1807 1968 Alienata
1847 1918 2042 1968 autem

405 2003 477 2057 ad
524 2015 654 2056 eum
715 2000 979 2064 modum,
1033 2017 1159 2072 qute
1208 2002 1257 2056 ei
1317 2003 1627 2059 obvenerat
1673 2005 1730 2059 in
1787 2002 2042 2070 Galilaaa,

407 2090 799 2164 possessione,
851 2090 1025 2145 aliam
1071 2093 1312 2147 domum
1361 2092 1772 2166 Hierosolymis
1803 2095 1874 2148 ad
1905 2111 2042 2150 san~

405 2185 556 2236 ctam
589 2180 690 2249 (ita
719 2179 874 2234 enim
907 2178 1057 2234 dicta
1077 2181 1224 2252 erat)
1253 2182 1412 2250 Sion,
1446 2183 1554 2237 sibi
1581 2183 1951 2254 comparavit,
1987 2183 2043 2236 in

408 2286 523 2342 qua
561 2269 769 2324 deinde
801 2269 1115 2336 purissima
1147 2275 1331 2325 mater
1359 2270 1590 2337 Christi,
1623 2273 1688 2325 ad
1724 2279 2043 2326 extremum

408 2374 597 2430 usque
627 2357 779 2414 diem
813 2372 982 2412 suum
1013 2359 1190 2414 vitam
1224 2360 1462 2429 peregit.
1494 2359 1888 2415 Consimiliter
1920 2376 2048 2415 vero

407 2449 464 2502 et
495 2447 670 2501 frater
697 2445 946 2503 Jacobus
991 2447 1162 2512 fecit;
1216 2464 1347 2502 nom
1401 2453 1458 2502 et
1502 2449 1572 2515 is,
1619 2447 1790 2504 bonis
1837 2449 1960 2504 suis
1989 2447 2046 2502 in

411 2534 646 2592 Galilaza
677 2535 966 2601 alienatis,
1001 2535 1410 2608 Hierosolymis
1433 2537 1560 2604 fuit,
1593 2543 1766 2608 atque
1789 2537 1868 2592 ibi
1899 2538 2050 2593 salu-

411 2632 530 2679 tare
559 2625 798 2679 verbum
832 2623 1135 2679 duodecim
1167 2625 1438 2680 tribubus
1487 2625 1660 2682 Israel
1699 2625 2047 2695 praedicavit.

411 2713 535 2770 Non
595 2713 995 2785 importunum
1038 2714 1422 2785 equidem,ut
1471 2723 1630 2786 puto,
1676 2715 1864 2784 fuerit,
1909 2732 2051 2786 prte-

412 2803 562 2860 senti
619 2804 872 2859 inserere
917 2804 1190 2870 historias,
1251 2821 1376 2874 quae
1427 2806 1659 2860 divinus
1709 2805 2054 2878 Hippolytus

412 2893 620 2948 Portus
641 2892 852 2947 veteris
875 2895 1066 2946 Romae
1091 2891 1420 2964 episcOpus,
1445 2895 1514 2949 de
1541 2895 1753 2950 Jacobo
1780 2895 1858 2964 (1)
1883 2896 2056 2948 fratre

417 2981 511 3036 Dei
541 2981 832 3036 memorias
852 2982 1128 3034 mandata
1144 2979 1370 3050 reliquit
1404 2998 1416 3035 :
1443 3003 1469 3030 ‹‹
1492 2981 1733 3052 Josepb,
1759 2982 2052 3053 inquiens,

414 3069 595 3135 faber,
629 3085 696 3124 ex
726 3085 902 3124 uxore
931 3085 1039 3124 sua
1067 3069 1296 3124 Salome
1333 3069 1483 3140 (qum
1533 3070 1768 3140 quidem
1802 3070 1920 3126 ﬁlia
1950 3071 2058 3126 fuit

413 3159 624 3229 Aggmi,
699 3158 892 3213 fratris
953 3159 1241 3214 Zacharias
1310 3158 1624 3230 propheta,
1674 3159 2049 3231 ejusdemque

2163 3160 2294 3228 ἦσαν
2357 3161 2626 3232 Βαρακίου
2682 3163 2780 3213 τοῦ
2837 3159 3164 3233 ἀρχιερέως,

414 3247 656 3304 Joannis
686 3247 955 3318 Baptistae
987 3247 1166 3317 patris
1199 3265 1212 3303 :
1247 3247 1554 3303 Zacharias
1577 3264 1706 3303 vero
1737 3253 1794 3302 et
1817 3250 2056 3320 Aggtsus

415 3335 520 3392 filii
563 3340 730 3394 erant
785 3336 1067 3392 Baracbias
1128 3337 1462 3406 sacerdotis)
1512 3341 1762 3408 quatuor
1815 3338 2058 3408 suscipit

415 3424 705 3482 masculos
755 3425 923 3496 filios,
982 3424 1289 3489 Jacobum.
1339 3425 1687 3493 Simeonem,
1738 3428 1970 3493 Judam,
2003 3432 2060 3481 et

413 3513 618 3571 Josen:
645 3519 700 3568 et
721 3515 860 3570 item
883 3514 1031 3570 filias
1052 3515 1216 3584 duas,
1239 3515 1446 3571 Esther
1465 3519 1522 3570 et
1550 3515 1805 3570 Thamar
1833 3515 1909 3586 (2)
1937 3531 1950 3570 :
1981 3516 2058 3571 ita

415 3609 479 3660 ut
506 3605 731 3662 Salome
765 3606 910 3676 ipsa,
942 3611 996 3660 et
1044 3603 1299 3661 Joannes
1345 3605 1624 3676 Baptista,
1658 3607 1906 3662 duorum
1942 3607 2058 3661 fra-

414 3705 562 3750 trum
607 3693 854 3749 marium
906 3692 1071 3748 liberi
1107 3694 1338 3750 fuerint.
1375 3695 1598 3750 Etenim
1629 3697 1876 3767 Aggaaus
1905 3695 2058 3749 filius

415 3783 647 3855 quidem
694 3786 780 3837 est
824 3783 1136 3848 Barachim,
1173 3791 1412 3854 patruus
1445 3789 1637 3838 autem
1670 3784 1932 3840 Joannis.
1964 3784 2056 3838 Si-

415 3872 628 3927 militer
656 3875 712 3926 et
737 3871 1044 3926 Zacharias
1075 3873 1253 3927 frater
1291 3873 1523 3942 quidem
1565 3874 1773 3943 Aggei,
1817 3878 2058 3944 patruus

413 3963 604 4016 autem
633 3958 876 4014 Salomee
925 3960 1162 4030 Josephi
1215 3961 1500 4032 conjugis.
1567 3961 1836 4016 Salomen
1889 3979 2056 4034 porro

412 4047 563 4116 dico,
614 4064 729 4102 non
778 4047 934 4102 illam
1000 4049 1058 4102 in
1131 4048 1419 4104 Bethleem
1503 4051 1874 4105 obstetricem
1933 4050 2059 4120 (illa

414 4135 567 4192 enim
602 4135 1058 4202 Bethleemitica,
1081 4137 1432 4193 consobrina
1461 4137 1806 4192 Elizabethaa
1829 4145 1972 4204 erat,
2004 4145 2059 4192 et

413 4225 552 4280 item
581 4228 796 4278 sancte
826 4223 1063 4292 virginis
1113 4224 1326 4289 Marias,
1364 4230 1426 4278 ut
1476 4225 1580 4279 hoc
1630 4243 1858 4281 sacrum
1895 4227 2058 4282 Luca:

419 4311 793 4384 Evangelium
856 4313 1116 4384 indicat).
1184 4311 1347 4370 I80
1404 4314 1686 4383 siquidem
1738 4319 1856 4370 tres
1903 4317 2059 4372 fuero

415 4417 641 4460 sorores
673 4399 1124 4457 Bethleemiticaa
1174 4403 1300 4458 filias
1342 4400 1605 4457 Matthan
1639 4405 1973 4472 sacerdotis,
2003 4413 2058 4460 et

416 4491 610 4548 Mariae
642 4489 911 4562 conjugis
941 4491 1092 4560 ejus,
1143 4491 1246 4544 sub
1291 4490 1603 4562 CleOpatrm
1651 4497 1708 4546 et
1753 4492 2057 4564 Casoparis

418 4580 602 4636 Persae
636 4595 831 4649 regno,
885 4585 1017 4636 ante
1048 4579 1290 4636 Herodis
1339 4581 1623 4650 Antipatri
1659 4581 1757 4636 filii
1793 4597 2056 4652 regnum.

418 4669 624 4726 Primae
655 4668 845 4724 Maria
877 4671 1146 4725 secundae
1193 4670 1378 4736 Seba),
1416 4671 1601 4726 tertiae
1623 4671 1820 4728 Anne
1851 4688 2060 4726 nomen

417 4765 556 4814 erat.
587 4759 794 4830 Nupsit
826 4759 1012 4829 prima
1061 4759 1116 4812 in
1152 4758 1475 4815 Beethleem
1527 4759 1722 4823 Maria,
1760 4765 1818 4815 et
1849 4761 2066 4831 peperit

420 4847 693 4905 Salomon
725 4849 1116 4905 obstetricem.
1165 4849 1370 4919 Nupsit
1420 4864 1650 4920 quoque
1681 4835 1938 4904 secunda
1966 4849 2064 4905 iti-

419 4938 553 4993 dem
613 4937 672 4991 in
732 4934 1020 4990 Bethleem
1079 4937 1246 5000 Sobe,
1308 4943 1364 4990 et
1411 4937 1609 5007 genuit
1652 4935 2064 4992 Elizabetham.

418 5025 619 5100 Nupsit
651 5029 940 5096 postremo
975 5032 1034 5080 et
1085 5027 1252 5080 tertia
1301 5032 1464 5080 Anna
1511 5025 1570 5079 in
1619 5031 1772 5080 terra
1808 5023 2062 5092 Galilaea,

420 5119 478 5172 et
507 5115 748 5187 protulit
778 5113 1018 5168 Mariam
1073 5114 1168 5168 Dei
1215 5113 1588 5182 (lenitricem,
1639 5129 1708 5168 ex
1757 5129 1868 5183 qua
1898 5113 2066 5168 nobis

497 5295 572 5360 (1)
601 5291 988 5363 Epiphanius,
1021 5292 1293 5346 adversus
1325 5288 1641 5363 Nazaragos,
1674 5289 1874 5363 scribit
1900 5289 2064 5345 Jaco-

426 5367 564 5420 bmn
595 5361 747 5418 hunc
787 5364 1239 5434 primogenitum
1287 5362 1466 5415 filium
1517 5361 1778 5429 Josephi,
1831 5377 1942 5415 non
2000 5377 2067 5416 ex

425 5434 606 5491 Maria
634 5434 852 5502 virgine
877 5442 1082 5501 matre,
1107 5435 1206 5488 sed
1229 5450 1293 5489 ex
1321 5435 1568 5504 conjuge
1591 5435 1706 5487 alia
1726 5439 2065 5504 susceptum

425 5512 483 5562 et
531 5507 954 5561 sanctiﬁcatum
999 5507 1221 5562 fuisse:
1273 5503 1580 5574 eidemque
1638 5509 1840 5558 tratrss
1889 5503 2066 5569 addit,

421 5578 616 5644 Josen,
642 5575 854 5632 Judam
877 5581 933 5632 el.
954 5577 1330 5648 Symeonem;
1365 5575 1564 5648 itidem
1611 5581 1672 5648 ut
1697 5574 2066 5648 Hippolytus.

342 5715 352 5724 _
430 5650 545 5708 Hoc
595 5649 789 5720 ipsum
845 5646 1074 5720 quoque
1132 5646 1488 5719 Epiphanius
1537 5647 1733 5701 scribit
1790 5647 2069 5702 adversus

2152 1910 2204 1965 ἐν
2256 1909 2660 1985 Ἱεροσολύμοις
2708 1911 2758 1964 ἐν
2816 1915 2884 1984 τῇ
2945 1910 3210 1984 λεγομένη
3260 1908 3386 1984 ἁγίᾳ
3435 1911 3578 1964 Σιὼν
3629 1928 3796 1982 προσ-

2151 2003 2414 2069 εκτήσατο
2458 1997 2644 2074 ’ἕτερον
2673 2020 2686 2034 ο
2741 1995 2865 2054 ἔνθα
2921 2001 2948 2068 ἡ
2999 2001 3268 2075 παναγνος
3320 1999 3506 2072 μήτηρ
3557 1999 3796 2071 Χριστοῦ

2151 2088 2284 2168 ὀίχρι
2317 2089 2408 2144 καὶ
2443 2092 2540 2157 τῆς
2564 2087 2800 2163 ἐσχάτης
2829 2088 2996 2156 αὐτῆς
3047 2085 3234 2161 διῆγεν
3281 2086 3513 2161 ἡμέρας.
3565 2086 3792 2156 Ἐπίσης

2153 2175 2336 2234 δὲκαὶ
2385 2179 2412 2232 ὁ
2445 2178 2675 2255 ἀδελφὸς
2725 2173 2981 2238 Ἰάκωϐος
3030 2170 3294 2250 ἔπραττεο
3353 2175 3444 2230 καὶ
3497 2175 3654 2238 οὗτος
3688 2175 3792 2249 γὰρ

2151 2267 2335 2336 τῆν’ἐν
2376 2271 2442 2340 τῇ
2492 2265 2758 2337 Γαλιλαίᾳ
2803 2272 2996 2333 κτῆσιν
3045 2265 3462 2339 παρωσάμενος.
3507 2262 3582 2326 εἰς
3626 2263 3799 2336 Ἰερο-

2155 2354 2369 2429 σόλυμα
2411 2355 2666 2429 γεγονὼς,
2719 2355 3005 2427 κηρύσσων
3056 2354 3124 2422 ἦν
3163 2354 3254 2407 τὸν
3303 2355 3576 2428 σωτήριον
3629 2350 3796 2424 λόγον

2153 2450 2273 2508 ταῖς
2325 2443 2540 2521 ,δώδεκα
2599 2445 2799 2517 φυλαῖς
2854 2447 2950 2498 τοῦ
3007 2441 3250 2518 Ἰσραήλ.
3311 2441 3422 2498 Οὐκ
3475 2441 3697 2516 ἄκαιρον
3738 2437 3795 2494 δὲ

2156 2535 2316 2606 οἶμαι
2347 2533 2434 2588 καὶ
2466 2537 2631 2588 ταῦτα
2677 2537 2987 2606 παρενεῖραι
3025 2535 3094 2604 τῇ
3145 2531 3380 2606 ἱστορίᾳ,
3410 2531 3490 2601 τῷ
3522 2529 3652 2602 θείῳ
3679 2531 3796 2584 Ἰπ-

2156 2621 2404 2694 πολύτῳ,
2437 2623 2495 2684 ’ὂς
2527 2621 2740 2694 Πόρτου
2771 2629 2870 2688 τῆς
2903 2615 3268 2694 πρεσϐυτέρας
3298 2619 3520 2690 Ῥώμης
3571 2616 3790 2672 ἐπίσκο-

2158 2733 2258 2772 πος
2321 2711 2601 2786 ἐτύγχανεν
2659 2708 2757 2778 ὢν,
2808 2709 3088 2785 εἰρημένα,
3148 2710 3272 2782 περὶ
3322 2712 3419 2761 τοῦ
3465 2705 3795 2782 ἀδελφοθέου

2159 2798 2438 2858 Ἰακώϐου.
2471 2826 2497 2852 ‹‹
2533 2803 2756 2876 Ἰωσὴφ,
2803 2798 3006 2876 λέγων,
3038 2799 3066 2852 ὁ
3095 2799 3320 2866 τέκτων,
3361 2796 3422 2852 ἐκ
3462 2804 3564 2866 τῆς
3613 2816 3795 2873 γυναι-

2159 2895 2254 2955 κὸς
2313 2893 2476 2947 αὖτοῦ
2535 2893 2838 2964 Σαλώμης,
2907 2891 3028 2960 ἥτις
3090 2891 3175 2958 ἦν.
3226 2889 3464 2964 θυγάτηρ
3521 2886 3795 2964 Ἀγγαίου,

2161 2981 2400 3058 ἀδελφοῦ
2459 2980 2730 3056 Ζαχαρίου
2787 2984 2888 3035 τοῦ
2947 2981 3234 3055 προφήτου
3291 2978 3380 3032 καὶ
3444 2977 3638 3051 πατρὸς
3693 2979 3790 3029 τοῦ

2167 3073 2464 3148 βαπτιστοῦ
2496 3070 2768 3138 Ἰωάννου,
2802 3069 2829 3124 ὁ
2859 3067 2914 3123 δὲ
2941 3069 3213 3142 Ζαχαρίας
3247 3069 3335 3122 καὶ
3383 3069 3634 3140 ’Δγγαῖος
3683 3061 3793 3118 υἱοὶ

3248 3159 3507 3230 τέσσαρας
3583 3151 3799 3230 ἅρρἐας

2165 3249 2318 3310 υἱοὺς
2359 3253 2538 3325 γεννᾷ,
2588 3244 2868 3315 Ἰάκωϐον,
2919 3248 3169 3318 Σίμωνα,
3220 3242 3426 3301 Ἰούδαν
3481 3245 3570 3298 καὶ
3603 3245 3800 3311 Ἰωσῆ*

2161 3340 2250 3394 καὶ
2313 3337 2605 3412 θυγατέρας
2653 3333 2771 3405 δύο,
2822 3336 2922 3404 τὴν
2965 3336 3164 3407 Ἐσθήρ
3202 3355 3260 3388 τε
3296 3332 3384 3386 καὶ
3424 3335 3522 3402 τήν
3576 3332 3801 3404 Θάμαρ·

2164 3427 2238 3487 ὡς
2273 3426 2406 3480 εἶναι
2455 3427 2555 3492 τὴν
2591 3423 2870 3497 Σαλώμην
2928 3422 3016 3478 καὶ
3065 3423 3154 3477 τὸν
3200 3421 3503 3488 Βαπτιστὴν
3553 3415 3809 3488 Ἰωάννην

2166 3513 2413 3590 ἀδελφῶν
2468 3513 2562 3569 δύο
2619 3515 2778 3568 τὲκνα
2827 3511 3086 3586 ἀρρένων,
3135 3518 3190 3567 ‘0
3233 3513 3338 3585 γὰρ
3385 3513 3638 3586 Ἀγγαῖος
3691 3509 3807 3571 υίὸς

2170 3605 2262 3676 μὲν
2311 3603 2420 3657 ἐστι
2473 3602 2767 3678 Βαραχίου,
2819 3602 2961 3662 θεῖος
3021 3597 3077 3654 δὲ
3123 3599 3410 3655 Ἰωάννου·
3459 3598 3667 3670 ὁμοίως
3719 3596 3811 3652 καὶ

2169 3675 2468 3766 Ζαχαρίας,
2501 3675 2732 3768 ἀδελςρὸς
2779 3691 2872 3764 μὲν
2919 3690 3194 3764 Ἀγγαίου,
3245 3675 3527 3760 Σαλώμης
3581 3683 3638 3741 δὲ
3667 3687 3810 3744 θεῖος

2165 3788 2265 3849 τῆς
2314 3781 2568 3854 γυναικὸς
2619 3781 2842 3857 Ἰωσήφ.
2892 3777 3167 3850 Σαλώμην
3217 3775 3273 3832 δὲ
3321 3797 3464 3854 φημι
3499 3775 3560 3829 οὐ
3609 3775 3712 3842 τὴν
3759 3773 3814 3828 ἐν

2168 3869 2420 3942 Βηθλεὲμ
2481 3874 2641 3942 μαῖαν
2677 3887 2689 3900 ·
2755 3867 2929 3936 ἐκείνή
2991 3867 3096 3942 γὰρ
3151 3866 3258 3920 ἀπὸ
3325 3865 3585 3938 Βηθλεὲμ
3648 3863 3812 3933 οὖσα,

2166 3958 2354 4032 ἀνεψιὰ
2410 3965 2508 4026 τῆς
2569 3952 2855 4014 Ἐλισάϐετ
2906 3958 2996 4028 ἦν,
3046 3957 3135 4010 καὶ
3183 3963 3281 4024 τῆς
3343 3952 3493 4028 ἁγίας
3540 3953 3813 4027 παρθένου

2169 4048 2398 4121 Μαρίας,
2431 4048 2506 4110 ὡς
2535 4045 2702 4116 δηλοῖ
2729 4045 2790 4100 τὸ
2817 4047 2953 4100 κατὰ
2987 4049 3195 4100 Λουκᾶν
3249 4046 3392 4118 ἱερὸν
3445 4043 3810 4116 Εὖαγγέλιον.

2166 4141 2320 4210 Τρεῖς
2375 4137 2474 4212 γὰρ
2525 4136 2660 4204 ἦσαν
2712 4132 2940 4210 ἀδελφαὶ
3017 4135 3121 4188 ἀπὸ
3175 4134 3442 4204 Βηθλεὲμ,
3521 4131 3814 4204 θυγατέρες

2168 4226 2386 4281 Ματθαν
2418 4228 2514 4278 τοῦ
2545 4222 2757 4296 ἱερέως,
2787 4223 2878 4276 καὶ
2915 4223 3127 4294 Μαρίας
3167 4228 3264 4292 τῆς
3317 4221 3478 4274 αὐτοῦ
3528 4221 3812 4295 γυναικὸς,

2169 4311 2256 4366 ἐπὶ
2305 4319 2404 4381 τῆς
2457 4310 2738 4387 βασιλείας
2793 4309 3144 4384 Κλεοπατρας
3192 4311 3279 4364 καὶ
3337 4310 3667 4383 Κασώπαρος
3713 4311 3814 4361 τοῦ

2172 4401 2376 4474 Πέρσου
2426 4401 2530 4470 πρὸ
2587 4408 2688 4470 τῆς
2750 4399 3025 4474 βασιλείας
3084 4396 3334 4473 Ἡρώδου
3383 4400 3506 4452 υἱοῦ
3556 4394 3814 4453 Ἀντιπά-

2165 4510 2314 4563 τρου.
2348 4491 2560 4560 ’Όνομα
2593 4493 2661 4562 τῇ
2695 4490 2886 4563 πρώτῃ
2921 4488 3102 4561 Μαρία
3141 4490 3228 4542 καὶ
3267 4491 3336 4561 τῇ
3370 4485 3589 4560 δευτέρᾳ
3639 4480 3813 4554 Σὸϐη,

2170 4583 2237 4651 τῇ
2285 4577 2340 4633 δὲ
2387 4579 2542 4652 τρίτῃ
2591 4581 2758 4635 Ἀννα
2809 4573 2986 4649 ὄνομα
3035 4579 3124 4646 ἦν.
3174 4579 3417 4652 Ἕγημεν
3450 4579 3484 4645 ἡ
3514 4575 3707 4650 πρώτη
3753 4574 3815 4627 ἓν

2177 4667 2427 4740 Βηθλεὲμ
2484 4671 2518 4736 ἡ
2571 4669 2778 4742 Μαρία,
2819 4667 2908 4722 καὶ
2949 4663 3094 4722 ἔτεκε
3133 4665 3417 4738 Σαλώμηο
3455 4666 3554 4732 τὴν
3609 4667 3770 4736 μαῖαν
3797 4681 3810 4694 ·

2173 4752 2372 4830 ἔγημεν
2405 4759 2438 4825 ἡ
2475 4754 2698 4832 δευτέρα
2748 4755 2800 4810 ἐν
2855 4755 3109 4828 Βηθλεὲμ
3137 4757 3170 4825 ἠ
3207 4751 3380 4824 Σόϐη,
3425 4755 3516 4808 καὶ
3564 4751 3821 4829 ἐγέννησε

2173 4847 2272 4911 τὴν
2328 4841 2634 4902 Ἐλισαϐετ.
2692 4848 2908 4920 Ἒγημε
2953 4845 3044 4900 καὶ
3089 4847 3123 4914 ἡ
3166 4845 3324 4919 τρίτη
3379 4846 3539 4900 Ἄννα
3587 4845 3662 4906 εἰς
3713 4850 3818 4916 γῆν

2171 4941 2271 5002 τῆς
2330 4933 2650 5002 Γαλιλαίας,
2701 4935 2790 4989 καὶ
2840 4934 3084 5010 ἐγέννησε
3124 4934 3334 5008 Μαρίαν
3383 4935 3482 5001 τήν
3532 4933 3820 5004 Θεοτόκον,

2175 5023 2224 5097 ἐξ
2281 5026 2350 5094 ἧς
2409 5023 2677 5080 ἀνέτειλεν
2728 5027 2862 5096 ἡμῖν
2919 5024 3211 5098 Χριστὸςὴ
3245 5022 3495 5093 ἀλήθεια.
3545 5023 3638 5081 Ὦς
3682 5024 3823 5078 εἶναι

2173 5116 2272 5184 τήν
2299 5135 2356 5168 τε
2401 5113 2676 5188 Σαλώμην
2723 5113 2932 5184 ἐκείνην
2982 5116 3081 5184 τήν
3135 5118 3322 5186 μαῖαν,
3366 5113 3464 5180 τήν
3511 5108 3820 5174 Ἐλίσάϐετ.

2178 5296 2802 5354 Antidicomarianitas.
2856 5296 3278 5366 Hieronymus:
3333 5316 3358 5345 α
3405 5291 3684 5366 Jacobus,
3725 5291 3830 5363 qui

2177 5369 2499 5436 appellatur
2547 5367 2721 5424 frater
2770 5369 3018 5436 Domini,
3067 5363 3447 5439 cognomento
3495 5363 3722 5430 Justus,
3767 5369 3831 5419 ut

2178 5441 2446 5492 nonnulli
2497 5440 2852 5506 existimant,
2909 5437 3162 5509 Josephi'
3216 5454 3280 5492 ex
3344 5437 3458 5490 alia
3493 5451 3734 5509 rux_ore,_
3771 5444 3832 5509 ut

2179 5515 2370 5564 autem
2405 5512 2546 5566 mihi
2581 5514 2822 5574 videtur,
2869 5506 3060 5568 Mariae
3087 5509 3304 5564 sororis
3335 5508 3540 5562 matris
3569 5506 3830 5574 Domini.

2179 5582 2350 5649 cujus
2378 5581 2634 5642 Joannes
2668 5587 2723 5640 in
2762 5584 2912 5638 llbl‘O
2942 5599 3048 5637 suo
3085 5579 3364 5647 meminit,
3395 5578 3572 5635 filius.
3603 5598 3634 5628 n

2249 5653 2329 5725 (2)
2360 5651 2604 5716 Mariam
2636 5662 2694 5714 et
2720 5655 3014 5713 Salomon.
3048 5651 3258 5724 Epiph.
