4070 6274
275 394 431 455 761·

1326 394 1946 496 ECCLESIASTlGE
1992 396 2377 459 lllSTUltle
2423 396 2568 458 LIB.
2615 396 2697 456 II.

3593 387 3709 447 762

281 531 393 584 καὶ
442 531 542 597 τήν
588 529 873 596 Θεοτόκον,
923 526 1179 605 ἀδελφῶν
1216 535 1382 603 τριῶν
1432 528 1672 600 θηλειῶν
1732 529 1941 603 θυγατέ-

2060 534 2292 588 exortus
2323 536 2412 589 est
2448 530 2736 600 Christus,
2788 532 2916 603 ipsa
2964 529 3198 584 veritas.
3241 525 3327 581 lta
3373 527 3440 580 ut
3475 522 3707 579 Salome

285 641 419 695 ρας.
458 621 729 675 Ἐντεῦθεν
782 617 871 673 οὖν
933 619 962 673 6
1022 621 1327 687 Βαπτιστής
1387 619 1667 689 Ἰωάννης,
1699 620 1789 675 καὶ
1831 620 1946 689 ἰη-

286 713 429 768 σοῦς
485 710 513 762 ὁ
562 708 822 778 ἀληθινὸς
854 708 982 769 Θεὸς
1032 709 1216 780 ἡμῶν,
1249 708 1460 780 ἀνεψιοὶ
1506 708 1756 785 λέγονται
1786 708 1946 775 εἶναι,

286 796 486 851 ε’ίτουν
535 794 839 873 ἑξάδελφοι.
891 797 1011 858 Υἱὸς
1060 794 1118 851 δὲ
1159 801 1256 850 τοῦ
1286 798 1489 873 Ἰωσὴφ
1521 798 1549 851 6
1582 797 1809 866 Χριστὸς
1856 796 1945 850 λέ-

284 907 450 959 γεται
509 883 883 953 εἶναι,ἐπειδή
942 890 1049 940 τῶν
1108 887 1239 940 υἱῶν
1291 885 1458 940 αὐτοῦ
1516 882 1750 963 ἀδελφός
1785 884 1945 954 ἐστιν,

288 975 361 1030 ἐκ
409 982 509 1042 τῆς
545 978 983 1052 συναναπροτρῆς
1034 974 1124 1029 καὶ
1170 976 1477 1051 συγγενείας
1522 979 1620 1028 τοῦ
1663 976 1947 1049 Ἀγγαίου,

290 1061 542 1140 ἀδελφοῦ
589 1064 865 1140 Ζαχαρίου
928 1068 1023 1118 τοῦ
1070 1066 1281 1138 ἱερέως.
1317 1069 1550 1119 »Ταῦτα
1602 1064 1695 1135 μὲν
1744 1061 1810 1133 δὴ
1855 1065 1947 1118 καὶ

290 1148 652 1216 Ἱππόλυτος.

929 1357 1185 1409 ΚΕΦΛΛ.
1229 1354 1309 1410 Δ’.

298 1458 464 1537 Περὶ
502 1464 624 1537 τῷν
668 1461 811 1537 παρ’
841 1456 1174 1537 Ἑϐραίοις
1214 1461 1776 1537 ἀρχιερέων,ὅσοι
1821 1461 1946 1514 ἀπὸ

377 1528 625 1603 Ἀαρὼν
675 1528 879 1657 ιιέἔρι
911 1528 1226 1587 Ἰακώϐου
1260 1528 1389 1587 ’τ’ὀῦ
1426 1528 1701 1604 ’πρώτου
1749 1533 1947 1605 Ἱερο-

377 1601 692 1657 σολύιιων
786 1603 1144 1657 πισκόπου.
1204 1605 1311 1657 καὶ
1367 1606 1571 1657 αὐτῆς
1631 1604 1945 1657 ἁλώσεως

377 1601 692 1673 σολῦμων
750 1601 1144 1673 ἕᾶέισκόπου,
1204 1605 1311 1658 καὶ
1367 1601 1571 1672 αὐτῆς
1631 1601 1945 1664 ἁλώσεως

374 1672 822 1746 Ἰερουσαλὴμ
862 1672 1270 1750 διεγένοντο.

372 1780 521 1853 Ἐγὼ
552 1776 610 1833 δὲ
652 1782 741 1834 καὶ
786 1779 904 1835 ὅσοι
955 1781 1231 1856 ἀρχιερεῖς
1275 1782 1563 1858 ἀρξάμενοι
1593 1782 1698 1836 ἀπὸ
1731 1782 1943 1855 Ἀαρὼν

2060 620 2177 676 ista
2203 621 2501 687 obstetrix,
2544 624 2601 676 et
2652 619 2963 680 Elizabeth,
3013 620 3069 673 et
3118 614 3218 671 Dei
3269 618 3475 679 mater,
3527 610 3701 665 trium

2059 726 2322 766 sororum
2370 709 2738 782 reperiantur
2798 709 2947 763 filiae.
2999 705 3245 761 Proinde
3292 703 3552 759 Joannes
3603 702 3705 755 Ba-

2057 799 2254 871 ptista,
2291 804 2349 855 et
2377 799 2547 855 Jesus
2568 815 2736 855 verus
2774 796 2927 852 Deus
2960 799 3175 861 noster,
3206 790 3537 849 consobrini
3581 807 3704 846 esse

2059 889 2347 953 dicuntur,
2375 889 2612 960 Josephi
2644 904 2774 944 vero
2808 886 2963 942 filius
2994 884 3259 941 Christus
3288 896 3418 938 esse
3465 881 3700 947 dicitur,

2056 979 2211 1052 quod
2245 978 2496 1035 ﬁliorum
2526 978 2654 1049 ejus
2685 977 2855 1031 frater
2901 979 3075 1042 esset,
3125 976 3358 1046 propter
3394 985 3704 1027 conversa-

2059 1068 2276 1123 tionem
2311 1066 2655 1122 familiarem
2700 1071 2757 1121 et
2803 1065 3208 1137 cognationem
3251 1059 3461 1132 Aggei,
3510 1058 3702 1113 fratris

2054 1156 2342 1214 Zacharia
2372 1156 2705 1212 sacerdotis.
2739 1176 2764 1203 υ
2796 1156 2984 1225 Atque
3013 1152 3132 1208 haec
3175 1150 3413 1223 quidem
3472 1146 3704 1220 Hyppo-

2055 1246 2231 1316 lytus.

2695 1349 2942 1407 CAPUT.
2969 1348 3064 1405 IV.

2055 1462 2137 1517 De
2164 1460 2512 1532 pontiﬁcibus
2555 1458 2819 1532 Hebraeis,
2857 1457 2953 1532 qui
2980 1455 3055 1532 a_b
3088 1456 3205 1524 ipso
3250 1453 3432 1532 Aaron
3487 1452 3557 1508 ad
3602 1454 3703 1532 Ja-_

2123 1526 2329 1589 cbbum'
2362 1533 2606 1602 primum
2684 1528 3235 1602 Hierosolymitanum
3306 1526 3706 1602 epis¢0pu1n_et

2127 1606 2303 1675 ipsam
2332 1593 2705 1672 captivitatem
2751 1593 3249 1669 Hierosolymorum
3295 1593 3488 1667 usque
3514 1593 3706 1651 ordine

2123 1681 2507 1731 successerunt.

2128 1782 2243 1859 Ego
2284 1801 2414 1841 vero
2443 1783 2640 1848 etiam,
2690 1782 2791 1855 qui
2842 1780 3167 1851 pontifices,
3214 1777 3286 1833 ab
3335 1775 3462 1849 ipso
3508 1776 3696 1831 Aaron

297 1868 356 1931 ἐς
385 1862 646 1922 Ἰάκωϐον
691 1866 756 1938 δὴ
807 1874 997 1924 τοῦτον
1041 1873 1132 1925 τὸν
1178 1869 1412 1947 ἀδελφὸν
1458 1876 1554 1925 τοῦ
1604 1871 1823 1944 Κυρίου,
1857 1871 1941 1925 καὶ

2055 1872 2357 1945 incipiens,
2389 1873 2459 1927 ad
2490 1871 2774 1927 Jacobum
2821 1869 3000 1924 istum
3062 1868 3298 1923 fratrem
3356 1863 3609 1930 Domini,
3641 1865 3699 1919 et

296 1956 470 2030 ἄχρις
500 1954 562 2010 οὗ
605 1959 639 2025 ἡ
676 1956 839 2019 πόλις
887 1959 1058 2029 tam,
1086 1963 1157 2031 τῇ
1209 1964 1488 2036 συγγραφῇ
1535 1962 1944 2031 παραθήσομαι.

296 2049 409 2099 Τοῦ
457 2040 651 2099 Ἰακὼϐ
696 2045 877 2120 τρίτος
936 2053 1063 2111 παῖς
1124 2048 1331 2123 γέγονεν
1383 2050 1412 2103 6
1461 2049 1626 2105 Λευῖ·
1672 2053 1769 2103 τοῦ
1820 2048 1949 2103 Λευῗ

301 2132 448 2187 Καάθ
473 2153 484 2165 ⁸
523 2138 618 2187 τοῦ
669 2131 726 2188 δὲ
770 2135 921 2191 Καᾶθ
971 2131 1226 2210 Ἀϐραὰμ
1265 2134 1470 2209 ἕτερος,
1501 2138 1553 2207 ἒξ
1602 2138 1767 2211 οὗπερ
1808 2135 1948 2211 γίνε-

297 2241 389 2275 ται
440 2229 644 2289 Μωσῆς
684 2243 742 2277 τε
787 2224 875 2278 καὶ
910 2225 1146 2297 Ἀαρών.
1183 2226 1280 2279 Καὶ
1331 2228 1359 2281 6
1408 2227 1502 2299 μὲν
1548 2232 1787 2295 Μωϋσῆς
1818 2228 1949 2301 ἡγεο

304 2310 532 2383 μὸνευσε
600 2314 703 2375 τῆς
776 2316 874 2366 τοῦ
946 2313 1082 2368 λαοῦ
1150 2315 1370 2387 πορείας
1428 2313 1480 2385 ἐξ
1530 2315 1809 2389 Αἰγύπτου
1869 2319 1948 2387 τῷ

302 2400 564 2472 Ἰσραήή’
602 2400 815 2473 Ἀαρὼν
850 2399 906 2455 δὲ
936 2406 1153 2475 πρῶτος
1194 2403 1477 2479 ἀρχιερεὺς
1512 2402 1614 2459 ὑπὸ
1656 2408 1753 2459 τοῦ
1800 2401 1949 2459 ἀδελ-

304 2490 411 2562 φοῦ
459 2486 701 2549 Μωσέως
749 2488 983 2562 χρίεται.
1020 2496 1242 2565 Πρῶτος
1283 2491 1373 2546 οὖν
1405 2491 1619 2567 ’Λαρών
1646 2511 1659 2525 ’
1701 2490 1948 2565 δεύτερος

303 2575 604 2648 Ἐλεάζαρ·
637 2577 821 2649 τρίτος
882 2579 1106 2640 Φινεές·
1165 2578 1419 2654 τέταρτος
1478 2580 1755 2655 Ἐλιέζερ’
1805 2582 1949 2654 πὲμ-

306 2684 443 2724 πτος
507 2664 674 2738 Βοχί·
741 2662 899 2729 ἕκτος
970 2668 1140 2737 Ὀζει·
1200 2664 1438 2743 ἕϐδομος
1506 2671 1694 2727 Ἠλεί·
1757 2668 1948 2746 ὄγδοος

307 2747 563 2825 Ἀχιτώϐ
586 2772 597 2783 ·
632 2752 710 2827 ἐφ’
743 2754 806 2810 οὗ
837 2755 866 2809 6
898 2759 1192 2832 προφήτης
1242 2757 1508 2831 Σαμουὴλ
1558 2761 1845 2837 προφήτης
1879 2758 1944 2828 ἦν

310 2840 427 2913 ἅμα
474 2841 559 2894 καί
607 2840 798 2916 ἱερεὺς,
821 2844 914 2898 καὶ
970 2847 1163 2920 κριτὴς
1212 2852 1307 2901 τοῦ
1357 2845 1529 2902 λαοῦ·
1578 2844 1765 2910 ’ἐνατος
1793 2843 1946 2906 Ἀϐι-

310 2931 504 3005 μέλεχ,
534 2932 590 2986 ὂν
620 2932 803 2989 ἀνεῖλε
835 2935 1016 2991 Σαοὺλ
1052 2938 1187 3009 μετά
1214 2942 1321 2993 τῶν
1354 2938 1540 3011 ἱερὲων
1575 2935 1664 2992 διὰ
1707 2941 1807 3007 τὴν
1847 2943 1944 2994 τοῦ

304 3016 477 3077 Δαυῒδ
524 3017 802 3091 δεξίωσιν·
861 3020 1082 3086 δέκατος
1115 3020 1477 3099 ’Δϐιάθαρ,ὃς
1536 3027 1700 3099 μόνος
1760 3025 1946 3082 διασω-

302 3107 413 3168 θεὶς
462 3107 569 3163 ἀπὸ
639 3116 747 3165 τῶν
797 3112 1183 3186 ἀναιρεθέντων
1235 3116 1421 3189 ἱερέων
1467 3122 1681 3188 παρῆν·
1741 3115 1944 3171 ἑνδεκα-

297 3218 388 3259 τος
424 3195 644 3268 Σαδὼκ,
666 3199 747 3275 ἐφ’
779 3202 840 3255 οὗ
871 3203 900 3257 6
930 3204 1053 3258 ναὸς
1090 3205 1193 3259 ὑπὸ
1221 3209 1319 3258 τοῦ
1353 3203 1719 3277 Σολομῶντος
1747 3203 1943 3277 ᾠκοδο-

300 3286 448 3356 μήθη
488 3304 499 3317 ·
590 3288 701 3342 εἶτα
770 3290 1042 3365 Ἀχιμάας
1086 3310 1098 3322 ·

297 3376 505 3449 Ἰωρὰμ
532 3376 620 3432 ἐπὶ
651 3378 828 3451 τούτῳ
853 3399 865 3411 ·
908 3376 1090 3437 ἔπειτα
1121 3380 1333 3450 ’1ωδᾶς,
1363 3384 1421 3445 ’ὀς
1471 3380 1563 3452 ἔτη
1598 3384 1679 3457 ρλ’
1709 3385 1895 3455 ἔζησεν
1921 3407 1934 3421 ο

294 3462 454 3524 οὗτος
484 3468 577 3519 καὶ
606 3467 705 3534 τήν
736 3464 1006 3525 Γοδολίαν
1041 3470 1318 3545 ἐξαλεῖψαι
1358 3471 1418 3525 τὸ
1462 3476 1559 3527 τοῦ
1590 3474 1754 3528 Muta
1786 3473 1937 3546 γένος

298 3550 643 3626 βουλομένην
672 3554 855 3612 ἀνεῖλε
878 3577 891 3591 ·
933 3559 1067 3631 μετᾶ
1111 3566 1307 3616 τοῦτον
1339 3562 1622 3636 Ἀξιωράμ
1646 3582 1659 3598 ·
1694 3561 1938 3625 Φαδαῖος

295 3641 377 3697 ἐπ’
406 3642 628 3716 ἐκείνῳ·
682 3648 771 3700 καὶ
830 3646 1000 3710 ἄλλος
1050 3648 1347 3713 Σουδαῖος·
1407 3651 1651 3715 Ἰκοῦλος
1710 3652 1934 3728 ἕτερος·

294 3730 383 3785 καὶ
431 3732 673 3789 εἰκοστὸς
721 3737 1053 3810 Ἰωάθαμος’
1114 3740 1309 3813 Οὐρίας
1369 3741 1427 3801 ὃς
1482 3740 1568 3794 ἐπὶ
1619 3747 1800 3816 "sz:
1847 3742 1937 3798 καὶ

298 3819 542 3889 Ἐζεκίου
597 3824 886 3898 ἱερατεύειο
950 3830 1115 3901 Νηρὶ,
1165 3829 1341 3899 Ἰωᾶς,
1411 3828 1620 3901 Σελμᾶ,
1682 3829 1935 3900 Χελκίας,

298 3908 355 3972 ’ὸς
398 3908 485 3964 ἐπὶ
525 3910 736 3968 Ἰωσίου
783 3918 880 3968 τοῦ
932 3910 1182 3977 εὐσεϐοῦς
1230 3919 1503 3991 ἱεράτευε·
1556 3921 1780 3990 Σαρὲας,
1821 3921 1937 3975 Ἰω-

298 3995 468 4082 σεδὲκ,
500 3998 581 4074 ἐφ’
611 4000 672 4054 οὗ
703 4003 730 4055 6
772 4000 904 4064 λαὸς
952 4003 1316 4079 αἰχμάλωτος
1351 4008 1455 4061 ὑπὸ
1492 4011 1589 4062 τοῦ
1639 4002 1933 4082 Ναϐουχο-

298 4080 520 4160 δονόζορ
548 4088 700 4162 ἤχθη
731 4110 741 4121 ·
780 4093 989 4160 Ἰησοῦς
1021 4092 1049 4146 6
1083 4091 1350 4163 Ἰωσεδὲκ,
1380 4093 1460 4169 ἐφ’
1493 4092 1554 4147 οὗ
1597 4097 1647 4149 οὶ
1680 4080 1936 4150 Ἰουδαῗοι

301 4172 403 4227 ὑπὸ
459 4182 557 4243 τῆς
610 4176 1002 4253 αῗχμαλωσίας
1071 4181 1175 4235 ὑπὸ
1234 4182 1409 4258 Κύρου
1474 4183 1785 4254 ἀνείθησαν,
1844 4185 1933 4239 καὶ

303 4263 435 4333 μετὰ
488 4268 584 4319 τοῦ
644 4263 955 4340 Ζοροϐάϐελ
1003 4274 1101 4324 τοῦ
1150 4268 1287 4324 λαοῦ
1338 4274 1614 4345 προέστη²
1658 4275 1931 4346 ’1ωακεὶμ,

300 4350 378 4426 ἐφ’
410 4353 472 4406 οὗ
529 4352 760 4424 Ἔσδρας
819 4357 1027 4432 ἀνέγνω
1082 4358 1208 4422 τοὺς
1262 4361 1496 4433 νόμους·
1529 4363 1846 4437 τριακοστὸς
1906 4363 1933 4416 6

300 4438 598 4520 Ἐλιασήφ·
632 4444 748 4499 εἶτα
790 4445 1046 4520 Ἰωάχας,
1093 4447 1173 4525 ἐφ’
1205 4449 1266 4501 οὗ
1307 4450 1373 4502 τὰ
1420 4449 1556 4505 κατὰ
1596 4452 1695 4518 τήν
1739 4450 1934 4526 Ἐσθὴρ

301 4531 385 4584 καὶ
461 4532 549 4585 τὸν
622 4531 979 4608 Μαρδοχαῖον
1044 4534 1292 4611 ἐγένοντο
1330 4555 1343 4568 ⁸
1404 4537 1674 4605 Ἰωάννας,
1753 4535 1937 4594 ἔπειτα

2058 1963 2129 2018 ad
2177 1967 2400 2033 captam
2465 1976 2645 2031 usque
2702 1959 2905 2016 urbem
2960 1955 3193 2022 fuerint,
3248 1953 3507 2011 historia
3561 1951 3699 2008 huic

2057 2055 2327 2108 attexam.
2357 2050 2537 2107 Jacob
2568 2050 2752 2120 ipsius
2786 2049 2993 2106 tertius
3023 2046 3178 2102 illius
3201 2045 3311 2100 fuit
3341 2042 3494 2112 Levi,
3529 2043 3700 2113 hujus

2058 2148 2249 2199 autem
2276 2141 2478 2208 Caath,
2511 2141 2688 2212 hujus
2720 2154 2953 2195 rursum
2982 2135 3270 2192 Abraham
3312 2135 3390 2206 (1)
3439 2134 3602 2201 alter,
3634 2148 3703 2189 ex

2060 2249 2176 2304 quo
2207 2232 2393 2288 Moses
2423 2234 2480 2287 et
2509 2232 2693 2286 Aaron
2726 2228 2905 2299 geniti
2937 2236 3095 2283 sunt.
3126 2225 3196 2280 Et
3223 2226 3409 2281 Moses
3466 2223 3701 2295 quidem

2058 2323 2176 2378 dux
2231 2319 2600 2394 profectionis
2646 2317 2841 2390 populi
2910 2314 3081 2371 Israel
3149 2331 3218 2370 ex
3288 2312 3531 2385 Egypto
3570 2310 3697 2365 fuit.

2058 2417 2250 2467 Aaron
2284 2409 2360 2482 (1)
2393 2414 2586 2465 autem
2621 2408 2844 2479 primus
2875 2403 3129 2474 pontifex
3160 2420 3194 2458 a
3225 2403 3397 2458 fratre
3429 2400 3583 2456 Mose
3614 2404 3701 2457 est

2060 2507 2292 2556 unctus.
2325 2498 2557 2555 Primus
2589 2497 2783 2566 itaque
2841 2501 3051 2560 Aaron,
3093 2491 3386 2548 secundus
3441 2489 3696 2545 Eleazar.

2056 2590 2262 2645 tertius
2293 2587 2559 2654 Phinees,
2602 2592 2841 2657 quartus
2877 2583 3112 2651 Eliezer,
3169 2581 3413 2652 quintus
3472 2577 3697 2643 Bocchi,

2056 2687 2250 2735 sextus
2321 2677 2442 2745 Osi,
2500 2675 2785 2746 septimus
2864 2673 2972 2738 Eli,
3007 2669 3528 2736 octavusAchitob,
3586 2668 3699 2723 sub

2058 2784 2168 2841 quo
2201 2772 2359 2823 vates
2385 2764 2637 2835 Samuel,
2670 2762 2848 2820 simul
2910 2761 3188 2833 propheta
3227 2763 3283 2816 et
3325 2758 3598 2814 socerdos
3645 2763 3701 2813 et

2050 2855 2230 2927 judex
2261 2854 2457 2926 populi
2491 2852 2613 2908 fuit.
2650 2851 2889 2907 Nonnus
2935 2846 3289 2913 Abimelecb,
3350 2861 3523 2917 quem
3584 2861 3700 2901 una

2055 2961 2186 3001 cum
2217 2943 2617 3001 sacerdotibus
2649 2941 2810 3005 Saul,
2846 2945 3076 3011 propter
3122 2936 3395 2992 Davidem
3452 2932 3699 3000 benigne

2054 3033 2126 3090 ab
2158 3050 2223 3090 eo
2254 3039 2572 3104 acceptum,
2623 3030 2851 3087 occidit.
2896 3027 3041 3083 187
3100 3024 3366 3082 Decimus
3398 3021 3698 3089 Abiathsr,

2053 3120 2151 3193 qui
2184 3138 2336 3177 unus
2366 3136 2436 3175 ex
2464 3119 2629 3176 cissis
2657 3117 2772 3173 illis
2805 3114 3203 3172 sacerdotibus
3251 3110 3448 3168 salvus
3497 3125 3697 3181 super-

2055 3211 2182 3267 fuit.
2222 3210 2577 3267 Undecimus
2606 3207 2807 3274 Sadoc,
2842 3207 2951 3261 sub
2983 3220 3097 3275 quo
3145 3202 3428 3274 templum
3477 3217 3511 3256 a
3538 3198 3700 3255 Solo-

1159 3291 1596 3366 τρισκαιδέκατος
1659 3294 1933 3368 Ἀζαρίας,

2055 3314 2219 3358 mone
2246 3301 2646 3355 constructum
2677 3300 2762 3352 est
2790 3312 2803 3350 :
2837 3294 2972 3349 huic
3029 3292 3308 3349 successit
3362 3288 3698 3356 Achimaas,

2052 3388 2137 3445 illi
2195 3405 2430 3445 rursum
2507 3384 2853 3443 tredecimus
2932 3383 3187 3438 Azarias.
3245 3380 3409 3435 Hunc
3464 3382 3699 3434 secutus

2047 3476 2247 3532 Joram
2280 3494 2294 3532 :
2326 3474 2492 3532 illum
2531 3474 2733 3539 Jodas,
2767 3473 2866 3544 qui
2898 3488 3083 3527 annos
3113 3474 3345 3526 centum
3375 3471 3431 3523 et
3460 3465 3697 3537 triginta

2048 3566 2208 3631 vixit,
2234 3570 2292 3621 et
2320 3563 2624 3621 Godoliam
2659 3562 2892 3618 Davidis
2949 3576 3136 3632 genus
3194 3558 3559 3628 exstinguere
3590 3570 3695 3609 vo-

2044 3653 2263 3711 lentem
2294 3651 2610 3710 interemit.
2632 3650 2776 3707 Huic
2805 3649 3005 3706 ordine
3048 3647 3456 3703 successerunt
3511 3642 3690 3699 Axio-

2046 3761 2195 3813 ram,
2217 3745 2521 3810 Phadasus,
2553 3742 2819 3810 Sudsaus,
2851 3740 3040 3795 lculus
3070 3736 3233 3804 alter,
3267 3741 3322 3790 et
3379 3732 3692 3791 vicesimus

2044 3833 2390 3890 Joathamus
2425 3850 2437 3887 :
2472 3833 2626 3887 hunc
2657 3833 2893 3886 secutus
2933 3827 3120 3894 Urias,
3177 3824 3274 3898 qui
3330 3821 3693 3895 temporibus

2043 3922 2233 3978 Auhaz
2260 3927 2320 3977 et
2349 3920 2602 3977 Ezechia
2624 3917 2804 3975 sacris
2838 3915 3059 3989 prafuit
3095 3933 3107 3973 :
3141 3914 3307 3970 illum
3355 3912 3509 3981 Neri,
3539 3913 3691 3980 Joas,

2046 4011 2259 4079 Selam,
2289 4009 2572 4079 Chelcias,
2617 4008 2717 4081 qui
2764 4006 2874 4063 sub
2934 4005 3027 4076 pio
3088 4003 3241 4059 Josia
3291 4000 3693 4073 pontiﬁcatum

2043 4099 2488 4155 administravit.
2526 4096 2662 4152 Post
2694 4096 2850 4151 hunc
2884 4096 2988 4149 iuit
3018 4093 3244 4163 ,Sarcae
3278 4109 3291 4145 :
3338 4090 3545 4145 deinde
3591 4087 3694 4143 Jo-

2044 4190 2236 4257 sedeo,
2269 4188 2381 4244 sub
2413 4205 2524 4258 quo
2554 4186 2805 4258 populus
2848 4202 2881 4239 a
2936 4181 3467 4238 Nabuchodonosor
3514 4176 3691 4248 capti-

2045 4295 2148 4335 vus
2179 4283 2268 4335 est
2297 4277 2586 4333 abductus
2629 4291 2643 4331 :
2670 4280 2869 4345 postea
2895 4272 3035 4329 Jesu
3063 4271 3309 4328 Josedec
3348 4267 3526 4335 filius,
3585 4266 3696 4321 sub

2042 4369 2198 4441 quod
2243 4368 2431 4424 Judaei
2478 4384 2509 4423 e
2556 4364 2886 4437 captivitate
2943 4382 2977 4420 a
3035 4364 3178 4435 Cyro
3236 4360 3404 4415 liberi
3470 4357 3695 4414 dimissi

2043 4466 2183 4514 sunt
2215 4474 2228 4512 :
2262 4457 2313 4513 is
2347 4474 2462 4512 una
2492 4472 2625 4512 cum
2660 4452 2973 4511 Zorobabel
3004 4452 3334 4508 Judasorum
3372 4448 3526 4519 [ξπ-ηιξ
3553 4465 3697 4518 pra:-

2046 4548 2173 4603 fuit.
2200 4547 2341 4602 Huic
2374 4544 2658 4601 successit
2685 4542 2975 4609 Joachiin,
3001 4541 3110 4595 sub
3134 4557 3247 4611 quo
3292 4538 3504 4592 Esdrus
3548 4536 3698 4604 ludes

302 4616 552 4689 ἰαδαῖος,
586 4620 667 4699 ἐφ’
698 4622 761 4676 οὗ
792 4623 820 4677 6
850 4621 904 4678 ἐν
937 4624 1153 4698 Γαριζὶν
1178 4622 1519 4699 ᾠκοδομήθη
1554 4616 1705 4690 ναός·
1741 4628 1938 4699 Ὀνίας,

2055 4634 2322 4691 recitavit.
2372 4633 2537 4689 Hunc
2593 4638 2833 4687 secutus
2898 4627 3234 4685 tricesimus
3282 4623 3572 4693 Eliuscpb.
3606 4622 3695 4680 llli

302 4706 510 4781 Σίμων,
572 4710 855 4784 Ἐλεάζαρ,
914 4712 996 4788 ἐφ’
1053 4713 1113 4767 οὗ
1172 4714 1225 4768 αἱ
1286 4709 1474 4789 βίϐλοι
1528 4715 1630 4769 ὑπὸ
1677 4722 1783 4771 τῶν
1827 4718 1931 4791 οβ’,

300 4796 644 4871 Πτολεμαιου
712 4805 809 4855 τοῦ
883 4799 1133 4876 δευτέρου
1209 4802 1590 4877 βουληθέντος,
1648 4807 1782 4878 πρὸς
1842 4808 1939 4875 τήν

302 4885 539 4941 Ἐλλάδα
591 4884 1003 4961 μετεϐλήθησαν
1049 4889 1299 4966 γλῶσσαν
1327 4912 1338 4924 ·
1389 4894 1696 4965 Μανάσσης,
1743 4895 1937 4966 Ὀνίας,

301 4976 500 5049 Σίμων.
534 4980 969 5052 Τεσσαρακοστὸς
1016 4978 1062 5034 δ’
1108 4979 1171 5047 ἦν
1216 4981 1426 5043 Ὀνίας·
1481 4984 1697 5051 Ἰησοῦς
1756 4977 1941 5038 ἔπειτα

299 5068 385 5121 καὶ
419 5066 593 5129 Ὀνίας
636 5065 843 5143 ἕτερος,
874 5066 955 5146 ἔφ’
986 5069 1048 5124 οὗ
1101 5071 1168 5124 τὰ
1216 5067 1366 5125 δεινὰ
1414 5071 1518 5126 ὑπό
1563 5075 1662 5126 τοῦ
1714 5074 1937 5150 Ἐπιφα-

298 5161 419 5220 νοῦς
452 5158 747 5233 Ἀντιόχου
795 5162 875 5230 τῷ
924 5157 1044 5232 λαῷ
1086 5154 1278 5231 συνέϐη
1305 5181 1316 5193 ·
1375 5159 1676 5234 νΑλκιμος,
1715 5162 1772 5217 ’ὀν
1816 5184 1940 5219 κατ-

364 5410 445 5555 (ig
477 5412 706 5468 Arnram
733 5411 781 5466 is
808 5412 1020 5468 dicitur
1050 5414 1229 5470 Exod.
1265 5430 1340 5481 vr,
1372 5414 1544 5471 Num.
1579 5429 1661 5471 ιιι.

384 5482 420 5537 2
468 5483 774 5555 Catalogus
815 5483 1157 5553 pontiﬁcum
1182 5484 1559 5543 Judaicorum
1581 5495 1631 5541 et

468 5483 774 5555 Catalogus
815 5483 1157 5567 pontiﬁcum
1182 5484 1559 5567 Judaicorum
1581 5495 1631 5541 et
1677 5487 1940 5567 ﬂieroso-

297 5554 726 5636 lymitanprum,
764 5572 947 5629 usque
977 5559 1048 5636 ad
1086 5557 1367 5613 Jacobum
1422 5561 1654 5614 fratrem
1683 5558 1935 5619 Domini.

303 5625 464 5712 initio
481 5627 568 5712 Iph
590 5630 814 5712 sepone
843 5625 1101 5712 sumpto.

370 5696 448 5772 (3)
477 5697 617 5759 Post
657 5697 946 5761 Joannem
982 5696 1194 5775 istum,
1225 5699 1327 5762 alii
1369 5700 1585 5763 Judam
1640 5713 1942 5761 summum

2041 4723 2310 4789 Joschaz,
2343 4722 2401 4777 in
2434 4737 2606 4794 quem
2638 4736 2731 4775 res
2760 4718 2947 4789 ipsius
2989 4716 3196 4773 Esther
3251 4722 3308 4772 et
3351 4716 3696 4772 Mardochaai

2047 4813 2397 4867 inciderunt.
2422 4810 2641 4865 Deinde
2691 4810 2928 4864 fuerunt
2973 4805 3229 4862 Joannes
3279 4805 3379 4877 (3),
3439 4805 3695 4876 itemque

2043 4900 2269 4957 Jadasus
2305 4900 2406 4972 (4),
2439 4916 2551 4970 quo
2578 4904 2835 4969 tempore
2856 4895 3141 4967 templum
3166 4895 3223 4949 in
3246 4894 3493 4951 Garizim
3518 4893 3694 4948 aedifi-

2045 4991 2237 5043 catum
2270 4992 2381 5055 est,
2412 4983 2834 5055 Onias,8imon
2862 4983 2958 5054 (5),
2993 4980 3219 5037 Eleazar
3251 4997 3265 5037 :
3317 4979 3425 5036 sub
3465 4996 3578 5052 qun
3620 4977 3697 5048 (6)

2045 5075 2178 5133 libri
2239 5076 2309 5132 de
2371 5074 2662 5131 Ptolemaei
2711 5072 2964 5145 ,secundi
3012 5070 3303 5128 sententia
3360 5088 3394 5125 a
3457 5075 3697 5141 septua-

2045 5165 2207 5237 ginta
2236 5165 2463 5222 duobus
2493 5161 2910 5235 interpretibus
2941 5161 3001 5217 in
3032 5159 3295 5218 Granum
3326 5163 3468 5217 sunt
3505 5164 3695 5215 trans-

2047 5411 2404 5470 saoerdotem
2426 5413 2673 5480 ponunt,
2707 5408 2803 5480 qui
2833 5408 3035 5480 Jesum
3077 5407 3315 5480 fratrem
3347 5420 3520 5480 suum
3572 5420 3696 5476 ger-

2048 5498 2280 5540 manum
2313 5477 2809 5549 Hierosolymis'in
2832 5478 3043 5549 templo
3075 5477 3441 5534 interfecerit.

2117 5554 2196 5625 (4)
2228 5557 2399 5625 Hune
2424 5551 2517 5607 alii
2550 5552 3026 5625 Jml:im__vocant.

2147 5620 2206 5695 5)
2235 5624 2339 5695 Hic
2366 5622 2576 5695 Justus
2605 5620 2951 5695 appellatus.

2143 5691 2203 5770 Β)
2227 5693 2468 5770 Josoph.
2507 5692 2614 5756 lib.
2642 5691 2707 5768 if,
2737 5707 2867 5767 cap.
2890 5691 2949 5749 8.
