4070 6274
331 287 450 348 ’763

1625 297 2050 362 NICEPHORI
2091 284 2441 365 CALLISTI

3652 294 3814 358 ’164

331 419 436 510 lati
465 437 816 481 sermonem.
842 423 1160 494 Manasses,
1191 427 1364 483 Onias
1416 428 1516 501 (4),
1565 428 1789 487 Simon.
1823 433 1963 499 Qua-

2119 453 2310 502 στησεν
2361 433 2388 487 6
2431 432 2749 506 Ἀντίοχος,
2791 432 2867 505 μή
2919 428 3050 486 ὄντα
3098 431 3158 486 ἐκ
3205 431 3384 510 φυλῆς
3435 433 3810 506 ἱερατικῆς,

334 509 698 582 dragesimus
749 531 987 570 numero
1055 516 1252 583 Onias,
1299 519 1470 572 Jesus
1543 519 1644 590 (2),
1705 527 1757 576 et
1805 519 1981 578 Onias

335 597 527 656 alius:
560 619 674 673 quo
707 607 964 673 tempore
998 605 1243 674 populus
1269 605 1344 660 ab
1372 607 1654 662 Antiocho
1688 608 1982 680 Epiphane

335 689 582 761 graviter
611 697 697 746 est
726 691 1000 748 afflictus.
1036 693 1290 750 Alcimus
1319 695 1420 766 (3),
1455 711 1651 767 quem,
1701 713 1832 753 cum
1865 715 1978 754 non

333 787 489 834 esset
517 795 584 836 ex
615 781 766 836 tribu
801 783 1144 840 sacerdotali
1173 786 1422 854 genitus.
1465 787 1802 857 Antiochus,
1835 789 1982 846 Onia

337 884 498 934 ceso,
529 871 864 940 pontiﬁcem
897 873 1213 930 constituit.
1247 873 1431 944 Hujus
1461 879 1624 932 astate
1648 877 1747 933 fuit
1783 878 1980 944 Onias,

338 954 498 1012 Onim
528 957 704 1024 ﬁlius,
734 959 830 1030 qui
865 961 920 1014 in
951 961 1259 1032 Egyptum
1306 965 1661 1036 profugiens,
1697 965 1979 1036 templum

338 1045 420 1100 ibi
453 1045 969 1120 Hierosolymitano
995 1049 1184 1108 simile
1231 1051 1288 1106 in
1322 1052 1797 1124 Helicpolitarum
1833 1073 1984 1128 prte-

341 1133 558 1190 fectura
573 1136 872 1192 exstruxit.
894 1142 1030 1193 Post
1057 1139 1213 1194 hunc
1235 1141 1718 1211 quadragesimus
1739 1151 1982 1214 quartus

337 1238 406 1278 ex
427 1224 755 1282 Aeamonaei
787 1226 945 1293 ﬁliis,
984 1227 1166 1284 Judas
1212 1227 1610 1298 Machameus;
1651 1232 1744 1286 cui
1778 1233 1982 1288 ordino

338 1315 1058 1382 successerunt,.lonathae
1084 1317 1278 1381 frater,
1315 1334 1519 1374 rursus
1563 1321 1760 1376 Simon
1809 1321 1985 1376 frater

339 1401 610 1470 Joannes,
643 1403 742 1475 qui
772 1413 829 1459 et
860 1407 1160 1478 Hyrcanus
1205 1409 1430 1463 dictus:
1462 1409 1849 1471 Aristobulus,
1883 1411 1981 1482 qui

342 1491 570 1560 primus
599 1493 867 1548 diadema
895 1495 1004 1552 sibi
1027 1495 1336 1566 imposuit:
1369 1498 1656 1568 Jannasas,
1683 1499 1776 1555 cui
1808 1499 1980 1553 etiam

340 1579 651 1636 Alexandri
683 1599 894 1639 nomen
939 1583 1061 1641 fuit.
1103 1585 1632 1658 Quinquagesimus
1677 1605 1845 1658 porro
1881 1589 1985 1643 fuit

2092 520 2295 576 ἀνελὼν
2354 521 2442 576 τὸν
2498 519 2696 576 Ὀνίαν.
2740 519 2864 576 Ἐπὶ
2920 520 3118 575 τούτου
3175 519 3264 574 καὶ
3324 521 3500 582 Ὀνίας
3556 521 3598 575 ὁ
3681 521 3811 574 τοῦ

2092 608 2267 664 Ὀνίου
2316 609 2452 678 υἱὸς,
2487 608 2672 687 φυγὼν
2717 608 2792 670 είς
2839 607 3126 682 Α’ίγυπτον,
3158 609 3284 662 ναὸν
3323 608 3517 681 ὅμοιον
3567 611 3682 678 τῷ
3740 605 3808 660 ἐν

2087 697 2498 773 Ἱεροσολύμοις
2556 695 2842 771 οἰκοδομεῖ
2890 698 2944 752 ἐν
2991 702 3067 770 τῷ
3099 695 3497 772 Ἡλιουπολίτῃ
3545 701 3758 770 νομῷ
3786 715 3804 726 ’

2093 767 2184 860 μδί
2217 767 2420 850 Ἰούδας
2471 787 2498 841 6
2547 767 2920 859 Μακκαϐαῖος,
2960 767 3178 842 ἐκ-τῶν
3223 784 3432 842 παίδων
3472 767 3806 858 Ἆσσῑμῴο

2088 877 2250 931 ναίου
2290 872 2386 932 ὤν.
2437 877 2566 932 Εἶτα
2605 876 2854 932 Ἱωνάθαν
2905 877 2934 930 6
2979 874 3211 952 ἀδελφός
3246 893 3258 906 ·
3311 876 3401 931 καὶ
3463 875 3692 950 Σίμων
3770 875 3805 928 6

2089 963 2361 1044 ἀδελφός⁴
2408 966 2687 1036 Ἰωάννης,
2735 967 2763 1020 ὁ
2813 967 2902 1020 καὶ
2949 963 3202 1039 Ὑρκανός
3231 985 3242 996 ·
3293 961 3802 1038 Ἀριστόϐουλος,

2090 1056 2150 1120 ὃς
2187 1055 2276 1110 καὶ
2324 1053 2565 1128 διάδημα
2603 1059 2819 1130 πρῶτος
2863 1055 3036 1126 ἑαυτῷ
3075 1053 3452 1126 περιτίθησιν·
3488 1053 3802 1123 Ἰαννὲας,

2091 1144 2120 1198 6
2167 1144 2256 1198 καὶ
2299 1141 2685 1216 Ἀλὲξανδροςο
2735 1143 3098 1214 πεντηκοστὸς
3148 1141 3194 1197 δ’
3241 1144 3307 1212 ἦν
3349 1143 3654 1218 Ὑρκανὸς,
3699 1141 3806 1217 ἐφ’

2093 1233 2154 1287 οὗ
2187 1235 2478 1305 Πομπήϊος
2515 1233 2542 1286 6
2575 1231 2858 1303 Ῥωμαίων
2889 1233 3218 1306 στρατηγὸς,
3255 1234 3356 1300 τήν
3400 1231 3564 1287 πόλιν
3631 1251 3806 1306 πορ-

2097 1323 2288 1390 θήσας,
2348 1323 2414 1374 τὰ
2487 1325 2583 1376 τοῦ
2655 1322 2804 1394 ἱεροῦ
2863 1318 3130 1391 κειμήλια
3185 1318 3635 1399 προσαφείλετο·
3703 1325 3804 1374 va.’

2095 1409 2430 1482 Ἀντίγονος,
2472 1409 2532 1470 ’ὸς
2580 1408 2828 1479 Πάρθους
2867 1409 3002 1462 κατὰ
3055 1412 3153 1463 τοῦ
3208 1409 3358 1482 ἱεροῦ
3413 1407 3800 1484 ἐπηγάγετο,

2097 1499 2546 1572 κατάὙρκανοῦ,
2589 1497 2692 1551 ὑπὸ
2750 1494 2808 1552 δὲ
2844 1494 3091 1571 Ἡρώδου
3147 1504 3245 1563 τῆς
3303 1495 3612 1570 ἱερωσύνης
3695 1495 3800 1550 ἐκ·

2093 1582 2360 1641 ϐάλλεται
2387 1604 2400 1618 ⁸
2432 1587 2510 1660 νβ’
2552 1585 2843 1654 Ἀνάηλος,
2879 1585 2980 1639 ὑπὸ
3041 1582 3289 1659 Ἡρώδου
3347 1595 3657 1656 καταστάς,
3715 1585 3796 1639 οὗ

343 1669 664 1742 Hyrcanus,
689 1671 798 1727 sub
832 1689 945 1744 quo
978 1673 1287 1746 Pompeius
1326 1675 1620 1731 Romanus
1667 1679 1808 1742 dux,
1843 1678 1983 1732 urbe

2118 1680 2192 1730 κοῦ
2241 1677 2630 1750 ἀρχιερατικοῦ
2668 1676 2854 1747 γένους
2886 1675 2953 1744 ἦν
2978 1694 2989 1706 ·
3029 1669 3449 1747 Ἀριστόϐουλος
3483 1675 3540 1728 ’ὸν
3576 1675 3798 1747 ’Πρώ-

339 1763 584 1826 vastata,
617 1777 784 1816 sacra
813 1777 1045 1834 quoque
1075 1764 1276 1836 templi
1301 1764 1540 1820 donaria
1555 1782 1751 1820 secum
1781 1766 1951 1822 abstu

345 1845 434 1905 lit.
484 1848 1020 1922 Quinquagesimus
1091 1855 1316 1923 primus
1368 1855 1692 1927 Antigonus
1741 1855 1842 1926 (4),
1889 1855 1985 1924 qui

347 1935 588 1992 Parthos
608 1947 840 2009 prepter
857 1941 1468 2012 Hyrcaniinimicitias
1509 1945 1788 2000 adversus
1839 1953 1986 1998 tem-

344 2022 511 2095 plum
555 2025 818 2093 adduxit,
859 2033 915 2084 et
956 2032 1026 2084 ab
1075 2031 1294 2086 Herode
1344 2033 1675 2102 pontiﬁcatu
1733 2033 1989 2103 «Iejectus

349 2116 456 2170 est.
489 2113 1014 2190 Quinquagesimus
1044 2121 1339 2176 secundus
1361 2121 1613 2176 Anneius
1643 2123 1714 2178 ab
1749 2122 1988 2189 Herode,

345 2218 478 2260 cum
539 2221 650 2260 non
739 2212 892 2262 esset
952 2208 1328 2264 sacerdotalis
1393 2210 1644 2282 generis,
1731 2211 1989 2281 pontifex

343 2296 572 2350 creatus
604 2293 898 2352 eet.188
937 2298 1463 2370 Qninquagesimue
1515 2300 1718 2354 tertius
1769 2300 1960 2353 Aristo

346 2381 542 2450 bulus,
573 2399 746 2456 quem
779 2383 1054 2453 Herodes,
1098 2387 1312 2442 Anaelo
1373 2388 1604 2456 rejecto,
1637 2387 1940 2444 substituit
1973 2403 1986 2440 :

343 2470 614 2544 idemque
661 2489 889 2543 rursus,
939 2474 1269 2531 Aristobulo
1327 2475 1461 2531 dolo
1517 2491 1662 2530 caseo
1713 2473 1988 2530 Anaelum

346 2557 620 2614 restituit.
647 2560 861 2618 Auaelo
913 2561 1087 2618 Jesus
1132 2561 1313 2618 Phabi
1365 2561 1519 2618 ﬁlius
1549 2562 1623 2634 (5)
1674 2563 1988 2618 successit:

348 2646 555 2704 deinde
600 2648 800 2706 Simon
850 2649 1092 2708 Herodis
1155 2667 1316 2708 socer
1377 2653 1633 2724 pontifex
1695 2653 1812 2707 ﬁt:
1867 2657 1995 2721 post

347 2737 502 2794 hunc
534 2738 830 2810 Matthiae,
863 2740 1072 2796 deinde
1090 2740 1404 2814 Josephus,
1451 2743 1542 2798 cui
1589 2741 1830 2798 Jozarus
1872 2757 1996 2795 suc-

346 2828 970 2900 cessit.Sexagesimus
1001 2847 1170 2902 porro
1212 2831 1321 2886 fuit
1366 2830 1695 2895 Eleazarus,
1738 2833 1847 2886 sub
1880 2846 1993 2900 quo

346 2915 602 2972 Herodes
633 2919 882 2989 pessime
914 2919 1102 2990 periit.
1143 2920 1210 2975 Et
1257 2936 1386 2976 vero
1442 2920 1642 2974 ordine
1699 2936 1996 2974 successe-

350 3010 506 3065 runt,
533 3005 708 3063 Jeeus
755 3011 890 3062 Scene
921 3008 1100 3076 ﬁlius,
1131 3010 1370 3064 Ananus
1419 3007 1648 3079 Caiphaa
1705 3023 1868 3064 socer
1897 3009 1992 3078 (6‘,

351 3092 636 3151 Ismaelus
665 3094 822 3151 ﬁlius
861 3096 1040 3154 Phabi
1081 3098 1178 3168 (7).
1231 3098 1538 3154 Eleazarus
1583 3098 1770 3154 Anani
1816 3096 1994 3161 ﬁlius,

1972 1855 1982 1865 .
2023 1809 2061 1870 ll

2095 1763 2192 1836 δης
2223 1765 2528 1834 καθίστησι,
2559 1763 2652 1818 τὸν
2703 1761 2974 1832 Ἀνάηλον
3017 1760 3354 1837 διωσάμενος
3387 1779 3402 1792 ⁸
3443 1761 3527 1817 καὶ
3589 1761 3793 1823 αὖθις

2099 1852 2476 1933 δολοφονήσας
2506 1853 2596 1907 τὸν
2631 1847 3086 1926 Ἀριστόϐουλον,
3117 1851 3401 1922 καθίστησι
3434 1851 3524 1906 τὸν
3556 1852 3794 1921 Ἀνάη-

2098 1945 2217 2000 λον,
2249 1947 2452 1998 Τοῦτον
2483 1940 2548 2012 δή
2583 1943 2675 1998 τὸν
2710 1941 2982 2012 Ἀνάηλον
3011 1943 3224 2010 Ἰησοῦς
3257 1941 3286 1996 6
3324 1946 3422 1996 τοῦ
3454 1935 3599 1994 Φαϐἱ
3651 1938 3791 1994 δια-

2099 2031 2337 2108 δέχεται.
2372 2033 2499 2087 Εἶτα
2559 2031 2746 2104 Σίμων
2806 2032 2834 2086 6
2876 2028 3125 2104 Ἦρώὸου
3179 2027 3453 2100 κηδεστής
3506 2027 3784 2105 γίνεται.⁸

2102 2124 2220 2194 μεθ’
2249 2123 2307 2176 ’ὸν
2369 2121 2609 2182 Ματθίας
2634 2137 2648 2150 ⁸
2683 2119 2797 2174 εἶτα
2838 2120 3128 2188 Ἰώσηπος,
3161 2119 3218 2173 ὃν
3263 2119 3518 2190 Ἰώζαρος
3575 2115 3789 2174 διεδὲ-

2099 2213 2245 2282 ξατο.
2281 2210 2604 2281 Ἑξηιιτρστὸς
2665 2207 2710 2264 δ’
2767 2209 2834 2277 ἦν
2889 2207 3242 2280 Ἐλεάζαρος,
3274 2207 3354 2285 ἐφ’
3390 2209 3452 2262 οὗ
3491 2205 3783 2278 Ἡρώδης

2099 2298 2346 2354 ἐτελεύτα
2395 2303 2608 2360 κακῶςο
2645 2301 2856 2367 Ἰησοῦς
2913 2298 2941 2352 6
2997 2301 3096 2351 τοῦ
3130 2295 3249 2362 Σεὲ,
3287 2297 3404 2368 μεθ’
3434 2297 3492 2352 ὃν
3524 2301 3788 2357 ’Ἄνανος

2101 2390 2128 2444 ὁ
2159 2393 2254 2444 τοῦ
2289 2389 2497 2464 Καϊάφα
2531 2387 2783 2458 πενθερός
2805 2406 2818 2420 ·
2847 2383 3142 2459 Ἰσμάηλος
3177 2387 3204 2438 ὁ
3233 2388 3330 2440 τοῦ
3364 2379 3509 2440 Φαϐί
3529 2403 3542 2414 '
3569 2384 3787 2442 Ἑλεὰο

2103 2483 2260 2550 ζαρος
2321 2478 2348 2531 6
2418 2480 2514 2530 τοῦ
2575 2477 2825 2534 Ἀνάνου,
2888 2475 3074 2549 Σίμων
3133 2475 3162 2528 6
3222 2473 3490 2546 Καμίθου.
3549 2474 3625 2543 Et:
3689 2475 3776 2542 ἦν

2104 2567 2362 2642 Καϊάφας,
2399 2569 2424 2622 6
2479 2567 2567 2621 καὶ
2600 2566 2890 2634 Ἰώσηπος,
2923 2562 3004 2640 ἐφ’
3033 2565 3096 2618 οὗ
3141 2565 3204 2618 τὸ
3252 2566 3522 2638 σωτήριον
3573 2565 3774 2626 πάθος

2103 2657 2131 2710 ὁ
2181 2655 2376 2730 Κύριος
2427 2657 2589 2728 ἡμῶν
2649 2654 2779 2726 ὑπὲρ
2831 2655 2988 2726 ἡμῶν
3050 2649 3387 2721 κατεδέξατο.
3431 2651 3664 2722 Ἰωνάθη
3734 2653 3770 2706 ὁ

2102 2745 2354 2811 Ἀνάνου,
2387 2741 2650 2819 Θεόφιλος
2685 2743 2712 2797 ὁ
2744 2742 2910 2796 αὐτοῦ
2940 2738 3196 2818 ἀδελφὸς,
3233 2738 3418 2812 Σίμων
3451 2740 3476 2793 6
3513 2744 3765 2808 Βοητοῦ,

2105 2829 2514 2904 ἓϐδομηκοστὸς
2575 2829 2633 2886 δὲ
2689 2829 2854 2886 πάλιν
2917 2831 3174 2898 Ἰωνάθης
3233 2830 3261 2882 6
3318 2830 3574 2885 Ἀνάνου’
3634 2829 3762 2882 εἶτα

2105 2921 2341 2984 Ματθίας
2389 2923 2417 2976 ὁ
2474 2917 2728 2996 ἀδελφὸς,
2779 2918 3090 2979 Ἢλιναῖος·
3145 2916 3416 2987 Ἰώσηπός
3458 2939 3515 2973 τε
3567 2918 3595 2972 6
3641 2921 3752 2970 τοῦ

2104 3007 2301 3082 Καμῆ·
2353 3011 2584 3070 Ἀνανος
2635 3009 2886 3078 Ἀνάνου,
2931 3007 2992 3068 ’ὸς
3040 3001 3297 3064 Ἰάκωϐον
3351 3007 3446 3061 τὸν
3491 3009 3579 3060 τοῦ
3627 3011 3751 3058 Κυ-

2108 3099 2228 3171 ρίου
2260 3097 2492 3174 ἆδελφὸν
2525 3097 2614 3152 καὶ
2645 3101 2860 3170 πρῶτον
2911 3097 3174 3171 ἱεράρχην
3221 3099 3330 3149 τῶν
3351 3092 3756 3170 Ἱεροσολύμων

353 3180 553 3237 Simon
601 3181 843 3238 Camithi
891 3167 1518 3258 ﬁliusQSexageeimos
1561 3187 1846 3258 septimus
1888 3187 1989 3240 fuit

2118 3187 2359 3243 ὶνεῖλενο
2403 3188 2448 3259 ᾧ
2486 3187 2573 3240 καὶ
2622 3183 2842 3246 Παῦλος
2895 3182 3429 3258 παῤῥησιαζόμενος,
3475 3182 3760 3237 Τύπτειν

355 3269 626 3343 Ciiphas,
657 3273 753 3344 qui
787 3274 960 3328 etiam
1009 3275 1300 3347 Josephus
1338 3275 1531 3332 dictus
1577 3281 1681 3342 est,
1715 3276 1827 3330 sub
1887 3291 1999 3346 quo

355 3376 459 3432 pro
487 3359 654 3417 nobis
685 3362 1046 3418 salutiferam
1073 3371 1314 3420 mortem
1354 3364 1636 3421 Dominus
1669 3363 1832 3422 obiit.
1865 3363 2000 3418 Post

356 3447 514 3504 hunc
542 3449 818 3506 Jonalhas
866 3449 943 3524 (8)
987 3453 1172 3508 Anani
1221 3453 1396 3521 ﬁlius,
1467 3452 1824 3522 TheOphilus
1872 3453 1998 3521 ejus

357 3537 552 3606 frater,
585 3539 786 3596 Simon
819 3540 1015 3597 Boethi
1043 3541 1222 3610 ﬁlius,
1253 3543 1462 3598 deinde
1490 3543 1775 3598 Jonathas
1813 3541 1998 3598 Anani

357 3625 536 3696 ﬁlius,
560 3634 691 3701 post
715 3629 870 3686 hunc
891 3631 1060 3686 frater
1081 3633 1210 3701 ejus
1233 3632 1527 3694 Matthiae.
1555 3650 1682 3687 mox
1719 3631 1993 3688 Elinazus:

351 3733 586 3774 rursum
615 3718 908 3790 Josephus
939 3724 1124 3776 Came
1158 3721 1314 3776 ﬁlius
1337 3739 1350 3778 :
1375 3737 1548 3794 quem
1583 3721 1880 3777 insecutus
1910 3725 2000 3777 est

347 3809 588 3864 Ananue
619 3809 810 3865 Anani
841 3808 992 3865 ﬁlius
1026 3811 1105 3883 (9)
1137 3811 1237 3883 qui
1285 3811 1566 3868 Jacoburn
1628 3814 1833 3867 fratem
1894 3811 1998 3868 Do-

349 3894 516 3956 mini,
550 3896 803 3966 primum
835 3897 1365 3968 Hierosolymorum
1387 3900 1750 3972 episcopum,
1781 3901 1996 3956 interc-

351 3982 471 4038 mit.
497 3982 638 4038 Huic
657 4000 909 4056 quoque,
937 4003 1144 4056 magna
1164 3987 1387 4043 dicendi
1411 3987 1677 4044 libertate
1697 4005 1838 4044 usus
1857 3989 1998 4044 Pau-

349 4081 464 4140 tue,
495 4073 858 4130 Percussurus
887 4085 963 4130 est
996 4082 1046 4130 te
1075 4077 1234 4143 Deus,
1265 4076 1428 4142 dixit,
1450 4076 1632 4146 paries
1652 4077 1896 4133 dealbate
1923 4076 1992 4132 ³⁸.

2111 3298 2178 3332 σε
2219 3273 2458 3350 μέλλει
2499 3277 2526 3329 ὁ
2567 3275 2745 3344 Θεὸς,
2776 3279 2971 3348 τοῖχε
3007 3270 3464 3344 κεκονιαμένε,
3506 3271 3710 3341 ἒξεῖπεν
3739 3291 3756 3304 ο

2110 3366 2318 3435 Ἰησοῦς
2360 3365 2386 3418 ὁ
2420 3360 2744 3436 Γαμαλιήλ·
2781 3358 3150 3439 ὀγδοηκοστὸς
3198 3359 3286 3414 ἐπὶ
3333 3359 3551 3421 τούτοις
3600 3366 3762 3416 Ματ-

2109 3453 2221 3515 θίας
2268 3455 2296 3508 6
2346 3452 2635 3532 Θεοφίλου,
2670 3453 2752 3524 ἐφ’
2781 3451 2844 3506 οὗ
2894 3452 2922 3506 6
2971 3450 3106 3521 πρὸς
3139 3451 3447 3523 Ῥωμαίους
3505 3447 3760 3522 πόλεμος

2107 3536 2213 3596 ἔτει
2241 3541 2418 3616 ὀγδόῳ
2450 3545 2545 3596 τοῦ
2578 3539 2848 3612 Καίσαρος
2899 3535 3176 3595 Κλαυδίου
3217 3539 3316 3606 τὴν
3370 3538 3548 3614 ἀρχὴν
3590 3535 3764 3607 εἰλή-

2108 3651 2224 3708 φει·
2261 3631 2349 3685 καὶ
2383 3629 2467 3686 ἐπὶ
2500 3635 2626 3684 πᾶσι
2659 3627 2968 3688 τελευταίος
2995 3631 3220 3688 Φιναῖος
3253 3625 3335 3703 ἐφ’
3365 3626 3427 3680 οὗ
3459 3629 3492 3694 ἦ
3539 3647 3598 3681 τι
3643 3629 3760 3680 πό-

2109 3718 2196 3783 λις
2243 3720 2334 3775 καί
2383 3721 2411 3774 6
2455 3719 2582 3781 ναὸς
2631 3719 2719 3772 καὶ
2767 3715 2829 3771 τὸ
2880 3711 3027 3778 ἔθνος
3061 3711 3201 3770 ἅπαν
3234 3716 3336 3770 ὑπὸ
3366 3716 3529 3770 Τίτου
3579 3714 3756 3782 ἑάλω,

2106 3810 2194 3864 καὶ
2244 3811 2412 3863 πάντα
2455 3807 2522 3863 τὰ
2553 3811 2668 3875 ,τοῦ
2711 3811 2842 3860 ναοῦ
2883 3805 2972 3860 καὶ
3020 3802 3116 3859 τοῖ’)
3174 3803 3369 3876 νόμου,
3411 3805 3758 3860 παντάπασιν

2107 3893 2314 3966 ἀπέσϐη
2367 3896 2456 3952 καὶ
2517 3894 2822 3972 διεῤῥύηκε.
2878 3894 2977 3948 Καὶ
3019 3898 3187 3948 ταῦτα
3240 3895 3336 3964 μὲν
3387 3893 3438 3948 ἐν
3491 3900 3713 3957 τούτοις
3743 3917 3756 3928 υ

2105 3989 2268 4058 ἡμεῖς
2320 3982 2377 4040 δὲ
2425 3983 2578 4046 αὖθις
2626 3982 2716 4037 ἐπὶ
2761 3984 2859 4050 τήν
2912 3983 3018 4036 τῶν
3073 3980 3454 4036 ἀποστολικῶν
3500 3979 3756 4057 Πρόίξεων

2105 4077 2207 4145 τὴν
2236 4081 2334 4144 τῆς
2372 4073 2613 4148 ἱστορίας
2647 4071 2826 4148 ῥύμην
2859 4071 3161 4144 ἀνάγωμεν,

352 4161 417 4215 Ei
441 4178 612 4232 porro
641 4163 914 4218 successit
946 4163 1280 4220 Gamulielis
1312 4165 1469 4219 ﬁlius
1497 4167 1688 4234 Jesus,
1727 4165 1862 4219 huic
1893 4166 2136 4222 Muthiae
2164 4165 2467 4234 TheOphili
2495 4163 2649 4218 ﬁlius
2687 4179 2698 4216 :
2737 4162 2842 4216 sub
2873 4178 3008 4230 quo,
3040 4166 3240 4216 octavo
3263 4159 3489 4214 Claudii
3509 4161 3764 4216 Caesaris

350 4267 526 4316 anno,
561 4249 777 4306 bellum
810 4261 1010 4306 contra
1033 4253 1322 4308 Romanos
1345 4257 1706 4322 susceptum,
1737 4253 1968 4308 initium
2004 4253 2226 4309 habuit.
2253 4253 2585 4308 Postremus
2607 4251 2870 4305 omnium
2908 4247 3176 4302 Phiuaaus
3195 4247 3321 4313 fuit,
3345 4249 3456 4302 sub
3475 4264 3588 4319 quo
3614 4251 3764 4303 urbs

350 4339 658 4412 templum,
681 4346 737 4396 et
763 4358 904 4414 gens
934 4349 1144 4399 cuncta
1174 4342 1359 4398 aTito
1387 4347 1578 4414 capta,
1609 4355 1930 4414 omnesque
1961 4347 2019 4398 et
2047 4343 2250 4414 templi
2290 4346 2347 4397 et
2403 4341 2542 4412 legis
2603 4357 2694 4394 res
2746 4354 2980 4410 prorsus
3038 4337 3334 4392 exstinctae
3392 4343 3762 4394 corruerunt.

347 4431 534 4503 Atque
564 4430 685 4486 haec
717 4431 949 4502 quidem
974 4431 1059 4490 sic
1079 4448 1142 4488 se
1173 4433 1404 4488 habent.
1440 4431 1556 4488 Nos
1585 4449 1718 4489 vero
1749 4433 1822 4490 ad
1853 4433 2306 4504 apostolicarum
2332 4446 2521 4488 rerum
2559 4429 2859 4486 historiam
2908 4443 2975 4482 ex
3014 4427 3358 4482 diverticulo
3409 4427 3766 4485 redeamus.

418 4609 466 4646 ³⁸
489 4610 624 4668 Act.
658 4627 826 4678 xxm,
856 4611 914 4667 3.

421 4803 496 4873 (1)
526 4801 696 4873 Apud
741 4801 887 4858 alios
933 4800 1108 4856 Onias
1162 4798 1270 4854 iste
1320 4815 1434 4854 non
1480 4801 1834 4866 recensetur,
1889 4798 1992 4852 sed
2030 4803 2074 4866 1)
2105 4795 2298 4873 scidit.

351 4873 634 4928 Manassen
654 4873 854 4928 Simon
887 4873 1284 4927 substituitur.

418 4943 500 5017 (2)
532 4945 638 5017 Hic
668 4944 841 5017 etiam
873 4947 1045 5017 dason
1078 4943 1286 5017 dictus.
1338 4940 1484 5017 Huic
1540 4941 1862 5017 antiochus
1900 4956 1994 5017 sa-

347 5011 668 5072 cerdotium
701 5015 964 5082 abstulit,
997 5019 1053 5069 et
1075 5015 1129 5068 id
1162 5013 1344 5081 Onim,
1374 5013 1472 5082 qui
1502 5019 1560 5067 et
1589 5012 1882 5068 Menelaus
1914 5011 1995 5067 di-

349 5094 502 5155 ctus,
524 5088 828 5143 concessit.
865 5085 1025 5142 Unde
1071 5086 1279 5140 seditio
1332 5088 1508 5150 mota,
1562 5089 1802 5153 promer
1832 5083 1997 5138 laso—

351 5175 485 5215 nem
516 5165 574 5214 et
607 5157 926 5214 Menelaum
964 5160 1188 5212 fratres.

423 5232 503 5302 (3}
542 5231 802 5286 Alcimus
855 5247 887 5284 a
936 5229 1100 5300 Lysia
1142 5241 1411 5282 summus
1457 5224 1720 5280 sacerdos
1778 5223 1996 5279 consti-

347 5305 534 5358 tutus.

427 5373 507 5444 (4)
553 5372 800 5444 Pacorus
841 5369 1188 5444 Parthorum
1237 5385 1346 5444 rex
1377 5366 1589 5444 Juda-is
1638 5365 1996 5444 hel_lum__in-

359 5437 538 5500 dixit:
571 5442 888 5514 Antigonus
919 5459 951 5496 a
998 5440 1249 5507 Parthis,
1297 5439 1466 5514 victis
1515 5438 1800 5514 et__capt_is
1842 5437 2001 5514 Ph_a-_-

360 5517 483 5572 eelo
531 5519 588 5570 et
631 5508 914 5586 Hy'rcano,
955 5529 1052 5569 rex
1110 5512 1509 5586 constituitur.
1561 5508 1838 5566 Phaselue
1885 5508 1998 5566 sibi

359 5589 607 5645 mortem
635 5583 936 5643 conscivit.
985 5585 1310 5658 Antigonus
1355 5583 1614 5652 Hyrcano
1661 5597 1829 5638 aures
1854 5597 2000 5654 pro-

2177 4795 2298 4851 idit.
2323 4795 2651 4922 SHegesipp.
2685 4794 2786 4848 lib.
2820 4811 2874 4861 1;
2903 4793 3138 4863 Joseph.
3190 4793 3292 4848 lib.
3327 4809 3440 4863 xlv,
3481 4811 3610 4865 cap.
3639 4794 3762 4864 24.)

2177 4869 2254 4938 (5)
2287 4870 2326 4921 Α
2358 4869 2391 4920 ii
2427 4867 2666 4933 habent,
2699 4867 2908 4920 Sabatia
2929 4865 3011 4934 ﬁl.
3370 4935 3417 4938 Α-

2884 4909 3194 4991 νεῖιιιιιιιιω
3225 4935 3554 5007 pontiﬁcem
3581 4950 3762 4990 oons-

2110 5009 2318 5089 stituit'.
2353 5009 2610 5089 (Joseph.
2779 5024 2940 5089 χχιιι,
2973 5025 3096 5089 cap.

2180 5081 2258 5153 (7)
2291 5077 2590 5153 Ismaelom
2623 5079 2754 5136 Jabi
2797 5078 3004 5153 ﬁlium,
3038 5077 3538 5153 ValeriusuGratus
3561 5080 3765 5153 Anano

2109 5148 2300 5207 amoto
2330 5151 2657 5223 pontiﬁcem
2690 5151 2926 5223 creayit,
2962 5161 3222 5223 uteupra
3270 5151 3369 5204 lib.
3421 5166 3456 5216 ι,
3509 5148 3764 5223 cap:_29.

2181 5223 2259 5295 (8)
2300 5219 2402 5278 Sed
2457 5240 2569 5277 non
2651 5221 3018 5290 pontiﬁcatus
3081 5219 3259 5291 hujus
3302 5228 3578 5291 tempore.
3615 5219 3766 5277 Nam

2181 5309 2205 5348 0
2234 5295 2291 5348 in
2314 5311 2530 5348 annum
2564 5311 2599 5348 a
2626 5292 2836 5348 Christi
2866 5291 3163 5348 nativitate
3203 5292 3274 5346 22
3321 5291 3546 5346 incidit.
3595 5295 3766 5347 Anno

2108 5293 2205 5351 hic
2234 5295 2291 5348 in
2314 5311 2530 5349 annum
2564 5311 2599 5348 a
2626 5293 2836 5348 Christi
2866 5293 3163 5348 nativitate
3203 5293 3274 5346 22
3321 5293 3546 5346 incidit.
3595 5295 3768 5347 Anno

2111 5381 2281 5436 porro
2313 5365 2520 5421 Christi
2552 5365 2622 5420 33
2653 5363 2804 5436 idem
2855 5362 3099 5434 Caiphae
3150 5363 3405 5436 pontifex
3445 5361 3572 5433 fuit,
3627 5378 3766 5418 cum

2151 5383 2281 5422 01³Γο
2313 5383 2520 5421 υῐιιοιειι
2552 5383 2622 5420 ὅ.)
2653 5383 2804 5419 luem
2855 5383 2873 5418 ι

2111 5383 2378 5493 Ebrietas
2402 5453 2502 5508 pro
2542 5435 2728 5508 nobis,
2760 5439 2873 5508 etc.

2182 5507 2259 5579 (9)
2291 5503 2632 5565 Pro'Anano
2691 5506 2751 5564 in
2808 5505 3023 5578 Evang.
3073 5503 3286 5578 legitur
3322 5507 3534 5578 Annus,
3587 5510 3648 5563 et
3703 5506 3770 5564 in

2113 5581 2241 5637 Act.
2275 5583 2463 5652 apost.
2501 5579 2783 5638 Ananiae.
