4070 6274
290 329 420 390 765

934 465 1190 518 ΚΕΦΑΛ.
1233 461 1308 518 Ε’.

289 550 456 624 ΙΙερὶ
545 550 882 626 Στεφάνου
964 553 1081 605 τοῦ
1164 549 1764 678 πρωτομάςτυρος,
1835 546 1942 602 καὶ

495 621 758 676 Παύλου
797 625 912 676 τοῦ
949 620 1226 678 σκεύους
1264 628 1388 678 τῆς
1427 619 1496 676 ἐκ
1557 625 1742 678 ογῆς.

495 619 758 676 Παύλου
797 625 912 676 τοῦ
949 619 1226 682 σκεύους
1264 619 1742 696 τῆς-ἐκλογῆς.

371 731 626 806 Στεφάνῳ
669 728 899 800 πλείστη
947 730 1108 804 χάρις
1163 733 1260 785 τοῦ
1311 729 1622 802 Πνεύματος
1667 729 1754 798 ἦν,
1797 725 1946 783 πολ-

291 819 412 874 λῶν
463 840 520 874 τε
569 819 869 894 αὐτουργὸς
919 818 1124 893 ἐγένετο
1171 817 1490 894 τεραστίων.
1543 818 1692 873 Ἐπεὶ
1753 815 1807 872 δὲ
1855 817 1944 872 καὶ

293 908 479 984 λόγου
529 906 747 981 δυνάμει
798 912 1010 984 κρατῶν
1073 905 1413 982 δημηγορῶν
1465 906 1563 961 ούκ
1610 907 1769 973 ἀνίει,
1823 905 1939 960 πεί-

288 999 407 1051 θων
457 996 650 1058 πάντας
701 992 874 1052 σέϐειν
923 998 1016 1053 τὸν
1057 1000 1291 1071 Σωτῆρα
1335 997 1424 1050 καὶ
1465 995 1696 1069 Κύριον·
1731 995 1942 1065 ἐξάπτει

293 1086 400 1158 μὲν
449 1084 526 1147 εἷς
587 1084 779 1158 μανίαν
829 1087 890 1141 τὸ
939 1083 1269 1141 Ἰουδαϊκόν·
1319 1085 1408 1139 καὶ
1467 1085 1719 1160 ἀφθόνοις
1767 1081 1942 1144 λίθοις

289 1177 428 1249 παρ’
483 1173 693 1230 ’ἐκείνων
755 1175 1004 1250 βληθεὶς,
1051 1175 1269 1250 πρῶτος
1351 1175 1441 1228 τὸν
1515 1174 1648 1247 ὑπὲρ
1706 1176 1942 1246 Χριστοῦ

289 1261 591 1334 ἀνεδήσατο
668 1264 949 1342 στέφανον.
1012 1265 1128 1319 Ἔτι
1197 1260 1244 1318 δ’
1303 1262 1396 1318 οὖν
1462 1261 1732 1337 ἐμπνέων,
1812 1259 1939 1336 δόξῃ

286 1352 413 1424 θείᾳ
485 1353 894 1428 καταυγασθεὶς,
974 1347 1339 1427 διερῥωγὸτας
1413 1353 1509 1422 μὲν
1592 1350 1734 1424 ἑώρα
1818 1349 1942 1410 τοὺς

289 1441 583 1516 οὐρανοὺς,
643 1442 734 1497 τὸν
790 1439 848 1497 δὲ
900 1447 1134 1514 Σωτῆρα
1189 1440 1241 1510 ἐξ
1299 1437 1488 1510 δεξιῶν
1529 1440 1734 1495 ἑστῶτα
1783 1443 1940 1508 Θεοῦ,

290 1529 698 1605 ἐπιρῥωννύντα
754 1527 917 1600 δῆθεν
966 1529 1151 1590 αὐτόν.
1203 1535 1446 1593 Ἐκεῖνος
1502 1526 1578 1597 δὲ,
1629 1527 1733 1603 ὅλῃ
1784 1531 1938 1602 ψυχῇ

290 1619 436 1693 πρὸς
463 1621 553 1674 τὸν
602 1619 943 1691 ποθούμενον
991 1614 1308 1688 διαϐαίνων,
1336 1617 1470 1691 ὑπὲρ
1513 1622 1620 1672 τῶν
1671 1621 1938 1693 φονευτῶν

293 1705 528 1782 ηὔχετο,
565 1711 700 1780 μήτι
735 1709 834 1778 τὴν
882 1705 1168 1781 ἁμαρτάδα
1213 1707 1421 1761 τούτων
1456 1705 1507 1760 ἐν
1555 1704 1706 1780 λόγῳ
1751 1709 1937 1760 ποιεῖ-

293 1800 460 1853 σθαι’
493 1801 644 1855 Θεόν.
685 1803 742 1854 Ὀ
802 1800 898 1872 μὲν
957 1797 1051 1853 οὖν
1107 1797 1250 1854 οὕτω
1308 1792 1541 1852 διέϐαινε
1598 1796 1735 1871 πρὸς
1785 1795 1936 1852 Θεόν.

296 1887 572 1963 Μεγίστου
627 1884 672 1941 δ’
703 1887 938 1942 ἐντεῦθεν
981 1887 1070 1942 καὶ
1119 1886 1342 1962 πρώτου
1391 1884 1637 1960 διωγμοῦ
1677 1886 1810 1958 πρὸς
1844 1883 1941 1938 αύ-

293 1982 406 2034 τῶν
445 1975 722 2036 Ἰουδαίων
780 1978 915 2032 κατά
959 1983 1058 2046 τῆς
1117 1975 1171 2032 ἐν
1228 1974 1636 2050 Ἱεροσολύμοις
1694 1972 1939 2044 Ἐκκλη-

295 2068 416 2130 σίας
464 2069 856 2144 γεγενημένου,
897 2067 986 2123 καὶ
1033 2073 1142 2122 τῶν
1190 2070 1446 2140 μαθητῶν
1498 2067 1742 2120 ἁπάντων
1791 2063 1941 2133 πλὴν

294 2162 407 2212 τῶν
447 2154 658 2212 δώδεκα
689 2156 784 2212 ἀνά
810 2179 868 2212 τε
905 2158 1003 2226 τήν
1037 2153 1301 2213 Ἰουδαίαν
1349 2157 1438 2211 καὶ
1484 2156 1584 2224 τήν
1635 2155 1941 2228 Σαμάρειαν

295 2244 721 2321 διασπαρέντων,
779 2246 921 2306 τινὶς
968 2246 1173 2301 τούτων
1230 2244 1320 2300 καὶ
1375 2242 1480 2306 ἕως
1538 2242 1802 2312 Φοινίκης
1850 2241 1939 2296 καὶ

297 2335 520 2408 Κύπρου
561 2334 650 2390 καὶ
693 2333 1033 2409 Ἀντιοχείας
1079 2335 1233 2402 ἧκον,
1284 2329 1438 2387 οὔπω
1484 2331 1578 2404 μὲν
1621 2330 1940 2404 τολμῶντες

291 2429 411 2485 τοῖς
442 2421 614 2478 ἔθνεσι
659 2425 758 2477 τοῦ
803 2425 903 2487 τῆς
948 2421 1180 2484 πίστεως
1218 2419 1387 2497 λόγου
1423 2416 1801 2494 μεταδιδόναι·
1838 2420 1941 2491 μό-

295 2533 414 2574 νοις
452 2533 516 2587 γε
561 2513 672 2584 μήν
706 2508 992 2572 Ἰουδαίοις
1035 2513 1224 2565 τοῦτον
1275 2507 1642 2586 κατήγγελον.
1675 2503 1942 2577 Τηνικάδε

297 2602 393 2656 καὶ
453 2598 665 2663 Παῦλος
723 2598 784 2654 ἐκ
838 2599 1045 2674 Ταρσοῦ
1097 2599 1192 2673 μὲν
1219 2604 1318 2670 τῆς
1350 2595 1565 2659 πόλεως
1597 2593 1696 2668 ὢν,
1721 2599 1802 2668 τῷ
1830 2616 1940 2649 πα-

298 2691 442 2764 τρίῳ
489 2687 545 2744 δὲ
595 2689 772 2762 νόμῳ,
805 2693 1102 2764 Φαρισαῖος
1156 2688 1258 2765 γὰρ
1315 2689 1406 2758 ἦν,
1464 2688 1568 2743 ὑπὸ
1625 2684 1941 2758 διδασκάλῳ

306 2779 599 2850 Γαμαλιὴλ
653 2777 704 2840 ἧς
757 2773 1034 2854 ἀκρίϐειαν
1092 2775 1418 2845 παιδευθεὶς,
1467 2777 1558 2832 καὶ
1601 2781 1680 2848 τῷ
1725 2779 1940 2848 νομικῷ

308 2867 468 2941 ζήλῳ
517 2867 911 2941 διακαιόμενος,
946 2868 1088 2943 ὁρῶν
1126 2873 1321 2923 τοῦτον
1370 2866 1480 2938 ἤδη
1527 2871 1651 2929 ταῖς
1698 2866 1943 2921 ἀποστο-

307 2957 488 3019 λικαίς
570 2959 980 3030 καταπιόμενον
1063 2952 1356 3028 ἐμϐολαῖς,
1432 2957 1532 3024 τήν
1617 2953 1941 3025 Ἐκκλησίαν

301 3044 551 3121 σφοδρῶς
597 3045 940 3121 ἐλυμαίνετο.
969 3045 1067 3101 Καὶ
1117 3043 1184 3115 δὴ
1238 3051 1428 3120 πρῶτα
1479 3046 1573 3118 μὶν
1624 3049 1694 3120 τῇ
1727 3045 1939 3118 ἀναιρέ-

301 3157 381 3191 σει
435 3137 707 3214 Στεφάνου
757 3129 1070 3207 σύμϐουλος
1121 3132 1218 3198 ὢν,
1269 3135 1335 3192 τὰ
1382 3139 1488 3188 τῶν
1536 3132 1714 3196 λίθοις
1778 3133 1938 3188 αὐτὸν

1328 325 1950 390 ECCLESIASTICE
1995 324 2382 388 HISTORle
2428 327 2572 387 LIB.
2622 327 2695 388 ll.

1973 466 2027 532 A

3589 331 3709 393 766

2621 459 2798 519 I89
2827 460 3060 518 CAPUT
3091 462 3154 520 V.

2221 554 2304 605 De
2325 549 2601 623 Stephano
2630 552 2812 624 primo
2835 561 3099 624 martyre,
3132 559 3188 608 et
3214 554 3390 609 Paulo
3423 570 3545 610 vase

2731 625 3030 680 electionis.

2126 725 2419 797 Stephano
2452 726 2706 798 plurima
2735 728 2986 799 Spiritus
3016 729 3205 802 gratia
3231 733 3374 797 erat,
3409 731 3708 803 multaque

2057 814 2106 869 is
2155 814 2422 887 prodigia
2467 816 2676 872 edebat
2727 835 2738 872 :
2794 825 2848 872 et
2901 834 3031 873 cum
3082 818 3407 889 eloquentia
3452 819 3706 875 multum

2055 901 2288 973 valeret,
2319 905 2764 978 concionarique
2795 923 2910 963 non
2954 913 3228 978 cessaret,
3261 908 3536 965 omnibus
3568 909 3706 965 Ser-

2053 994 2269 1049 vatoris
2316 997 2372 1049 et
2403 994 2639 1052 Domini
2690 995 2914 1052 cultum
2965 999 3243 1065 suadens,
3277 998 3468 1054 furore
3518 997 3702 1054 Judaei

2053 1083 2478 1139 accenduntur.
2510 1086 2554 1140 A
2602 1084 2814 1156 quibus
2864 1087 3084 1158 ingenti
3121 1087 3174 1142 vi
3219 1086 3483 1159 lapidum
3529 1087 3707 1143 obru—

2055 1174 2169 1239 tus,
2204 1171 2428 1241 primus
2483 1173 2608 1245 ipse
2657 1190 2758 1246 pro
2803 1173 3032 1230 Christo
3082 1179 3367 1243 mortuus,
3421 1173 3706 1251 στέφανον,

2053 1261 2160 1316 hoc
2221 1270 2303 1318 est
2357 1279 2633 1318 coronam
2682 1265 2924 1337 accepit.
2976 1266 3260 1322 Craterum
3328 1281 3459 1322 cum
3510 1267 3701 1324 adhuc

2052 1351 2318 1422 spiraret,
2348 1352 2545 1408 divina
2592 1351 2921 1410 illustratus
2964 1355 3170 1426 gloria,
3221 1356 3399 1412 cmloe
3447 1363 3698 1428 apertos,

2051 1445 2108 1495 et
2133 1441 2492 1498 Servatorem
2531 1445 2601 1498 ad
2635 1445 2896 1500 dextram
2933 1445 3027 1500 Dei
3059 1451 3331 1514 stantem,
3363 1462 3544 1520 seque
3575 1464 3704 1504 con-

2053 1530 2384 1588 firmantem
2416 1532 2578 1589 vidit.
2612 1533 2811 1607 Itaque
2843 1534 2967 1607 ipse
2991 1536 3192 1592 anima
3221 1540 3338 1592 tota
3367 1536 3440 1593 ad
3471 1537 3703 1593 deside-

2054 1629 2241 1675 ratum
2284 1619 2450 1678 illum
2502 1622 2810 1688 anhelans,
2837 1641 2940 1696 pro
2983 1625 3424 1695 percussoribus
3462 1625 3610 1693 suis,
3635 1643 3706 1682 ne

2051 1725 2253 1764 eorum
2305 1715 2539 1781 peccata
2575 1711 2722 1766 Deus
2751 1713 2805 1767 in
2857 1713 3142 1768 rationem
3169 1711 3427 1786 aliquam
3457 1730 3708 1788 compu-

2051 1801 2218 1859 tarat,
2251 1814 2446 1866 orans,
2477 1798 2556 1855 ita
2603 1801 2674 1856 ad
2712 1805 2889 1856 Deum
2935 1801 3227 1872 migravit.
3275 1801 3528 1858 Maxima
3576 1819 3708 1860 vero

2057 1887 2192 1943 inde
2225 1896 2280 1944 et
2327 1889 2513 1960 prima
2544 1907 2574 1944 a
2605 1889 2824 1947 Judmis
2877 1889 3143 1948 Ecclesiae
3175 1891 3706 1962 Hierosolymitanae

2053 1981 2249 2033 coorta
2280 1981 2370 2033 est
2397 1979 2742 2050 persecutio.
2779 1984 2950 2036 Porro
2997 1979 3266 2053 discipuli
3297 1997 3521 2051 omnes,
3551 1985 3712 2038 extra

2052 2066 2359 2124 duodecim
2395 2067 2552 2136 illos,
2591 2086 2698 2141 per
2723 2069 2993 2126 Judaeum
3023 2074 3082 2128 et
3109 2071 3435 2128 Samariam
3468 2070 3714 2142 dispersi

2051 2161 2209 2213 sunt.
2244 2157 2489 2222 Quidam
2529 2158 2704 2214 etiam
2756 2175 2960 2216 eorum
3009 2161 3076 2216 ad
3128 2159 3482 2231 Phoenicem,
3519 2163 3577 2218 et
3601 2159 3712 2232 Cy-

2052 2262 2243 2319 prum,
2274 2253 2328 2302 et
2355 2247 2722 2304 Antiochiam
2751 2264 2935 2320 usque
2965 2265 3298 2321 pervenere.
3331 2247 3593 2306 nondum
3624 2233 3712 2304 illi

2050 2334 2326 2408 gentibus
2359 2335 2506 2408 ipsis
2538 2336 2667 2392 fidei
2701 2337 2939 2393 verbum
2971 2339 3406 2396 communicare
3436 2337 3581 2404 ausi,
3615 2354 3710 2394 so-

2050 2421 2242 2494 lisque
2262 2426 2492 2478 tantum
2513 2423 2735 2480 Judais
2767 2424 2822 2479 id
2849 2426 3288 2482 annuntiantes.
3313 2425 3460 2482 Tum
3487 2424 3706 2481 Paulus

2051 2529 2306 2587 quoque,
2340 2513 2522 2570 'l‘arso
2567 2513 2797 2570 civitate
2841 2519 3025 2584 ortus,
3065 2533 3197 2572 cum
3250 2516 3310 2572 in
3355 2517 3480 2589 lege
3519 2515 3706 2586 patria

2049 2603 2399 2679 (Pharismus
2456 2603 2611 2659 enim
2671 2605 2818 2678 erat)
2875 2611 3142 2660 accurate
3204 2611 3262 2661 et
3318 2605 3625 2679 diligenter
3673 2624 3708 2662 a

2051 2695 2401 2764 praceptore
2445 2692 2760 2750 Gamaliele
2807 2694 3068 2750 eruditus
3117 2699 3293 2764 esset,
3334 2695 3707 2753 mmulatione

2051 2781 2196 2854 legis
2229 2781 2504 2852 flagrans,
2536 2797 2780 2854 eamque
2809 2784 3126 2854 apostolico
3169 2788 3352 2840 marte
3381 2784 3702 2842 admodum

2053 2870 2282 2927 concuti
2309 2869 2536 2935 videns,
2563 2869 2815 2927 multum
2847 2872 3180 2928 detrimenti
3204 2871 3476 2930 Ecclesiis
3507 2872 3703 2930 affere-

2055 2959 2168 3017 bat.
2201 2959 2280 3015 Ac
2327 2959 2581 3032 primum
2642 2959 2876 3030 quidem
2931 2961 3103 3017 cedis
3158 2961 3436 3034 Stephani
3494 2972 3702 3018 suasor

2051 3052 2196 3116 erat,
2229 3063 2551 3120 eorumque
2599 3054 2810 3112 vestes,
2843 3049 2942 3122 qui
2992 3049 3209 3121 lapides
3259 3050 3317 3106 in
3359 3049 3525 3107 illum
3550 3050 3699 3122 jece-

2052 3141 2204 3204 rant,
2233 3139 2576 3192 servaverat.
2611 3135 2830 3192 Deinde
2883 3137 2939 3192 in
2982 3137 3188 3194 domus
3227 3138 3488 3194 fidelium
3520 3138 3708 3212 impe-

303 3224 585 3300 βαλόντιυν
617 3223 808 3296 ἱμάτια
839 3221 1076 3297 διετήρει
1100 3241 1114 3254 ⁸
1145 3229 1262 3285 τοῖς
1293 3223 1463 3283 οἷ’κοις
1497 3220 1552 3278 δὲ
1600 3229 1708 3278 τῶν
1736 3227 1938 3278 πιστῶν

2060 3235 2202 3294 tum,
2235 3233 2518 3297 tanquam
2551 3226 2803 3295 agrestis
2854 3227 3144 3298 quaepiam
3175 3231 3232 3281 et
3262 3227 3539 3284 immanis
3570 3205 3712 3297 fere,

299 3310 696 3390 προσϐάλλων,
731 3313 819 3367 οἷά
877 3333 959 3374 τις
1019 3313 1120 3385 θήρ
1179 3311 1333 3384 ὠμός
1385 3333 1443 3366 τε
1497 3312 1586 3366 ταὶ
1617 3309 1822 3386 ἄγριος,
1857 3310 1943 3365 ἄν.

300 3401 428 3479 δρας
495 3423 556 3458 τε
613 3401 698 3456 καὶ
757 3405 1006 3474 γυναῖκας
1073 3401 1250 3471 εἷλκε,
1306 3402 1395 3455 καὶ
1462 3399 1710 3478 φυλακῆς
1774 3400 1948 3460 οἷ’κυις

301 3489 621 3566 παρεδίδου,
655 3489 750 3546 κᾶν
800 3490 853 3553 ἐς
897 3490 1115 3568 ὕστερον
1166 3491 1266 3565 ὀψέ
1312 3511 1444 3546 ποτε
1494 3487 1744 3566 σφοδρῶς
1791 3489 1952 3544 ἐπαι-

299 3583 489 3657 γίζων,
549 3578 844 3642 ἂπιστολᾶς
901 3582 1037 3656 πρὸς
1091 3583 1197 3636 τῶν
1275 3580 1463 3654 ἱερέων
1540 3578 1707 3634 αἲτῶν
1772 3576 1950 3632 ἄδειαν

301 3671 486 3744 τούτῳ
533 3670 868 3747 ἐπαφιείσας,
915 3670 978 3724 τὸ
1022 3671 1158 3744 πρὸς
1212 3668 1418 3743 βουλῆς
1463 3669 1627 3723 κακὸν
1665 3672 1733 3741 τῇ
1765 3665 1816 3720 ἐν
1848 3675 1952 3722 Δα-

309 3763 505 3833 μασκῷ
558 3756 860 3830 Ἐκκλησία
935 3755 1394 3840 διαπράττεσθαιο
1452 3756 1686 3830 ἐκλογῆς
1763 3759 1948 3814 σκεῦος

310 3849 415 3902 ούκ
445 3847 494 3918 ἐξ
539 3847 856 3921 ἀνθρώπων,
890 3844 1018 3902 οὐδὲ
1063 3845 1133 3902 δι’
1164 3847 1485 3919 ἀνθρώπων,
1516 3845 1665 3901 ἀλλὰ
1707 3843 1775 3899 δι’
1811 3846 1953 3898 ἀπο-

305 3936 598 4011 καλύψεως
657 3938 837 4006 Ἰησοῦ
894 3939 1159 4011 Χριστοῦ,
1217 3936 1308 3990 καὶ
1375 3940 1509 3991 Θεοῦ
1569 3935 1796 4008 Πατρὸς,
1855 3937 1952 3987 τοῦ

306 4026 619 4104 ἐγείραντος
672 4026 831 4082 αύτὸν
890 4025 951 4081 ἐκ
1008 4030 1235 4100 νεκρῶν,
1282 4025 1370 4080 καὶ
1427 4023 1736 4086 ἀπόστολος
1797 4021 1947 4096 μέγι-

305 4138 434 4178 στος
467 4113 859 4185 ἀναδείκνυται,
893 4115 1131 4191 οὐρανίῳ
1170 4116 1311 4194 φωτῖ
1362 4117 1464 4184 τήν
1523 4112 1644 4187 ὄψιν
1694 4108 1956 4168 κατασϐε-

303 4205 478 4275 σθεὶς,
501 4205 591 4260 καὶ
621 4208 777 4282 φωνῇ
807 4205 1006 4260 ἐκεῖθεν
1034 4203 1402 4274 ἀνελκυσθεὶς,
1433 4201 1676 4274 Σαοὺλ,
1710 4201 1952 4268 Σαοὺλ,

305 4293 568 4367 λεγούσῇ,
611 4291 675 4347 τί
717 4315 794 4366 με
839 4291 1150 4362 διώκεις;
1197 4295 1280 4361 ὃς,
1321 4293 1570 4350 Ἀνανίου
1620 4292 1715 4354 τὰς
1766 4297 1957 4370 χεῖρας

304 4377 669 4444 ἐπιϐαλόντος
728 4381 800 4438 δι’
857 4381 1276 4457 ἀποκαλύψεως,
1310 4379 1445 4437 εἶδεν
1507 4379 1697 4442 αὖθις·
1740 4381 1830 4434 καὶ
1888 4384 1955 4434 τὰ

300 4467 458 4526 ἔνδον
514 4469 726 4544 μᾶλλον
790 4469 1198 4546 καταυγασθεὶς,
1232 4468 1423 4526 αὐτίκα
1483 4471 1602 4532 οἶος
1647 4471 1766 4524 καθ’
1794 4471 1954 4541 ἡμῶν

2061 3315 2303 3381 faciens,
2333 3313 2483 3369 viros
2513 3314 2688 3370 simul
2719 3319 2778 3370 et
2819 3314 3064 3370 feminas
3094 3316 3318 3372 vinctas
3350 3315 3635 3384 trahebat,
3663 3331 3720 3381 et

2061 3401 2119 3457 in
2152 3417 2442 3459 carcerem
2497 3402 2866 3475 conjiciebat.
2899 3403 3006 3459 Sed
3058 3403 3110 3458 is
3142 3407 3363 3474 postea,
3394 3403 3581 3460 serius
3606 3403 3712 3460 ali-

2073 3495 2312 3563 quanto,
2344 3490 2611 3562 ingentes
2639 3492 2956 3547 admodum
2993 3491 3180 3547 minas
3210 3491 3464 3564 spirans,
3495 3492 3716 3563 episto-

2062 3579 2266 3651 lasque
2287 3596 2317 3633 a
2349 3580 2770 3642 sacerdotibus.
2795 3580 3031 3650 impune
3061 3581 3110 3634 ei
3153 3581 3271 3635 fore
3300 3579 3587 3652 quidquid
3610 3581 3712 3637 ad‘-

2062 3666 2232 3735 versi,
2263 3667 2502 3724 arbitrio
2533 3684 2660 3734 suo,
2692 3668 2748 3722 in
2785 3668 3101 3725 Ecclesiam
3137 3667 3556 3725 Damascenam
3588 3684 3716 3725 con-

2065 3755 2316 3821 tulisset,
2351 3759 2578 3827 petens,
2605 3757 2917 3812 Eleclionis
2948 3773 3070 3825 vas,
3105 3773 3218 3812 non
3249 3773 3317 3812 ex
3353 3756 3713 3828 hominibus,

2066 3861 2253 3916 neque
2305 3861 2407 3915 per
2473 3844 2761 3914 homines,
2812 3845 2915 3901 sed
2964 3861 3064 3916 per
3112 3845 3520 3902 revelationem
3574 3846 3710 3904 Jesu

2063 3933 2275 3990 Christi
2318 3931 2486 3990 I40
2513 3937 2569 3988 et
2609 3934 2706 3989 Dei
2762 3934 2970 3999 Patris,
3004 3935 3100 4006 qui
3151 3933 3316 3990 illum
3353 3951 3422 3991 ex
3469 3935 3716 3992 mortuis

2063 4021 2385 4091 suscitavit,
2420 4023 2827 4094 maximusque
2855 4023 3164 4095 Apostolus
3196 4024 3556 4097 designatur,
3585 4040 3712 4081 cum

2065 4112 2294 4184 quidem
2346 4109 2565 4166 calesti
2617 4111 2836 4168 lumine
2882 4111 3031 4167 oculi
3065 4113 3192 4184 eius
3229 4114 3512 4185 perstricti
3543 4119 3714 4188 atque

2063 4199 2358 4269 exstincti,
2391 4203 2447 4255 et
2498 4216 2634 4256 voce
2681 4200 2909 4256 cmlitus
2952 4202 3024 4256 ab
3077 4202 3346 4258 instituto
3377 4220 3482 4262 suo
3524 4209 3712 4260 retra—

2068 4293 2196 4344 ctus
2245 4297 2415 4356 esset,
2449 4288 2602 4356 Saul,
2633 4289 2790 4357 Saul,
2832 4289 3079 4360 dicente,
3111 4291 3243 4364 quid
3289 4309 3378 4348 me
3423 4309 3715 4365 perseque'

2065 4378 2146 4434 ris
2175 4378 2275 4434 “‘I
2301 4377 2426 4446 Hic,
2461 4394 2591 4434 cum
2643 4379 2694 4433 ei
2733 4378 2990 4436 Ananiae
3034 4397 3136 4452 per
3182 4399 3446 4439 arcanam
3494 4383 3714 4440 revela-

2071 4470 2280 4527 tionem
2334 4487 2544 4526 manus
2591 4470 2984 4544 imposuisset,
3018 4473 3209 4530 visum
3257 4475 3505 4546 rsc‘pit:
3551 4480 3607 4530 ct
3660 4477 3712 4529 in

300 4558 475 4628 ἔπνει,
505 4563 755 4626 τοιοῦτος
803 4560 934 4636 ὑπὲρ
992 4561 1154 4634 ἡμῶν
1205 4561 1310 4630 ἦν’
1369 4560 1444 4622 ὡς
1497 4559 1730 4635 τάχιστα
1787 4557 1945 4614 παντῖ

2064 4559 2260 4615 animo
2293 4576 2401 4615 suo
2422 4560 2592 4632 longe
2621 4561 2794 4616 etiam
2821 4561 3006 4634 magis
3037 4561 3384 4632 illustratus,
3409 4563 3714 4620 confestim

297 4651 382 4720 τῷ
438 4649 803 4725 προστυχόντι
857 4652 1122 4724 παριστᾷν
1197 4644 1346 4726 ἔχειν
1415 4647 1476 4704 ἒκ
1529 4652 1640 4704 τῶν
1700 4651 1949 4725 Γραφῶν,

299 4737 488 4811 ἀληθῆ
527 4740 655 4794 Θεὸν
686 4739 818 4794 εἶναι
848 4741 1080 4813 Χριστόν
1107 4758 1119 4772 ο
1153 4737 1208 4804 ἐς
1255 4742 1516 4795 τοσοῦτον
1554 4736 1612 4793 δὶ
1647 4743 1806 4812 μῖσος
1832 4742 1950 4799 τοῖς

301 4828 614 4906 ὁμοφύλοις
644 4829 844 4900 ἐλθεῖν,
874 4834 992 4891 ταῖς
1038 4834 1146 4885 τῶν
1199 4827 1383 4905 λόγων
1435 4826 1760 4890 πλεκτάναις
1813 4826 1950 4902 ἄφυ-

299 4940 429 4974 κτον
482 4918 670 4995 ἔχουσι
718 4920 817 4988 τήν
870 4918 1194 4995 ἀπολογίαν,
1243 4918 1315 4979 ὡς
1364 4918 1453 4972 καὶ
1495 4918 1672 4995 κρύφα
1720 4917 1948 4972 θάνατον

297 5007 454 5079 αὐτῷ
507 5005 796 5081 βούλεσθαι
847 5012 1169 5081 σκαιωρεῖν·
1212 5003 1506 5083 ἐφήδρευόν
1564 5026 1623 5059 τε
1679 5009 1800 5066 ταῖς
1840 5005 1944 5058 πύ-

299 5094 428 5159 λαις
483 5101 585 5166 τῆς
657 5095 876 5158 πόλεως
932 5099 1259 5168 Δαμασκοῦ·
1320 5092 1418 5150 κᾶν
1481 5095 1531 5149 οἱ
1593 5093 1828 5166 μαθηταὶ
1889 5094 1952 5148 τὸ

295 5183 483 5258 δρᾶμα
530 5181 898 5260 διεγνωκότες,
930 5185 1168 5254 καθῆκαν
1219 5180 1310 5238 διὰ
1354 5186 1451 5238 τοῦ
1500 5183 1723 5257 τείχους
1771 5179 1950 5257 χαλά-

294 5292 484 5334 σαντες
535 5272 587 5327 ἐν
634 5271 888 5347 σπυρίδιο
938 5273 998 5334 ’ὸς
1045 5273 1135 5327 καὶ
1184 5273 1237 5327 ἂν
1268 5271 1682 5347 Ἱεροσολύμοις
1727 5272 1952 5345 γενόμε-

291 5381 413 5433 νος,
446 5367 636 5433 πεῖραν
666 5366 958 5438 ίπροσῆγεν
1006 5360 1060 5426 ἐς
1102 5361 1267 5416 ταυτὸ
1317 5360 1547 5416 συνιέναι
1597 5365 1716 5422 ταῖς
1773 5361 1948 5434 μαθη-

288 5457 432 5513 ταῖς.
469 5449 642 5506 Δόλον
702 5448 748 5505 δ’
800 5451 991 5507 ἐκεῖνοι
1039 5452 1106 5506 τὰ
1153 5447 1374 5506 Παύλου
1423 5451 1686 5525 οἰόμενοι,
1737 5449 1950 5526 ἐξετρέ-

370 5643 426 5683 ﬂ
451 5645 582 5702 Act.
613 5660 697 5716 ιι,
722 5644 773 5701 4.

2068 4664 2242 4719 quam
2310 4651 2481 4704 antea
2541 4652 2747 4704 contra
2789 4665 2896 4706 nos
2964 4650 3230 4708 ferociter
3277 4649 3556 4725 spirabat,
3595 4655 3715 4710 tam

2069 4737 2284 4793 acriter
2329 4752 2433 4808 pro
2479 4736 2648 4792 nobis
2714 4744 2862 4794 stare
2910 4738 3133 4812 incipit,
3184 4740 3262 4796 ita
3309 4744 3376 4796 ut
3421 4740 3717 4798 celerrime

2069 4827 2350 4884 omnibus
2371 4829 2468 4900 qui
2500 4844 2627 4885 cum
2659 4845 2725 4886 eo
2757 4845 3084 4886 sermonem
3117 4836 3390 4902 sererent,
3413 4836 3714 4901 astrueret,

2067 4921 2246 4990 atque
2278 4934 2342 4973 ex
2377 4917 2693 4990 Scripturis
2725 4920 3011 4991 probaret,
3044 4921 3336 4978 Christum
3354 4937 3557 4978 verum
3589 4940 3718 4978 esse

2064 5007 2274 5063 Deum.
2313 5006 2370 5062 1n
2406 5010 2628 5062 tantam
2662 5013 2854 5064 autem
2905 5009 3057 5081 apud
3089 5009 3397 5082 populares
3426 5027 3582 5079 suos,
3617 5012 3714 5082 qui

2065 5095 2128 5150 in
2173 5093 2542 5168 perplexibili
2580 5095 2839 5152 oratione
2886 5114 3180 5154 summam
3227 5103 3286 5154 et
3329 5097 3717 5163 inevitabilem

2068 5183 2469 5240 defensionem
2533 5181 2916 5252 collocabant,
2968 5187 3228 5259 pervenit
3287 5185 3585 5255 invidiam,
3657 5197 3719 5243 ut

2066 5289 2174 5346 per
2223 5274 2422 5330 dolum
2473 5272 2697 5330 occulte
2742 5277 2952 5332 caedem
2994 5277 3041 5332 ei
3093 5281 3406 5347 struerent,
3435 5293 3617 5350 eaque
3648 5279 3720 5334 de

2075 5379 2245 5420 causa
2285 5364 2354 5418 ad
2391 5366 2586 5434 portas
2617 5361 2866 5420 civitatis
2895 5365 3166 5422 Damasci
3196 5366 3255 5421 in
3287 5365 3520 5423 insidiis
3547 5383 3722 5424 excu-

2061 5453 2286 5508 barent.
2338 5451 2450 5507 Sed
2503 5450 2660 5506 enim
2709 5452 3006 5525 discipuli,
3052 5458 3220 5512 tecna
3267 5471 3335 5512 ea
3385 5458 3636 5528 cognita,
3687 5473 3718 5514 e
