4070 6274
389 342 507 402 767

1684 348 2103 410 NICEPHORI
2148 347 2504 410 CALLISTI

3685 344 3806 407 768

397 493 564 534 muro
611 493 745 535 eum
777 479 833 535 in
882 484 1078 548 sporta
1109 479 1485 536 demiserunt.
1519 481 1630 546 Qui
1676 497 1807 536 cum
1840 481 2034 537 Hiero-

2164 480 2316 533 ττοντό
2396 498 2451 531 τε
2529 479 2617 533 καί
2702 479 2900 548 ἥκιστα
2975 481 3250 535 πείθεσθαι
3332 479 3509 554 εἶχον,
3568 476 3801 537 ἐκείνοις

398 567 625 641 solyma
675 569 1049 638 pervenisset,
1102 569 1564 644 periculumque,
1598 575 1662 626 ut
1706 572 1756 627 ei
1790 588 1920 626 cum
1952 572 2042 627 di-

397 657 641 730 scipulis
689 659 993 713 convenire
1058 658 1274 723 liceret,
1327 660 1578 729 fecisset,
1648 660 2042 716 fraudulenter

395 762 531 802 eum
560 745 641 801 illi
673 762 841 818 agere
889 749 1187 803 credentes
1232 750 1667 816 aversabantur,
1696 766 1878 820 neque
1910 765 2035 819 pcr-

396 834 627 890 euaderi
675 841 955 905 poterant,
994 838 1195 892 eadem
1245 853 1377 893 eum
1425 855 1559 893 cum
1607 838 1749 909 ipsis
1798 838 2032 908 sentire,

395 924 562 980 Certo
592 924 807 994 quippe
851 925 1133 993 sciebant,
1165 943 1338 997 quam
1371 928 1650 983 adversus
1680 927 1809 983 illos
1842 928 2031 996 fuerit,

395 1012 494 1082 qui
530 1012 702 1067 veluti
736 1011 928 1083 ignem
962 1030 1201 1084 prorsus
1230 1026 1434 1071 contra
1465 1016 1749 1073 Ecclesiae
1777 1017 2030 1087 spirarit.

393 1103 474 1155 Ac
517 1099 629 1155 nisi
678 1100 990 1172 Barnabas,
1024 1103 1216 1159 clarus
1263 1105 1321 1159 in
1375 1108 1747 1178 septuaginta
1799 1106 2034 1162 illorum

394 1188 647 1261 ascripto
689 1190 891 1246 ordine
940 1191 1043 1260 vir,
1089 1194 1345 1249 oratione
1393 1211 1517 1263 sua,
1550 1210 1685 1250 vera
1729 1211 1878 1261 esse,
1912 1213 2038 1266 qua!

393 1277 491 1333 ille
533 1293 647 1350 pro
677 1294 740 1334 se
788 1279 980 1347 ferret,
1013 1281 1436 1349 confirmasset,
1470 1290 1525 1338 et
1571 1300 1694 1355 qua:
1738 1283 1903 1338 illum
1956 1285 2034 1340 fa-

396 1367 643 1423 cientem
675 1367 933 1435 vidisset,
968 1369 1308 1426 testificatus
1336 1377 1510 1441 esset,
1544 1390 1603 1427 re
1632 1373 1844 1428 infecta
1872 1374 2039 1428 abiis-

395 1457 502 1509 set.
535 1454 730 1524 Itaque
762 1454 1038 1511 Barnabas
1068 1473 1241 1512 suasu
1273 1458 1605 1514 admittitur
1635 1475 1648 1512 :
1680 1459 1779 1530 qui
1808 1460 2037 1527 deinde,

397 1543 598 1597 eadem
647 1560 774 1614 qua
819 1542 917 1598 alii
967 1544 1203 1612 faciens,
1238 1544 1654 1619 Hierosolymis
1685 1548 2038 1617 disputabat,

396 1632 879 1702 argumentisque
899 1632 1193 1689 Christum
1226 1650 1419 1690 verum
1456 1640 1634 1691 Deum
1666 1651 1796 1691 esse
1827 1636 2036 1690 confir-

398 1718 616 1776 mabat.
648 1720 928 1777 Caterum
978 1738 1106 1777 cum
1138 1724 1467 1779 Hellenisms
1497 1726 1547 1779 ei
1580 1729 2039 1787 adversarentur,

2151 570 2437 645 ὁμόφρονα
2483 570 2824 638 καθεστάναι,
2874 565 3113 644 ἀκριϐῶς
3159 590 3219 644 γε
3266 566 3493 637 εἰδότες,
3528 569 3606 628 ῶς
3653 567 3799 621 ἀντι-

2149 654 2345 712 ϐαίνων
2424 657 2514 725 ἦν,
2568 659 2660 712 καὶ
2737 662 2841 733 πῦρ

2148 745 2475 817 Ἐκκλησίας
2503 766 2516 777 ·
2551 746 2680 801 ὥστ’
2709 748 2755 801 εί
2810 750 2885 820 μὴ
2933 743 3206 822 Βαρνάϐας
3233 765 3247 777 °

2149 856 2242 898 τος
2273 839 2350 906 τῷ
2376 839 2484 889 τῶν
2527 837 2570 889 o'
2618 833 3041 912 κατειλεγμένος
3087 840 3241 910 χορῷ
3266 854 3279 867 ⁸
3313 836 3556 903 συνίστα,
3608 833 3797 907 λόγοις

2151 923 2333 995 άληθὴ
2380 945 2442 1000 γε
2490 926 2620 978 εἶναι
2669 925 2736 979 τά
2780 926 2896 979 κατ’
2923 925 3082 980 αὑτὸν
3131 925 3354 991 πείθων,
3387 924 3474 978 καὶ
3518 922 3622 977 ὅσα
3650 923 3797 996 ἑώρα

2151 1014 2455 1087 πράττοντα
2522 1010 3045 1088 διαμαρτυρόμενος,
3093 1014 3187 1067 κᾶν
3257 1014 3404 1074 κενὸς
3459 1010 3795 1087 ἀπηλλάγη,

2150 1104 2277 1156 Νυνί
2317 1099 2373 1156 δὲ
2419 1102 2508 1156 καὶ
2558 1100 2897 1177 εἰσδέχεται·
2932 1102 3021 1156 καὶ
3064 1103 3130 1156 τὰ
3180 1101 3269 1156 ἴσα
3301 1103 3552 1175 πράττων
3582 1102 3651 1170 ἦν
3681 1107 3799 1162 τοῖς

2147 1192 2198 1245 ἐν
2252 1190 2659 1264 Ἱεροσολύμοις
2745 1189 3157 1265 διαλεγόμενος,
3236 1191 3326 1245 καί
3411 1190 3616 1245 πείθων
3702 1190 3794 1244 τὸν

2152 1282 2381 1355 Χριστὸν
2429 1277 2610 1349 ἀληθῆ
2662 1281 2792 1335 Θεὸν
2844 1281 2999 1334 εἶναι.
3034 1284 3149 1335 Τῶν
3196 1277 3245 1335 δ’
3290 1278 3669 1348 Ἑλληνιστῶν
3712 1279 3800 1333 ἀν-

2147 1370 2607 1435 τικαθισταμένων
2694 1368 2861 1441 αὐτῷ,
2934 1369 3024 1422 καί
3107 1374 3313 1423 κτεῖναι
3402 1367 3639 1442 μελέτην
3726 1366 3795 1437 δὴ

2147 1457 2494 1530 ποιουμένων
2541 1458 2633 1511 τὸν
2682 1455 2869 1532 ἄνδρα,
2901 1465 3002 1526 τῆς
3046 1458 3152 1512 ἀπὸ
3198 1462 3305 1511 τῶν
3355 1458 3617 1528 μαθητῶν
3666 1476 3799 1529 προσ

2151 1546 2378 1619 μηθεῖας
2426 1549 2636 1625 τυχὼν,
2679 1549 2966 1621 κατάγεται
3013 1546 3088 1608 εἰς
3143 1549 3494 1622 Καισάρειαν
3548 1546 3662 1600 εἶτα
3718 1543 3795 1606 είς

2943 1638 3042 1704 την
3127 1634 3453 1705 Ἐκκλησίαν
3555 1633 3797 1706 ἐπαόξων

3056 1724 3137 1778 ἀεὶ
3217 1725 3345 1787 τοῦς
3432 1724 3795 1784 πιστεύοντας.

2921 661 3170 731 ἄντικρυς
3250 658 3423 712 πνέων
3488 656 3627 710 κατὰ
3696 661 3796 724 τῆς

3299 744 3458 816 ὲπίση
3471 768 3572 818 μος
3615 742 3671 800 δὲ
3705 746 3797 799 οὗ·

2149 1637 2351 1708 Ταρσὸν
2454 1635 2824 1707 ἀναπέμπεται
2844 1679 2859 1703 ,

2152 1730 2413 1799 Χριστοῦ,
2485 1725 2574 1778 καὶ
2662 1725 2977 1798 προστιθεὶς

398 1809 731 1880 caedemque
775 1809 999 1866 homini
1048 1812 1412 1882 molirentur,
1453 1814 1869 1884 discipulorum
1921 1833 2040 1883 pm-

2164 1812 2332 1869 Ἀλλᾶ
2357 1818 2525 1867 ταῦτα
2559 1814 2653 1884 μὲν
2683 1814 2921 1886 ὕστερον.

396 1900 655 1953 videntia
683 1899 1002 1956 Caesaream
1053 1902 1377 1959 deducitur.
1413 1905 1550 1959 inde
1583 1921 1750 1974 porro
1798 1905 2044 1960 Tarsum
2080 1905 2356 1975 mittitur,
2387 1905 2601 1959 Christi
2656 1904 2970 1960 Ecclesium
3022 1905 3346 1978 adaugens,
3376 1914 3431 1961 et
3461 1905 3690 1976 aliquos
3712 1903 3796 1959 illi

406 1987 707 2044 credentes
739 1988 966 2060 semper
997 1991 1295 2061 adjiciens.
1328 1993 1437 2048 Sed
1471 1993 1542 2049 de
1572 1994 1662 2048 his
1693 1998 1911 2064 postea.

1039 2079 1276 2137 CAPUT
1312 2081 1410 2138 Vl.

405 2166 481 2220 De
509 2164 765 2239 Philippo
811 2183 925 2239 uno
964 2182 1033 2222 ea:
1073 2177 1274 2239 septem
1322 2171 1594 2239 diaconis,
1624 2179 1674 2226 et
1715 2170 1780 2225 de
1824 2170 2050 2225 Simone

473 2240 653 2313 ἕσσο.
677 2237 904 2313 [temne
935 2237 1189 2313 Candore
1216 2240 1452 2313 dynasta
1480 2237 1683 2309 regina
1710 2242 2042 2311 Ethiopian.

473 2308 614 2363 Item
656 2308 721 2363 de
745 2311 1034 2365 miraculis
1063 2311 1177 2365 divi
1204 2308 1380 2367 Pétri.
1405 2308 1651 2369 Prztrea
1690 2314 1755 2368 de
1793 2308 2047 2368 Cornelio

469 2381 813 2454 centurione,
840 2388 890 2436 et
938 2381 1018 2436 eis
1062 2385 1157 2451 qui
1202 2399 1272 2439 ea:
1308 2385 1533 2438 ethnicis
1579 2386 1828 2438 animum
1858 2386 2046 2454 appli-

466 2452 683 2507 cuerint
749 2452 984 2509 Christo.
1040 2456 1102 2507 Et
1163 2466 1223 2508 ut
1289 2455 1586 2511 Amici/tia:
1640 2452 1935 2510 Barnabas
1995 2464 2046 2510 et

467 2522 675 2597 Paulus
720 2525 893 2595 prima
938 2523 1123 2594 ﬁdele:
1186 2528 1327 2596 ipso:
1377 2526 1719 2582 Christianos
1761 2531 2040 2597 cognomi—

465 2596 735 2649 noverint.

467 2782 858 2839 Persecutioue
905 2782 963 2838 in
997 2783 1203 2853 primis
1250 2788 1454 2840 contra
1492 2784 1848 2855 Stephanum
1884 2786 2038 2839 exci-

398 2876 550 2936 tata,
571 2871 878 2943 Philippus
906 2888 973 2927 ex
1020 2871 1113 2927 his
1143 2888 1319 2942 unus,
1352 2873 1449 2943 qui
1479 2890 1607 2928 cum
1640 2874 1934 2944 Stephano
1966 2877 2037 2930 ad

396 2961 766 3015 diaconatum
798 2970 958 3015 erant
990 2960 1159 3016 electi
1194 3003 1207 3028 ,
1242 2978 1343 3032 per
1371 2962 1784 3032 dispersionem
1819 2980 1944 3017 eam
1980 2965 2039 3019 in

396 3048 656 3103 Samaria
704 3053 848 3116 erat,
880 3048 1237 3106 edendorum
1290 3051 1696 3106 miraculorum
1737 3053 1789 3106 vi
1828 3053 2040 3123 oppido

396 3152 568 3208 quam
613 3135 856 3207 pollens.
889 3138 1188 3209 Siquidem
1238 3145 1464 3195 tantum
1499 3141 1570 3194 ab
1601 3157 1669 3195 ea
1698 3140 1910 3197 virtute
1938 3158 2038 3195 va-

395 3223 527 3293 luit,
560 3229 625 3279 ut
655 3229 711 3279 et
740 3225 963 3280 Simoni
997 3226 1107 3281 arti
1140 3244 1257 3282 suae
1289 3228 1560 3282 nuntium
1593 3230 2004 3299 remiltere’per

402 3314 669 3381 suaserit,
703 3313 799 3386 qui
834 3315 1073 3387 magicis
1113 3317 1419 3388 praestigiis
1451 3316 1621 3388 longo
1651 3323 1913 3388 tempore
1945 3335 2040 3387 pc-

402 3401 605 3475 pulum
638 3403 963 3460 seduxerat.
997 3403 1185 3477 Usque
1234 3406 1376 3461 adeo
1419 3407 1572 3461 enim
1616 3407 1953 3479 imposturis
1984 3416 2037 3462 et

398 3491 846 3548 incantamentis
889 3492 1124 3548 homine
1161 3492 1336 3551 I39
1364 3501 1612 3565 ceperat,
1646 3505 1698 3550 et
1738 3501 1856 3551 tam
1889 3496 2039 3551 cole-

396 3580 553 3636 hrem
584 3597 652 3636 ea
680 3586 845 3636 etate
879 3583 1100 3654 magica
1130 3589 1254 3639 arte
1285 3584 1499 3639 famam
1542 3590 1885 3640 consecutus
1916 3586 2038 3639 fue-

397 3674 509 3737 rat,
560 3676 625 3725 ut
670 3670 958 3726 Simonem
1013 3672 1094 3727 illi
1147 3691 1410 3746 magnam
1465 3676 1734 3730 virtutem
1765 3675 1863 3729 Dei
1915 3691 2044 3728 esse

397 3759 835 3816 arbitrarentur.
866 3761 920 3817 la
968 3762 1145 3834 igitur
1175 3763 1378 3819 Simon
1405 3764 1540 3819 talis
1570 3781 1703 3819 cum
1736 3768 1906 3832 esset,
1942 3766 2047 3817 mi-

402 3848 582 3904 rificis
613 3852 806 3904 tamen
838 3849 1088 3922 Philippi
1122 3853 1313 3918 rebus,
1337 3869 1482 3924 quas
1506 3871 1679 3924 supra
1711 3854 2041 3923 opinionem

403 3936 695 4010 ﬁdemque
738 3940 1041 3996 hominum
1106 3944 1333 4011 edebat,
1384 3950 1812 4012 consternatus,
1864 3944 2044 4014 bapti-

404 4042 598 4081 smum
646 4044 762 4083 una
792 4046 923 4084 cum
958 4029 1176 4102 reliqua
1205 4033 1467 4088 Samaria
1498 4033 1675 4099 subit,
1707 4038 1763 4088 et
1792 4033 2047 4088 verbote-

406 4129 517 4169 nus
561 4116 974 4184 professionem
1034 4123 1091 4172 et
1138 4119 1306 4173 iidem
1357 4120 1416 4173 in
1474 4119 1766 4174 Christum
1818 4125 2046 4191 egregie

402 4204 647 4261 simulat
681 4222 694 4259 :
726 4208 779 4261 id
833 4208 984 4278 quod
1036 4214 1091 4261 et
1135 4208 1254 4278 alii,
1288 4210 1385 4280 qui
1435 4209 1881 4265 abominandam
1918 4212 2046 4279 ejus

403 4299 618 4350 sectam
680 4302 848 4351 erant
911 4297 1190 4367 complexi
1242 4298 1341 4370 (1),
1391 4299 1693 4365 faciebant,
1738 4299 1937 4354 fraude
1993 4309 2041 4353 et

403 4383 536 4440 dolo
567 4386 821 4440 auctoris
852 4386 944 4441 sui
991 4402 1277 4441 venenum
1313 4388 1649 4459 pestiferum
1698 4388 1754 4442 in
1789 4389 1928 4458 ipsis
1954 4405 2046 4441 oc-

402 4472 706 4545 cultatum,
738 4476 927 4546 quoad
981 4481 1238 4547 possent,
1270 4478 1354 4532 eis
1397 4476 1495 4549 qui
1537 4477 1593 4531 id
1628 4478 2042 4548 suscipiebant,

2780 2086 3035 2140 κεψΑΑ.
3079 2082 3175 2154 ς’.

2161 2171 2313 2242 Περὶ
2355 2168 2707 2242 Φιλίππου
2738 2170 2884 2232 ἑνὸς
2920 2174 3051 2242 τῶν
3085 2170 3245 2223 ἑπτὰ
3282 2168 3643 2242 διακόνων·
3688 2165 3792 2242 καί

2224 2238 2339 2313 τοῦ
2390 2242 2595 2313 μάγου
2638 2238 3125 2313 Σίμωνοςλονὲτι
3174 2262 3241 2295 τε
3291 2238 3633 2313 Κανᾼδάκου
3679 2241 3792 2313 τοῦ

2228 2309 2546 2367 δυνάστου
2600 2309 2735 2378 τῆς
2775 2311 3176 2384 βασιλίσσης
3238 2311 3650 2384 ΑίθιόπωνἈ
3686 2309 3789 2364 καὶ

2222 2390 2350 2439 τῶν
2400 2388 2516 2456 τοῦ
2573 2381 3069 2455 θείουΠέτρου
3122 2384 3447 2456 τεράτων·
3493 2381 3651 2456 -περί
3725 2401 3789 2456 τε

2227 2455 2602 2530 βορνηλίου
2649 2459 2764 2530 τοῦ
2793 2451 3373 2530 ⁸ἑλιαντοντάρχου,
3401 2454 3509 2530 καί
3560 2451 3687 2530 τξῶν

2220 2522 2435 2581 ἐθνῶν
2476 2526 2978 2601 προσελθόντων
3046 2522 3514 2601 Χριστῗῷχκαὶ
3576 2524 3664 2601 ὡς
3725 2522 3783 2577 ἐν

2223 2593 2601 2672 Ἀντιοχείᾳ
2654 2593 3004 2672 ,Βαρνάϐας
3063 2593 3169 2672 καί
3220 2593 3480 2657 Παῦλος
3523 2600 3786 2672 ’πρῶτοι

2219 2671 2380 2732 τοὺς
2438 2668 2718 2730 ianos;
2765 2668 3224 2742 Χριστιανοὺς
3278 2668 3785 2740 κατωνόμασαν.

2218 2779 2348 2831 Τότε
2400 2774 2457 2832 δὲ
2510 2781 2606 2830 τοῦ
2661 2778 2796 2831 κατὰ
2857 2778 3123 2849 Στέφανον
3174 2773 3420 2847 διωγμοῦ
3469 2775 3786 2849 γενομένου,

2151 2863 2429 2927 Φίλιππος
2481 2865 2563 2926 εἷς
2616 2868 2721 2917 τῶν
2784 2865 2896 2934 ἅμα
2956 2866 3209 2937 Στεφάνῳ
3259 2862 3335 2923 εἷς
3511 2858 3785 2914 διακονίαν

2148 2955 2641 3028 προχειρισθέντων
2719 2951 2769 3007 ἐν
2848 2958 2965 3013 τοῖς
3052 2950 3389 3026 διασπαρεῖσι
3471 2949 3776 3026 γενόμενος,

2153 3043 2431 3117 Σαμαρείᾳ
2496 3042 2802 3117 προσίσχει,
2873 3041 3030 3097 θείων
3102 3043 3399 3113 τεραστίων
3473 3040 3778 3107 πεπλουτη-

2152 3131 2262 3193 κὼς
2316 3131 2564 3204 δύναμιν.
2622 3135 2884 3186 Τοσοῦτον
2941 3129 2990 3185 δ’
3043 3131 3110 3199 ἦν
3162 3129 3350 3202 ἐκείνῳ
3405 3130 3468 3183 τὸ
3534 3126 3784 3201 περισσὸν

2152 3228 2251 3290 τῆς
2310 3218 2612 3292 δύναμεως,
2644 3222 2719 3281 ὡς
2776 3220 2864 3274 καὶ
2919 3219 3167 3292 Σίμωνος
3221 3219 3524 3283 ἀποστῆναι
3583 3221 3790 3285 πεῖσαι,

2156 3309 2406 3382 μαγείαις
2455 3307 2515 3362 ἐκ
2556 3307 2771 3363 πολλοῦ
2816 3308 3130 3379 ἐξιστῶντος
3179 3308 3243 3362 τὸ
3273 3304 3444 3368 ἔθνος.
3476 3304 3601 3362 Ἐπὶ
3632 3305 3789 3359 τόσον

2149 3400 2251 3473 γὰρ
2298 3404 2418 3458 ταῖς
2466 3397 2741 3472 γοητείαις
2787 3396 2961 3451 ἐκεῖνο
3010 3397 3397 3470 χειρώσασθαι,
3430 3393 3521 3448 καὶ
3569 3388 3795 3462 διαϐόη-

2152 3508 2244 3542 τον
2296 3492 2413 3548 ταὶς
2474 3485 2760 3556 ὲξαπάταισ
2818 3487 2935 3540 κατ’
2964 3484 3137 3540 ἐκεῖνο
3194 3486 3326 3539 εἶναι
3383 3487 3597 3556 καιροῦ,
3659 3483 3792 3536 ὥστι

2154 3576 2392 3638 ἐκείνους
2435 3576 2527 3630 τὸν
2578 3583 2804 3647 Σιμωνα
2850 3576 2947 3641 τὴν
3002 3574 3247 3648 μεγάλην
3288 3574 3530 3647 ἡγεῖσθαι
3563 3568 3791 3642 δύναμιν

2150 3669 2248 3719 τοῦ
2278 3664 2435 3721 Θεοῦ.
2471 3665 2653 3735 Σίμων
2716 3662 2762 3718 δ’
2794 3662 2887 3718 οῦν
2945 3665 3120 3735 ὅμως,
3143 3662 3333 3735 καίπερ
3389 3659 3642 3721 τοιοῦτος
3691 3658 3792 3725 ὣν,

2150 3760 2267 3814 τοῖς
2325 3750 2649 3825 παραδόξοις
2702 3757 2810 3807 τῶν
2868 3753 2971 3807 ὑπὸ
3010 3752 3296 3806 Φιλίππου
3342 3748 3651 3823 γενομένων
3701 3768 3795 3801 κα-

2152 3842 2472 3919 ταπλαγεὲς,
2531 3845 2822 3918 ὑπέρχεται
2870 3843 2960 3897 καὶ
3015 3844 3172 3903 οὗτος
3229 3843 3292 3897 τὸ
3352 3843 3635 3915 βάπτισμα
3696 3838 3790 3893 σὺν

2153 3938 2221 4006 τῇ
2254 3933 2425 4008 λοιπῇ
2459 3934 2757 4006 Σαμαρείᾳ,
2788 3934 2876 3987 καὶ
2912 3932 3077 4011 μέχρι
3111 3930 3281 4006 λόγου
3311 3932 3411 3999 τὴν
3443 3931 3519 3991 εἰς
3553 3929 3791 4002 Χριστὸν

2156 4022 2334 4077 πίστιν
2389 4021 2844 4094 καθυπεκρίνετο·
2886 4023 2914 4075 ’ὀ
2972 4020 3061 4074 καὶ
3120 4022 3171 4074 οἱ
3226 4022 3326 4089 τὴν
3377 4018 3614 4092 μυσαρᾶν
3663 4017 3794 4071 ἐκεί-

2154 4133 2249 4166 νου
2300 4108 2669 4182 διαδεξάμενοι
2717 4108 2924 4183 αῗρεσιν
2982 4110 3309 4182 πράττοντες
3356 4110 3514 4176 ἦσαν,
3563 4111 3631 4178 τῇ
3689 4109 3794 4159 τοῦ

2156 4204 2302 4277 σφῶν
2367 4200 2710 4271 προπάτορος
2772 4195 2983 4269 μεθόδῳ
3037 4204 3136 4265 τῆς
3195 4198 3355 4251 νόσου
3416 4192 3795 4268 μεταδιδόντες

2156 4290 2245 4345 τὸν
2306 4288 2358 4343 ἰν
2418 4286 2643 4348 ἐκείνοις
2703 4287 3139 4362 ἐγκεκρυμμένον
3197 4285 3316 4340 ἱόν·
3350 4286 3425 4346 ὡς
3476 4284 3536 4338 ἃν
3567 4284 3680 4337 οἷοί
3731 4303 3795 4337 τε

2155 4376 2303 4438 ὄντες
2361 4383 2478 4438 τοίς
2538 4373 2884 4450 δεχομένοις,
2914 4375 3010 4430 κᾶν
3066 4375 3251 4429 ὁποῖοί
3305 4395 3447 4435 τινες
3496 4373 3639 4433 ὄντες
3691 4373 3795 4439 τὴν

2161 4466 2493 4540 μοχθηρίαν,
2545 4463 2595 4525 ἒς
2652 4465 2867 4538 ὕστερον
2925 4464 3165 4528 ἁλόντες,
3224 4464 3546 4533 ἀπώσθησαν
3608 4463 3795 4535 ὥσπερ

404 4565 947 4621 communicantes:
990 4565 1090 4637 qui
1142 4575 1327 4621 tamen
1377 4574 1594 4638 postea,
1645 4581 1771 4621 cum
1825 4567 2040 4620 malitia

2164 4554 2242 4609 ›ῦν
2304 4557 2391 4609 καὶ
2452 4557 2638 4627 Σίμων
2674 4554 2850 4621 αὐτὸς,
2883 4555 3016 4625 πρὸς
3062 4557 3159 4608 τοῦ
3208 4552 3355 4606 θείου
3385 4551 3791 4628 καταφωραθείς

405 4654 871 4727 perversitasque
927 4671 1125 4711 eorum
1184 4655 1546 4728 deprehensa
1614 4663 1785 4724 esset,
1841 4657 2043 4709 merito

401 4747 542 4799 sunt
591 4743 807 4815 rejecti.
842 4744 1336 4809 Quemadmodum
1380 4750 1436 4799 et
1477 4746 1676 4802 Simon
1710 4747 1819 4801 iste
1851 4762 1882 4799 a
1914 4745 2043 4798 divo

403 4832 589 4899 Petro,
620 4833 720 4904 qui
771 4833 1133 4904 impositioue
1177 4851 1454 4890 manuum
1496 4834 1776 4906 Spiritum
1826 4835 2041 4888 contri-

404 4919 632 4987 buebat,
683 4923 992 4977 manifesto
1041 4921 1440 4995 deprehensus
1488 4928 1574 4978 est
1623 4923 1869 4993 gratiam
1915 4938 2043 4975 eam

400 5008 661 5065 venalem
694 5026 818 5066 esse
865 5012 1134 5067 arbitrari
1170 5028 1183 5067 :
1217 5029 1399 5084 eoque
1449 5014 1705 5075 nomine,
1736 5021 1794 5066 ut
1828 5010 2046 5065 nullius

405 5101 490 5159 rei
521 5099 692 5156 homo
725 5101 1067 5173 reprobatus
1097 5110 1271 5171 atque
1302 5101 1568 5172 repulsus
1597 5111 1703 5157 est.
1728 5101 1927 5170 Itaque
1952 5096 2048 5152 ille

406 5190 774 5247 emulalione
832 5190 1083 5260 percitus
1139 5195 1337 5246 contra
1384 5189 1677 5261 apostolos
1731 5201 2051 5258 eorumque

405 5278 729 5336 doctrinam
783 5293 845 5332 se
894 5278 1157 5333 armavit.
1209 5279 1407 5342 Porro,
1437 5293 1571 5332 cum
1622 5276 1820 5330 divina
1845 5273 2048 5346 praedi-

404 5366 554 5421 catio
584 5366 772 5422 instar
799 5365 1050 5422 incendii
1088 5381 1191 5439 per
1219 5382 1450 5423 omnem
1476 5366 1602 5435 jam
1643 5369 1901 5437 serperet
1931 5369 2048 5419 ter-

406 5469 551 5519 ram,
584 5453 901 5522 Candaces,
933 5465 1166 5525 satrapa
1212 5455 1543 5525 EthiOpum
1591 5455 1800 5526 regina:
1839 5453 2051 5524 (patrio

2154 4646 2381 4718 Πέτρου,
2413 4648 2480 4716 τῇ
2506 4647 2612 4697 τῶν
2643 4647 2846 4720 χειρῶν
2894 4640 3125 4695 ὲπιθέσει
3162 4643 3227 4695 τὸ
3271 4645 3491 4713 Πνεῦμα
3533 4641 3795 4715 κατάγον-

2152 4755 2269 4803 τος,
2310 4728 2467 4787 ὤνιον
2525 4731 2830 4805 χρημάτων
2887 4732 2986 4798 τήν
3046 4730 3208 4804 χάριν
3268 4729 3601 4804 ἡγούμενος,
3643 4731 3794 4799 ἀπη-

2156 4822 2359 4897 λέγχθη
2420 4818 2588 4895 μηδὲν
2649 4817 2762 4873 ὥν·
2802 4820 3082 4873 κάντεῦθεν
3142 4816 3297 4889 ζήλῳ
3351 4819 3610 4891 πρωθεὶς,
3657 4818 3793 4871 κατά

2153 4932 2210 4966 τε
2264 4916 2373 4965 τῶν
2433 4907 2753 4964 ἀποστόλων
2803 4909 2889 4961 καὶ
2939 4912 3039 4961 τοῦ
3089 4904 3359 4982 δόγματος
3389 4905 3792 4975 καθωπλίζετο.

2154 5005 2257 5056 Τοῦ
2313 4998 2370 5054 δὲ
2426 5001 2573 5054 θείου
2631 4999 2982 5071 κηρύγματος
3039 4996 3208 5067 πυρὸς
3268 4994 3425 5064 δίκην
3483 4995 3578 5049 ἀνά
3625 5001 3799 5050 πᾶσαν

2156 5086 2264 5159 ἤδη
2296 5090 2396 5156 τὴν
2435 5091 2535 5163 γῆν
2583 5085 2867 5160 ἵρποντος,
2902 5082 3183 5153 Κανδάκης
3241 5085 3269 5138 ὁ
3314 5090 3416 5153 τῆς
3469 5084 3799 5158 βασιλίσσης

2159 5180 2436 5236 Αἰθιόπων
2496 5175 2762 5245 δυνάστης
2789 5195 2802 5208 ·
2834 5175 2970 5229 κατά
3022 5195 3074 5228 τι
3132 5175 3237 5248 γὰρ
3276 5176 3503 5247 πάτριον
3544 5173 3665 5235 ἔθος
3694 5174 3800 5228 ὑπὸ

2156 5270 2405 5345 γυναικὸς
2464 5268 2527 5321 τὸ
2575 5260 2726 5325 ἔθνος
2776 5259 3157 5318 ἐϐασιλεύετο·
3189 5263 3307 5333 θείᾳ
3352 5263 3458 5316 τινί
3509 5262 3804 5336 οἰκονομίᾳ

2161 5359 2383 5431 ἀπαρχὴ
2424 5360 2532 5411 τῶν
2584 5353 2635 5424 ἐξ
2686 5352 2849 5408 ἐθνῶν
2897 5350 3234 5424 προσιόντων
3286 5355 3506 5425 Χριστῷ
3552 5352 3796 5425 γίνεται·

2162 5446 2231 5502 δι’
2262 5445 2571 5524 ἐπιφανείας
2628 5445 2731 5518 γάρ
2791 5439 3057 5512 Φιλίππῳ
3113 5442 3210 5509 τὴν
3259 5436 3383 5494 ὁδὸν
3417 5438 3607 5495 διιόντι
3639 5460 3803 5515 προσι

487 5579 940 5664 (1).Οωηρε.ςιυξ
979 5600 1208 5664 quoque
1259 5584 1430 5640 modo
1480 5584 1813 5664 adulterant
1857 5582 2180 5647 veritatem,
2209 5584 2265 5635 et
2314 5576 2665 5648 preconium
2714 5572 2983 5630 Ecclesia
3028 5573 3249 5630 ludunt
3302 5571 3560 5631 Simonis
3589 5573 3795 5634 Sama-

407 5651 583 5713 ritaui
611 5651 766 5725 magi
796 5651 1069 5726 discipuli
1100 5651 1157 5712 et
1181 5671 1544 5715 successores
1574 5662 1730 5713 sunt.
