4070 6274
225 442 363 504 ’769

1262 437 1886 517 ΕΟΟΕΕΞΙΑΞΤΙΩᾹΞ
1927 438 2323 501 HISTORIA?
2370 438 2508 502 LIB.
2557 441 2636 502 Ιῐ.

3535 444 3652 504 770

227 572 576 646 κολληθεὶς,
609 573 699 629 καὶ
749 571 838 629 διά
898 577 1022 647 μιᾶς
1082 573 1291 648 ῥήσεως
1340 573 1562 628 Ἦσαῖου
1611 575 1707 627 τοῦ
1757 592 1890 648 προ-

2017 574 2223 645 quippe
2252 590 2407 630 more
2437 589 2580 644 gens
2611 589 2677 629 ea
2709 592 2742 630 a
2787 575 3027 632 muliere
3074 577 3426 648 regebatur),
3459 577 3657 634 divina

230 665 430 738 φήτου
459 665 525 720 τὰ
565 661 726 740 ὄργια
772 667 873 718 τοῦ
920 663 1038 717 καθ’
1086 664 1231 734 ἡμᾶς
1283 660 1451 734 λόγου
1504 661 1753 735 μυηθεὶς,
1802 662 1889 716 καὶ

229 753 298 808 τὸ
345 753 641 826 βάπτισμα
699 749 1094 825 εἰσδεξάμενος,
1155 751 1268 806 έπεὶ
1325 750 1461 824 πρὸς
1521 753 1620 820 τὴν
1666 751 1893 824 πάτριον

232 848 345 918 γῆν
386 839 760 911 έπαλινόστει,
809 846 932 904 τοῖς
968 839 1020 895 ἒν
1071 840 1329 910 Αἰθιοπίᾳ
1371 843 1588 913 πρῶτος
1627 840 1727 908 τήν
1763 837 1900 893 κατά

229 932 329 987 τὸν
387 931 524 986 Θεόν
571 951 630 986 τε
675 931 763 985 καὶ
813 932 906 986 τὸν
956 935 1192 1004 Σωτῆρα
1237 933 1432 1004 γνῶσιν
1485 925 1898 1004 εὐηγγελίζετο,

233 1022 487 1076 Κάκεῖνο
516 1021 578 1074 τὸ
606 1026 706 1089 τῆς
738 1020 1072 1095 προφητείας
1101 1016 1248 1092 ἔργῳ
1301 1014 1531 1091 πληρῶν
1583 1015 1650 1085 ἧν
1698 1013 1767 1070 δι’
1800 1015 1899 1070 αῦ-

233 1108 364 1178 τοῦ,
400 1109 492 1179 τὸ,
533 1109 854 1166 Αἰθιοπία
897 1109 1269 1184 προφθάσει
1317 1110 1513 1180 χεῖρα
1561 1104 1763 1173 αὐτῆς
1811 1107 1901 1175 τῷ

241 1204 283 1252 Θ
300 1219 324 1252 ε
342 1203 392 1270 ᾦ
415 1217 428 1229 °
461 1199 548 1254 ἐπὶ
578 1197 796 1259 τούτοις
817 1199 884 1252 τά
913 1198 1050 1251 κατά
1066 1198 1154 1250 τὸν
1181 1195 1418 1260 Παῦλον,
1451 1195 1527 1254 ὡς
1552 1194 1744 1268 μικρὸν
1766 1193 1899 1246 ἄνω-

239 1288 331 1342 θεν
365 1281 723 1359 διελάϐομεν,
753 1284 1010 1340 ἐτελεῖτο.
1039 1285 1242 1359 Πέτρος
1267 1280 1324 1337 δὲ
1345 1283 1421 1345 εἷς
1453 1278 1658 1336 Λύδδαν
1691 1281 1782 1334 καὶ
1811 1281 1904 1334 τὸν

241 1375 579 1450 Ἀσσάρωνα
631 1375 787 1444 ἥκει·
839 1375 929 1428 καὶ
977 1374 1184 1448 ῥήματι
1230 1373 1322 1426 τὸν
1362 1369 1658 1438 κλινοπετῆ
1712 1368 1902 1424 Αἰνέαν

243 1463 338 1520 ἐπὶ
403 1462 502 1532 λη’
559 1460 727 1518 ἔτεσιν
781 1463 1004 1534 έξιᾶσαι.
1065 1463 1149 1517 ’Ev
1213 1460 1269 1514 δὲ
1323 1456 1517 1533 Ἰόππῃ
1593 1458 1902 1530 γινόμενος,

245 1555 624 1627 περιστάντων
691 1552 856 1606 αὐτὸν
916 1552 1163 1620 πενήτων
1228 1570 1288 1604 τε
1352 1549 1441 1602 καὶ
1517 1547 1638 1602 ὅσαι
1706 1545 1904 1620 χηρείᾳ

248 1642 522 1712 συνέζων,
591 1642 723 1716 ὑπερ
787 1641 889 1709 τῆς
951 1638 1215 1708 θανούσης
1306 1637 1544 1692 ἱκέτευον
1626 1632 1903 1706 Τὰὄηθᾶς,

246 1731 455 1805 ἱμάτια
503 1731 592 1785 καὶ
649 1727 776 1786 ἀλλ’
827 1727 959 1785 ἅττα
1007 1727 1105 1782 ὅσα
1151 1747 1213 1802 γε
1263 1725 1320 1780 εὖ
1371 1730 1605 1780 ποιοῦσα
1634 1727 1668 1794 ἡ
1704 1724 1906 1798 Δορκὰς

248 1819 468 1892 ἐδίδου,
509 1819 940 1892 ἐπιδεικνύμενοι
975 1839 986 1851 ·
1020 1818 1109 1873 καὶ
1157 1818 1254 1886 τήν
1308 1817 1402 1889 μὲν
1449 1818 1640 1870 θᾶττον
1669 1814 1705 1884 ἢ
1739 1814 1906 1888 λόγος

249 1909 447 1965 ἀνιστα
474 1931 488 1944 ·
518 1910 580 1964 τὸ
604 1906 659 1964 δὲ
681 1908 893 1977 πλῆθος
919 1902 1058 1962 ἀπαν
1081 1910 1162 1978 τῷ
1185 1907 1444 1981 σωτηρίῳ
1469 1904 1640 1978 ὑπῆγε
1662 1902 1902 1977 λουτρῷ.

252 2000 498 2054 Ἐκεῖθεν
551 1999 626 2060 εἰς
669 1998 991 2072 Καισάρειαν
1047 1995 1114 2050 τά
1168 1997 1302 2050 κατά
1357 1994 1448 2048 τὸν
1505 1991 1905 2067 ἑκατοντάρχην

253 2093 570 2166 Κορνήλιον
621 2087 869 2164 ἔπραττε,
927 2089 1026 2156 τὴν
1075 2086 1134 2140 ἐκ
1190 2087 1458 2159 τεσσάρων
1509 2083 1705 2154 ὀθόνην
1754 2081 1902 2137 ἄνω-

254 2181 343 2234 θεν
401 2178 730 2252 καθιεμένην
789 2177 1064 2251 ἑωρακώς.
1117 2175 1213 2229 Καὶ
1269 2172 1407 2244 δῆτα
1463 2170 1760 2246 Κορνηλίῳ
1814 2171 1901 2225 καὶ

251 2271 374 2330 τοῖς
444 2267 569 2337 περὶ
653 2265 851 2322 ἐκεῖνον
929 2263 1362 2338 διομιλουμένῳ,
1447 2262 1639 2336 ἀθρόον
1707 2263 1742 2330 ἡ
1806 2264 1904 2314 τοῦ

261 2355 583 2429 Πννύματος
629 2355 794 2431 χάρις
843 2353 1142 2432 έφίπτατο·
1191 2353 1282 2408 καὶ
1329 2357 1399 2426 τῇ
1472 2355 1580 2406 τῶν
1643 2349 1906 2426 γλωσσῶν

258 2444 516 2516 ποικιλίᾳ
564 2446 600 2513 ἡ
657 2444 823 2518 χάρις
879 2439 1162 2518 ἀριδήλως
1220 2439 1489 2520 ἐφαίνετο,
1563 2439 1783 2495 Τούτων
1859 2435 1906 2492 δ’

265 2532 410 2590 οὕτω
453 2534 600 2608 παρὰ
651 2530 808 2603 δόξαν
847 2531 1240 2608 γεγενημένων,
1288 2529 1376 2585 καὶ
1418 2532 1481 2584 τὸ
1527 2527 1615 2584 διά
1649 2531 1747 2583 τοῦ
1777 2526 1906 2582 ὕδα-

264 2643 360 2686 τος
401 2625 544 2678 θεῖον
576 2621 868 2692 ἠκολούθει
905 2620 1135 2696 λουτρόν
1166 2639 1180 2652 ·
1229 2619 1326 2675 κᾶν
1377 2620 1430 2672 o't
1476 2619 1535 2673 ἐκ
1579 2624 1905 2691 περιτομῆς,

277 2711 356 2784 μὴ
404 2713 503 2780 τήν
553 2710 713 2786 χάριν
760 2711 1049 2780 συνιέντες,
1099 2709 1150 2763 έν
1228 2707 1642 2782 Ἰεροσολύμοις
1717 2707 1906 2782 Πέτρῳ

277 2797 750 2871 παλινοστήσαντι,
801 2804 1111 2874 περιοργεῖς
1187 2798 1342 2868 ἦσαν,
1401 2797 1547 2852 ἀλῶν
1621 2797 1712 2852 καὶ
1796 2818 1906 2869 μυ⁴

285 2887 518 2964 στηρίων
599 2887 1022 2958 κεκοινωνηκότι
1107 2885 1324 2962 ἀνδράσι
1418 2881 1911 2960 περιϐεϐλημένοις

278 2973 634 3053 ἀκροϐυστίαν
687 2999 698 3012 ’
758 2981 840 3040 οἷς
893 2979 1122 3051 μαθοῦσι
1175 2979 1274 3046 τήν
1349 2979 1560 3051 πρᾶξιν,
1618 2976 1911 3050 ἡσυχάζειν

275 3067 361 3138 ἦν,
411 3066 886 3142 ἐκπεπληγμένοις
931 3069 1005 3128 ὼς
1052 3065 1154 3139 ἄρα
1200 3087 1260 3142 γε
1313 3067 1441 3129 Θεὸς
1475 3065 1564 3120 καὶ
1596 3071 1709 3128 τοῖς
1739 3064 1910 3120 ἔθνεσι

273 3156 374 3225 τήν
408 3157 689 3228 μετάνοιαν
739 3149 936 3209 ἔδωκεν
971 3155 1046 3216 εἰς
1101 3155 1269 3223 ζωήν.
1305 3152 1373 3209 Ο’ί
1419 3174 1480 3230 γε
1533 3154 1639 3227 μὴν
1691 3151 1913 3207 διασπα-

277 3243 452 3317 ρέντες
483 3239 535 3298 ἕν
565 3263 624 3298 τε
673 3241 906 3316 Φοινίκῃ
943 3241 1033 3296 καὶ
1092 3241 1290 3314 Κύπρῳ
1320 3241 1408 3295 καὶ
1441 3241 1772 3320 Ἀντιοχείᾳ,
1809 3243 1910 3314 μό-

2004 661 2412 734 dispositione,
2445 663 2713 733 primitiae
2737 679 2804 719 ex
2831 663 3103 735 gentibus
3124 665 3182 720 in
3211 666 3502 722 Christum
3533 682 3656 724 cre-

2008 750 2282 807 dentibus
2314 752 2397 806 fit.
2433 752 2572 809 Cum
2615 753 2768 807 enim
2827 753 2884 808 in
2937 752 3267 826 Philippum
3310 757 3418 812 iter
3455 773 3523 812 ex
3567 756 3654 812 vi-

2007 838 2170 892 sione
2228 839 2529 894 facientem
2585 838 2900 904 incidisset,
2949 845 3007 895 et
3065 857 3164 910 per
3204 841 3441 897 unicum
3493 843 3654 898 Isaia

2008 926 2300 998 prophetae.
2332 927 2654 994 oraculum,
2697 931 2923 984 arcanis
2969 946 3268 986 sacrorum
3320 937 3654 988 nostrorum

2011 1015 2302 1088 mysteriis
2347 1016 2418 1071 ab
2467 1033 2532 1072 eo
2576 1016 2843 1073 initiatus
2875 1023 2934 1073 et
2975 1019 3303 1090 baptizatus
3337 1021 3564 1088 fuisset,
3598 1019 3657 1076 in

2010 1103 2255 1176 patriam
2305 1104 2431 1176 ipse
2479 1121 2646 1161 suam
2699 1122 2983 1175 reversus,
3017 1109 3245 1179 primus
3279 1109 3335 1162 in
3369 1108 3660 1180 Ethiopia

2011 1193 2350 1249 horninibus
2400 1194 2498 1249 Dei
2550 1194 2981 1268 Servatorisque
3035 1197 3212 1253 nostri
3263 1200 3659 1269 cognitionem

2011 1282 2138 1337 lelo
2171 1283 2367 1339 attulit
2398 1285 2625 1344 nuntio.
2661 1285 2764 1341 Per
2793 1303 2960 1356 quem
2988 1289 3294 1360 prophetia
3326 1289 3422 1346 illa
3469 1293 3660 1363 reipsa

2010 1376 2100 1425 est
2129 1369 2490 1441 adimpleta:
2542 1371 2819 1446 Ethiopia
2861 1379 3161 1445 pransum
3219 1395 3449 1434 manum
3501 1396 3658 1436 suam

2017 1460 2116 1513 Deo
2145 1458 2244 1531 (t).
2277 1461 2465 1531 Atque
2493 1461 2550 1517 in
2583 1461 2655 1517 iis
2687 1463 2921 1533 quidem
2956 1481 3044 1521 res
3087 1465 3271 1536 Pauli,
3304 1483 3454 1538 quas
3485 1468 3661 1540 paulo

2015 1555 2148 1604 ante
2200 1549 2668 1618 perstrinximus,
2719 1553 3130 1610 consistebant.
3183 1555 3387 1612 Petrus
3441 1565 3658 1624 autem,

2014 1636 2273 1708 Lyddam
2307 1643 2366 1693 et
2403 1641 2750 1696 Assaronem
2807 1641 3064 1708 veniens,
3125 1647 3364 1700 JEneam
3423 1646 3664 1718 triginta

2015 1730 2142 1780 octo
2172 1743 2356 1783 annos
2387 1725 2533 1783 lecto
2563 1728 2798 1785 at‘fixum
2832 1731 3004 1787 verbo
3048 1732 3171 1788 solo
3202 1743 3367 1790 sanat
3397 1751 3463 1790 ac
3494 1737 3664 1790 resti-

2015 1815 2124 1870 tuit
2174 1815 2373 1888 Joppaa
2422 1821 2617 1873 autem
2657 1834 2790 1874 cum
2841 1826 3014 1886 esset,
3065 1837 3315 1893 cumque
3358 1823 3560 1896 inopes
3605 1829 3662 1882 et

2014 1901 2199 1958 viduas
2229 1903 2696 1974 circumstantes,
2730 1924 2831 1977 pre
2869 1909 3141 1966 defuncta
3169 1910 3438 1979 Tabitha,
3474 1918 3660 1970 vestes

2015 1991 2276 2064 aliasque
2306 2009 2420 2061 res,
2451 2009 2596 2065 quas
2647 1995 2729 2052 eis
2759 2000 2988 2066 Dorcas,
3040 2014 3142 2070 pro
3193 2015 3260 2056 eo
3291 2005 3462 2071 atque
3483 2001 3656 2057 debe-

2016 2082 2130 2148 bat,
2177 2082 2434 2150 dederat,
2475 2085 2843 2141 ostendentes
2897 2087 3336 2159 supplicarent:
3384 2091 3538 2148 dicto
3575 2092 3662 2148 ci-

2012 2170 2148 2239 tius,
2180 2169 2340 2227 illam
2381 2171 2610 2244 quidem
2651 2177 2975 2247 resuscitat,
3002 2178 3436 2236 multitudinem
3463 2185 3659 2238 autem

2013 2275 2142 2314 eam
2175 2275 2410 2316 omnem
2451 2277 2617 2318 sacro
2670 2262 2862 2320 initiat
2919 2263 3166 2322 lavacro.
3226 2266 3390 2325 I4.
3449 2268 3667 2327 Deinde

2014 2347 2284 2406 Cesareas
2323 2350 2649 2406 centurioni
2693 2350 2957 2409 Cornelio
3006 2353 3261 2412 officium
3310 2373 3484 2414 suum
3517 2373 3664 2430 prat-

2015 2439 2151 2504 stat,
2183 2452 2317 2492 cum
2348 2435 2592 2494 linteum
2623 2436 2768 2495 illud
2795 2456 2829 2496 a
2850 2444 3096 2510 quatuor
3126 2443 3387 2514 partibus
3415 2460 3665 2517 superne

2015 2527 2334 2584 demissum
2391 2527 2650 2584 vidisset.
2711 2529 2792 2584 Ita
2837 2529 3122 2594 Cornelio.
3171 2537 3229 2590 et
3273 2535 3370 2605 qui
3417 2551 3552 2592 cum
3593 2551 3660 2593 eo

2018 2621 2204 2686 erant,
2237 2632 2336 2686 per
2365 2617 2688 2674 doctrinam
2721 2617 2967 2675 initiatis
3000 2621 3294 2692 omnibus,
3327 2624 3512 2695 gratia
3541 2624 3669 2697 Spi.

2017 2705 2166 2762 ritus
2222 2707 2405 2763 sancti
2461 2708 2813 2780 supervenit,
2862 2716 2920 2766 et
2991 2711 3330 2784 linguarum
3387 2717 3662 2774 varietate

2017 2796 2205 2867 gratia
2243 2811 2310 2852 ea
2357 2797 2663 2853 manifesto
2715 2803 2953 2870 apparet
2979 2816 2992 2856 :
3023 2801 3239 2872 quibus
3267 2803 3341 2858 ab
3372 2820 3505 2861 eum
3535 2822 3664 2862 mo-

2019 2885 2157 2940 dum
2219 2885 2460 2941 mirifice
2517 2885 2788 2958 peractis,
2847 2887 3106 2945 divinum
3157 2891 3367 2948 deinde
3423 2892 3508 2948 illi
3568 2910 3670 2966 per

2019 2989 2234 3046 aquam
2293 2979 2728 3046 consequuntur
2783 2977 3100 3034 lavacrum.
3144 2979 3448 3037 Enimvero
3505 2981 3670 3039 Petro

2019 3062 2352 3132 revertenti,
2423 3065 2518 3134 qui
2581 3063 2998 3138 Hierosolymis
3080 3083 3150 3123 ex
3223 3068 3670 3128 circumcisione

2021 3155 2204 3221 erant,
2235 3151 2479 3222 gratiam
2503 3153 2691 3223 ipsam
2727 3169 2840 3209 non
2865 3155 3007 3210 satis
3040 3155 3454 3229 intelligentes,
3489 3159 3667 3217 maxi-

2025 3255 2256 3310 mopere
2295 3241 2732 3308 suscensebant,
2783 3244 2935 3312 quod
2969 3243 3150 3300 salem
3181 3262 3247 3302 ac
3280 3263 3535 3305 mensam
3567 3265 3666 3306 ar-

271 3353 384 3396 νοις
433 3331 724 3395 Ἰουδαίοις
774 3331 1068 3406 ἐκήρυττον
1110 3331 1175 3384 τά
1223 3333 1322 3395 τῆς
1361 3330 1590 3392 πίστεως
1624 3349 1636 3360 ·
1673 3331 1907 3405 Κύπριοι

2024 3344 2284 3400 canaque
2317 3328 2585 3400 mysteria
2622 3329 2759 3384 viris
2794 3331 3072 3402 praeputio
3104 3333 3372 3390 obductis
3402 3351 3668 3392 commu-

273 3419 330 3476 δέ
375 3443 520 3482 τινες
579 3421 670 3476 καὶ
731 3425 1026 3494 Κυρηναῖοι
1096 3418 1148 3473 έν
1223 3418 1534 3494 Ἀντιοχείᾳ
1609 3419 1911 3494 γενόμενοι,

275 3512 460 3587 χειρὸς
494 3509 672 3564 αὐτῶν
715 3508 860 3570 θείας
909 3501 1469 3580 ἀντιλαμϐανομένης,
1502 3505 1646 3561 πολύ
1676 3528 1725 3560 τι
1767 3505 1913 3575 πλῆ-

275 3600 367 3661 θος
414 3596 785 3668 Ἑλληνιστῶν
843 3597 935 3652 καὶ
984 3597 1218 3670 ἀριθμοῦ
1265 3601 1506 3670 κρεῖττον
1536 3597 1804 3672 ἠγάγοντο
1837 3612 1851 3628 ⁸
1884 3596 1914 3649 ’ὀ

274 3690 343 3760 τῇ
389 3688 442 3741 ἐν
489 3685 854 3761 Ἰερουσαλὴμ
897 3685 1197 3756 Ἐκκλησία
1222 3681 1394 3754 δῆλον
1426 3684 1738 3757 γενόμενον,
1773 3687 1912 3758 Βαρ-

274 3769 436 3828 νάϐαν
500 3773 744 3828 στέλλειν
792 3771 925 3847 ἄχρι
975 3770 1041 3840 δὴ
1075 3771 1161 3827 καὶ
1206 3771 1546 3846 Ἀντιοχείας
1575 3768 1822 3846 ἤπειγεν,
1855 3771 1914 3832 ’ὀς

281 3858 345 3930 δὴ
379 3863 606 3936 χάριτος
645 3861 789 3924 θείας
831 3857 1108 3933 ἔμπλεως,
1141 3861 1226 3929 ἧν.
1256 3862 1362 3916 Καῖ
1407 3857 1473 3930 δὴ
1508 3859 1566 3914 ἐκ
1593 3864 1796 3935 Ταρσοῦ
1825 3861 1916 3914 τὸν

283 3953 494 4007 Παῦλον
546 3951 903 4020 ἀναζητήσας,
949 3951 1113 4027 ἄμφω
1161 3952 1230 4022 τῇ
1281 3948 1589 4026 ’Δντιοχείᾳ
1635 3944 1918 4020 προσϐάλ-

279 4038 466 4096 λουσιν
503 4059 516 4072 ο
553 4039 748 4112 ἄπειρά
801 4058 858 4093 τε
908 4040 1253 4114 προσήγαγον
1309 4059 1390 4110 τῳ
1449 4041 1663 4113 Χριστῷ
1700 4036 1916 4108 πλήθη,

279 4127 359 4184 ἐπ’
417 4131 666 4186 ἐνιαυτοῦ
719 4129 816 4190 τὰς
876 4125 1234 4189 διδασκαλίας
1287 4126 1605 4201 ποιούμενοι
1641 4146 1655 4161 '
1705 4129 1920 4182 κάκεῖσε

279 4219 400 4280 τοὺς
459 4215 704 4293 μαθητὰς
763 4214 1120 4290 Χριστιανοὺς
1184 4213 1468 4270 καλεῖσθαι
1530 4216 1763 4290 πρώτως
1830 4218 1922 4270 θε-

281 4306 550 4377 σπίζουσι.
583 4307 686 4363 Καὶ
735 4299 973 4381 ’Ἄγαϐος
1023 4305 1118 4377 μὲν
1151 4305 1232 4366 εἷς
1270 4307 1376 4358 τῶν
1427 4303 1690 4358 συνόντων
1734 4303 1919 4367 αὖτοῖς

277 4401 579 4474 προφητῶν
635 4397 727 4448 τὸν
787 4391 1042 4466 ἔσὸμενον
1101 4391 1268 4466 λιμὸν
1317 4395 1648 4466 προεμήνυε.
1704 4392 1920 4456 Παῦλος

282 4479 338 4538 δὶ
365 4485 429 4540 αῦ
461 4483 551 4540 καὶ
585 4478 844 4560 βαρνῖϐας
883 4485 952 4556 τῇ
999 4485 1109 4537 τῶν
1149 4479 1399 4557 ἀδελφῶν
1433 4478 1674 4552 διακονίᾳ
1722 4479 1919 4553 ἐξυπη-

283 4577 640 4646 ρετησόμενοι
709 4569 797 4626 διά
838 4571 933 4626 τὸν
1000 4569 1410 4642 εἰσκωμάσαντα
1459 4567 1626 4643 λιμὺν
1683 4571 1918 4626 ἅπαντας

285 4666 387 4740 χοῦ
416 4657 857 4737 παρεπέμποντο.

2023 3417 2292 3474 nicasset.
2326 3418 2431 3483 Qui
2465 3434 2598 3473 sane
2641 3433 2759 3474 rem
2791 3434 2920 3475 eam
2954 3421 3139 3478 edocti
3163 3423 3359 3478 statim
3391 3426 3674 3496 conquie-

2021 3522 2172 3572 vere,
2205 3505 2416 3561 animis
2440 3522 2640 3561 eorum
2665 3507 3046 3564 admiratione
3069 3513 3480 3578 consternatis,
3513 3513 3670 3584 quod

2023 3593 2176 3650 Deus
2197 3594 2369 3649 etiam
2394 3595 2668 3665 gentibus
2692 3596 3090 3665 pmnitentiam
3115 3601 3468 3655 concesserit
3493 3603 3561 3656 ad
3587 3601 3671 3656 vi-

2024 3685 2166 3738 tam.
2198 3683 2304 3749 Qui
2337 3698 2468 3738 vero
2499 3683 2715 3754 passim
2768 3685 3007 3752 dispersi
3057 3693 3222 3742 erant
3259 3687 3317 3742 in
3348 3688 3667 3756 thuicia,

2021 3772 2079 3828 et
2107 3768 2311 3842 Cypro,
2343 3775 2398 3824 et
2446 3769 2771 3841 Antiochia,
2825 3771 2994 3826 fidem
3037 3773 3177 3830 solis
3204 3773 3426 3830 Judais
3453 3776 3662 3847 pradi-

2023 3857 2254 3914 cabant.
2288 3857 2479 3930 Cyprii
2524 3864 2714 3913 tamen
2758 3860 3016 3930 quidam,
3056 3866 3112 3917 et
3153 3862 3427 3934 Cyrenai,
3460 3865 3665 3923 Antio-

2024 3948 2187 4013 chie,
2232 3945 2427 4001 divina
2481 3946 2566 4002 eis
2620 3946 2943 4019 opitulante
2983 3965 3184 4016 manu,
3235 3953 3672 4012 multitudinem

2025 4034 2317 4108 ingentem
2377 4051 2443 4090 ex
2503 4034 2835 4091 Hellenistis
2895 4053 3254 4110 numeroque
3311 4042 3675 4112 superiorem

2025 4124 2097 4181 ad
2132 4125 2307 4180 ﬁdem
2341 4124 2723 4181 adduxerant.
2757 4126 2918 4191 Quod
2963 4142 3101 4182 cum
3133 4129 3385 4186 Ecclesia
3415 4129 3676 4190 Hierose-

2029 4214 2324 4288 lymitanas
2369 4215 2741 4282 innotuissct,
2784 4215 3108 4272 Barnabam
3139 4217 3510 4276 Antiochiam
3544 4221 3677 4279 mit-

2030 4307 2149 4360 tere
2208 4311 2512 4375 properat:
2573 4303 2670 4375 qui
2728 4320 2868 4360 sane
2931 4305 3124 4362 diviua
3175 4307 3424 4364 refertus
3482 4311 3684 4380 gratia,

2030 4392 2300 4448 Tarsensi
2361 4391 2682 4464 conquisite
2731 4392 2928 4462 Paulo,
2991 4411 3122 4452 cum
3189 4411 3256 4452 eo
3315 4398 3682 4456 Antiochiam

2031 4481 2436 4554 proficiscitur.
2484 4483 2668 4552 Atque
2709 4481 2792 4538 ibi
2831 4500 2982 4538 anno
3012 4487 3130 4540 toto
3169 4485 3466 4553 docentes,
3501 4487 3684 4543 innu-

2034 4569 2369 4626 merabilem
2401 4570 2470 4624 ad
2503 4570 2800 4626 Christum
2843 4572 3188 4643 pertrahunt
3217 4573 3684 4642 multitudinem,

1961 4648 2005 4711 D
2038 4661 2234 4733 ibique
2281 4661 2534 4733 primum
2588 4661 2904 4734 discipulos
2943 4664 3302 4721 Christianos
3359 4664 3550 4722 vocari
3581 4665 3686 4722 de-

287 4761 417 4819 bere
441 4762 733 4820 sanciunt.
765 4761 1035 4818 Sedenim
1067 4760 1322 4832 Agabus,
1365 4775 1516 4816 unus
1553 4775 1622 4815 ex
1672 4759 1761 4816 bis
1820 4761 1918 4830 qui
1972 4776 2104 4816 cum
2149 4761 2236 4816 eis
2283 4765 2450 4816 erant
2497 4761 2816 4833 prophetis,
2870 4762 3062 4819 famen
3111 4762 3366 4819 futuram
3399 4763 3681 4835 predicit.

289 4849 506 4909 Paulus
562 4867 732 4923 porro
787 4854 846 4906 et
893 4849 1183 4906 Barnabas
1241 4850 1481 4905 fratrum
1533 4849 1856 4905 ministerio
1905 4849 2314 4918 subservituri,
2365 4854 2599 4922 propter
2649 4851 2860 4906 famem
2910 4851 3301 4922 ingruentem,
3345 4852 3566 4924 passim
3623 4853 3685 4909 in

290 4939 408 4998 loca
440 4942 641 4998 omnia
667 4941 996 4996 mittuntur.

299 5204 310 5217 .
362 5137 440 5210 (1)
470 5138 750 5217 λῌιλὶορὶα
775 5139 1296 5217 ρνκτέσπὶειιςηιιπιιε
1323 5137 1443 5208 ejus
1471 5137 1600 5217 ρεο,
1632 5136 1740 5193 hoc
1789 5139 1896 5204 est,
1924 5135 2028 5192 filii
2069 5136 2368 5208 Ethiopian
2421 5142 2658 5194 current
2705 5140 2776 5194 ad
2823 5139 3262 5211 espaudendum
3311 5156 3522 5196 manus
3550 5156 3692 5198 suas

297 5208 352 5260 in
372 5208 870 5266 'oratione'coram
902 5208 1036 5264 Deo.
1069 5210 1243 5280 (Psal.
1278 5224 1450 5276 vau,
1489 5210 1603 5277 32.)
