4070 6274
1571 411 1573 413 ’
1668 397 2086 462 NICEPHOBI
2129 397 2489 459 CALLISTI

883 535 1046 593 148
1091 535 1325 592 CAPUT
1363 534 1482 590 VII.
2048 531 2104 598 Α

377 646 454 699 Εη
520 661 602 700 uae
631 645 705 700 ab
737 643 971 713 Abgaro,
1004 643 1059 698 in
1091 647 1310 700 civitate
1348 643 1568 711 Edessa,
1598 659 1695 714 per
1715 646 2018 713 apostolum

451 661 776 770 Tﬁaddaeum
820 721 950 770 sunt
1005 725 1123 770 acta
1147 733 1166 769 :
1213 725 1264 770 et
1311 715 1377 770 de
1431 716 1670 770 imaaz‘ne
1711 715 2017 770 Scrutaris

451 715 776 772 Thaddwum
820 721 950 770 sunt
1005 725 1123 770 acta
1147 733 1166 769 :
1213 725 1264 772 et
1311 715 1377 770 de
1431 716 1670 786 imagine
1711 715 2017 771 Scrutaris

450 787 670 855 Christi,
700 787 856 842 nulla
889 803 1054 841 manu
1084 786 1502 852 interveniente,
1531 789 1693 858 picta.

443 892 638 964 Opere
670 893 918 964 pretium
953 895 1186 965 quoque
1225 893 1326 964 (t),
1361 897 1425 949 ut
1455 895 1692 964 sciatur,
1722 892 1864 950 illud
1906 897 2015 962 est,

374 983 526 1054 quod
577 983 895 1039 Servatoris
944 983 1125 1038 nostri
1175 983 1450 1038 divinitas
1488 987 1543 1038 et
1573 997 1811 1054 operum
1843 999 2016 1054 supra

373 1071 544 1127 ﬁdem
593 1079 644 1126 et
691 1071 1019 1142 opinionem
1070 1073 1331 1128 omnium
1377 1072 1632 1127 etl‘ectrix
1677 1072 1884 1140 virtus,
1917 1087 2018 1144 per

373 1163 587 1215 terram
647 1163 975 1216 universam
1045 1161 1367 1227 decantata,
1413 1160 1630 1216 multos
1678 1176 1901 1232 quoque
1949 1176 2017 1216 ex

374 1245 886 1320 longinquissimis
943 1249 1276 1320 regionibus
1347 1249 1666 1306 sanationis
1723 1249 2016 1306 incurabi-

374 403 482 463 77l
1211 435 1214 438 ~
1571 411 1573 413 ’
1668 400 2086 462 NICEPHORI
2129 400 2489 459 CALLISTI
3663 400 3826 458 772

2774 529 3028 582 ΚΕΦΔΛ.
3057 527 3132 584 Ζ⁸.

2129 635 2220 709 Τδε
2248 636 2368 709 ὑπὸ
2399 631 2794 709 Αὐγάρουξν
2820 630 3188 709 Ἐδέσσητῇ
3212 633 3427 709 πόλει-
3455 634 3824 708 γενόμενα

2199 703 2305 760 διὰ
2342 710 2456 760 τοῦ
2500 702 2882 778 ἀποστόλου
2933 702 3292 778 Θαδ-δαῖου,
3324 706 3433 760 καὶ
3469 702 3631 778 περῖ
3666 709 3823 770 τῆς

2179 777 2692 852 ἀχειροποιήτου
2713 777 2972 837 εἰκόνος
2995 775 3108 830 τοῦ
3127 783 3444 850 Σωτῆρος
3467 775 3818 850 Χριστοῦ.

2207 883 2416 942 Εῗδέναι
2467 885 2561 958 μέν
2609 905 2695 938 τοι
2744 883 2834 937 καὶ
2885 887 3051 938 τοῦτο
3099 887 3208 937 τῶν
3257 883 3570 959 ἀναγκαίων
3613 885 3814 952 ἐστῖν,

2127 979 2202 1041 ὡς
2243 979 2278 1044 ἡ
2309 981 2406 1031 τοῦ
2455 981 2717 1048 Σωτῆρος
2764 975 2924 1046 ἡμῶν
2974 971 3166 1042 θεότης
3213 974 3304 1028 καὶ
3343 972 3814 1048 παραδοξοποιὸς

2127 1064 2354 1140 δύναμις
2406 1067 2722 1138 ἁπανταχοῦ
2771 1069 2871 1133 τῆς
2921 1069 3027 1137 γῆς
3092 1058 3474 1136 διαϐοωμένη,
3531 1063 3812 1126 πολλοὺς

2125 1156 2216 1212 καὶ
2265 1161 2374 1210 τῶν
2421 1154 2471 1228 ἐξ
2525 1150 2849 1222 ἀλλοδαπῆς
2895 1149 3079 1207 ἐλπίδι
3127 1151 3302 1206 νόσων
3351 1151 3586 1207 ἀνιάτων
3626 1155 3812 1228 059a-

2130 1245 2283 1308 πείας
2312 1246 2552 1322 ἠγάγετο
2587 1240 2781 1296 ’ἔνθεν
2831 1261 2917 1296 τοι
2964 1241 3054 1296 καὶ
3101 1241 3128 1294 ὁ
3177 1242 3469 1316 τοπάρχαις
3513 1238 3808 1318 Αῦγαρος,

373 1334 522 1392 lium
573 1337 906 1394 morborum
961 1354 1066 1410 spe
1110 1340 1474 1409 permoverit.
1525 1337 1686 1394 Unde
1746 1337 2017 1410 toparcba

2137 1357 2230 1408 αρν
2295 1336 2430 1410 ὑπὲρ
2483 1331 2774 1412 Εὐφράτην
2834 1329 3122 1402 ἐπισήμως
3199 1327 3566 1398 δυναστεύων,
3621 1331 3808 1386 πάθει

372 1425 638 1497 Abgarus
694 1426 970 1483 ditionem
1051 1443 1213 1482 suam
1266 1429 1416 1482 ultra
1476 1427 1821 1498 Euphratem
1879 1442 2014 1483 cum

371 1513 545 1571 laude
573 1516 1009 1584 administrans,
1061 1531 1126 1571 eo
1175 1517 1330 1586 quod
1381 1515 1686 1572 incurabili
1715 1520 2014 1587 torquere-

370 1605 469 1658 tur
498 1604 722 1671 morbo,
754 1621 884 1660 cum
920 1621 1129 1660 nomen
1152 1604 1286 1660 Jesu
1310 1603 1530 1660 celebre
1564 1621 1662 1673 per
1681 1610 1892 1660 terram
1927 1603 2018 1658 in-

375 1692 748 1748 crebrescens
781 1692 1041 1747 audisset
1062 1693 1510 1762 (testiﬁcabatur
1541 1693 1818 1748 nimirum
1851 1694 2015 1748 fumat

372 1785 430 1837 et
461 1797 552 1838 res
583 1781 751 1852 ipsa),
785 1780 1025 1854 supplex
1057 1782 1105 1837 ei
1150 1799 1248 1854 per
1279 1782 1576 1852 epistolam
1613 1783 1697 1848 tit,
1729 1781 2018 1838 liberatio-

372 1886 504 1969 nem
537 1888 568 1926 a
601 1871 802 1926 morbo
833 1887 915 1969 eo.
931 1888 1160 1939 rogans.
1213 1869 1311 1928 Ille
1340 1887 1472 1969 vero
1511 1872 1578 1924 ad
1613 1888 1744 1926 eum
1777 1871 2012 1942 quidem
2049 1904 2094 1969 Β

371 1959 568 2014 venire
617 1959 963 2032 supersedit,
1017 1977 1118 2032 per
1163 1959 1466 2032 epistolam
1513 1965 1709 2016 tamen
1743 1961 2016 2016 manibus

373 2049 494 2106 suis
527 2050 800 2122 scriptam
835 2051 884 2106 ei
948 2051 1279 2123 respondit:
1331 2056 1594 2123 oportere
1641 2068 1724 2119 se,
1765 2067 2016 2107 comme-

376 2153 634 2209 morans,
681 2155 814 2196 cum
863 2155 986 2210 qua:
1018 2139 1070 2196 ei
1101 2157 1134 2194 a
1167 2139 1331 2196 Patre
1360 2141 1642 2213 imperata
1672 2143 1864 2196 essent
1896 2155 2018 2212 per-

375 2227 626 2296 fecisset,
656 2229 725 2283 ad
758 2244 890 2284 eum
934 2229 1158 2284 reverti.
1201 2229 1554 2284 Profectione
1602 2245 1734 2285 vero
1783 2245 1848 2284 ea
1879 2245 2015 2284 con-

373 2317 543 2386 tecta,
575 2333 640 2373 ex
663 2318 1046 2374 sectatoribus
1068 2319 1188 2374 suis
1209 2335 1416 2386 unum,
1439 2319 1796 2374 Tbaddaaum
1830 2317 2016 2372 nomi-

373 2420 468 2473 ne,
499 2407 568 2461 ad
608 2407 772 2462 illum
825 2407 1167 2475 missurum,
1211 2407 1306 2478 qui
1347 2423 1480 2462 cum
1531 2408 1798 2463 morbum
1851 2405 2016 2462 illum

375 2499 711 2563 sanaturus,
741 2498 866 2550 tum
907 2497 1032 2550 vita:
1064 2495 1176 2550 sibi
1219 2495 1454 2566 suisque
1487 2494 1740 2552 melioris
1770 2494 2020 2550 admini-

377 2585 496 2638 ster
527 2583 758 2638 futurus
785 2589 955 2639 esset.
1013 2585 1216 2655 Itaque
1267 2593 1398 2656 post
1443 2585 1957 2640 ressurrectionem
1990 2602 2022 2639 a

383 2669 647 2737 mortuis,
672 2677 728 2727 et
752 2672 1149 2728 ascensionem
1184 2673 1241 2727 in
1273 2671 1468 2737 rmlos,
1501 2671 1754 2728 Thomas
1785 2690 1852 2728 ex
1883 2674 2022 2729 duo—

381 2759 566 2816 decim
615 2775 787 2830 unus,
837 2761 1033 2817 divino
1091 2762 1340 2832 quodam
1409 2768 1590 2832 motu,
1644 2763 2022 2827 Thaddazum,

383 2847 481 2920 qui
513 2863 577 2904 ex
608 2849 976 2922 septuaginta
1011 2848 1126 2904 illis
1157 2865 1284 2904 esse
1315 2851 1584 2921 cognitus
1613 2855 1717 2918 est,
1750 2851 1819 2906 ad
1852 2850 2026 2906 Edes-

383 2953 510 2994 sam
550 2954 870 3008 praeconem
903 2944 960 2994 et
993 2938 1409 3009 Evangelistam
1443 2939 1639 3004 mittit,
1672 2943 1735 2994 ut
1767 2956 1865 3010 per
1889 2955 2022 2994 eum

387 3041 515 3098 quas
571 3026 839 3081 Christus
913 3026 1277 3097 promiserat,
1325 3029 1523 3082 omnia
1587 3028 1798 3083 exitum
1849 3045 2022 3084 suum

382 3123 896 3188 consequerentur.
953 3120 1140 3190 Atque
1178 3118 1256 3172 ibi
1307 3118 1637 3174 Thaddaeus
1685 3136 1815 3174 cum
1849 3123 2024 3174 esset.

377 3205 570 3262 Tobias
602 3206 910 3273 cujusdam
961 3207 1214 3277 hospitio
1252 3211 1547 3277 exceptus,
1582 3223 1814 3264 omnem
1848 3223 2021 3264 cura-

2126 1425 2327 1497 ἀνιάτῳ
2352 1422 2442 1478 καὶ
2492 1421 2652 1482 οὗτος
2696 1419 3097 1490 ὲκπιεζόμενος,
3151 1417 3266 1474 ἐπεὶ
3316 1419 3378 1474 τὸ
3429 1421 3612 1488 Ἰησοῦ
3660 1418 3802 1474 δια-

2124 1512 2368 1568 κοόσειεν
2419 1509 2591 1584 ὄνομα
2639 1509 2784 1565 πολύ
2813 1530 2867 1564 τι
2912 1506 3122 1562 διαθέον
3171 1509 3271 1576 τήν
3315 1515 3438 1580 γῆν,
3490 1509 3801 1583 ἐμαρτύρει

2127 1599 2186 1656 δὲ
2233 1600 2334 1676 ἄρα
2380 1599 2469 1654 καὶ
2513 1601 2582 1672 τῇ
2629 1601 2788 1677 φήμῃ
2840 1597 2906 1651 τὰ
2946 1596 3262 1672 πράγματα,
3301 1595 3482 1666 ἱκέτης
3513 1598 3678 1651 αὐτοῦ
3709 1594 3800 1650 δι’

2127 1689 2426 1769 ἐπιστοιίῆς
2477 1687 2709 1764 ἐγένετο,
2741 1687 2841 1754 τὴν
2891 1693 2990 1755 τῆς
3039 1687 3196 1739 νόσου
3229 1684 3562 1762 ἀπαλλαγήν
3595 1686 3794 1755 ἀξιῶν.

2127 1785 2185 1834 Ὃ
2247 1779 2292 1836 δ’
2369 1779 2522 1848 ἥκειν
2592 1779 2670 1851 μή
2749 1777 3080 1842 ὑπακούσας,
3131 1773 3458 1852 ἀντίγραφον
3521 1771 3569 1829 δ’
3624 1775 3798 1845 ὅμως

2131 1869 2355 1931 οἰκείαις
2389 1865 2732 1941 διασημήνας
2763 1885 2980 1941 χερσιν,
3011 1862 3363 1931 ἀποστέλλει,
3397 1869 3516 1918 Δεῖν
3565 1864 3794 1936 ἑαυτὸν,

2126 1957 2361 2030 διεξιὼν,
2411 1957 2510 2012 ὅσα
2557 1977 2620 2030 γε
2674 1955 2811 2030 πρὸς
2869 1959 2968 2010 τοῦ
3028 1954 3238 2029 Πατρὸς
3295 1950 3619 2026 ἐντέταλμαι
3659 1950 3794 2006 δια-

2124 2050 2376 2120 νύσαντα,
2443 2047 2581 2123 πρὸς
2633 2046 2796 2102 αὐτὸν
2854 2043 3118 2101 ἀνελθεῖν.
3180 2044 3368 2100 Ἥνίκα
3417 2040 3466 2098 δ’
3517 2042 3611 2098 οὖν
3641 2045 3788 2117 πρὸς

2125 2137 2324 2194 ἐκεῖνον
2373 2135 2684 2193 στείλασθαί
2736 2156 2830 2208 μοι
2862 2134 3074 2210 γένοιτο
3121 2135 3220 2202 τήν
3263 2131 3506 2207 πορείαν,
3549 2129 3644 2188 ἕνα
3687 2151 3821 2210 τοι.

2126 2233 2236 2285 τῶν
2269 2227 2433 2302 ξέμῶν
2473 2222 2695 2281 ἀπαδῶν
2752 2223 3066 2297 ἐπιπέμψω,
3118 2219 3384 2277 Θαδδαῖον
3433 2220 3607 2293 ὄνομα
3643 2239 3657 2254 ·
3711 2223 3780 2282 ὃς

2126 2317 2218 2372 καὶ
2255 2317 2318 2372 τὸ
2361 2317 2453 2371 σὸν
2501 2313 2788 2387 ἰασάμενος
2823 2314 3014 2374 πάθος,
3047 2311 3134 2364 καὶ
3185 2315 3332 2380 ζωῆς
3376 2309 3629 2384 μείζονος
3659 2313 3782 2372 σοῖς

2125 2427 2184 2461 τε
2239 2405 2328 2462 καὶ
2385 2415 2501 2467 τοϊς
2564 2401 2656 2458 σὺν
2704 2402 2785 2456 σοὶ
2844 2401 3066 2479 γένηται
3126 2398 3397 2478 χορηγός.
3452 2399 3552 2454 Καὶ
3596 2398 3778 2452 τοίνυν

2133 2495 2265 2566 μετά
2317 2495 2416 2562 τήν
2471 2491 2530 2546 ἑκ
2585 2494 2787 2566 νεκρῶν
2854 2491 3141 2545 ἀνάστασιν
3214 2487 3304 2542 καὶ
3373 2487 3448 2548 εἰς
3513 2487 3776 2560 οὐρανοὺς

2128 2581 2320 2640 ἄνοδον
2370 2587 2568 2654 Θωμᾶς
2627 2583 2654 2635 ὁ
2702 2583 2810 2634 τῶν
2867 2575 3076 2632 δώδεκα
3107 2579 3204 2645 εἷς,
3236 2575 3352 2648 Θείᾳ
3403 2576 3510 2630 τινὶ
3566 2578 3772 2646 κινήσει

2131 2669 2418 2740 Θαδδαῖον,
2477 2671 2551 2732 εἷς
2603 2667 2660 2724 δὲ
2708 2671 2817 2723 τῶν
2878 2667 2920 2721 ο⁸
2986 2667 3144 2728 οὗτος
3225 2663 3635 2740 ἂνεγνωρίζετο,
3706 2668 3772 2737 τῇ

2132 2761 2356 2836 Ἐδέσσῃ
2411 2763 2622 2836 κήρυκα
2671 2759 2872 2832 πέμπει
2920 2759 3010 2813 καὶ
3065 2755 3474 2832 εὖαγγελιστὴν,
3509 2757 3584 2817 ὡς
3629 2753 3687 2809 ἄν
3717 2775 3774 2829 γε

2135 2850 2204 2906 δι’
2258 2853 2446 2917 αὐτοῦ,
2493 2849 2660 2923 πὲρας
2712 2849 2780 2904 τὰ
2833 2848 2968 2902 καιτά
3014 2847 3246 2921 Χριστὸν
3316 2840 3528 2900 ἅπαντα
3583 2847 3770 2918 σχοίη.

2136 2941 2234 2996 Καὶ
2295 2937 2361 3008 δὴ
2409 2936 2674 2999 Θαδδαῖος
2717 2935 2886 2992 ἐκεῖσε
2934 2937 3244 3012 γενόμενος,
3278 2935 3423 3006 παρά
3454 2955 3558 2988 τινι
3596 2929 3770 3004 Τωϐία

2134 3030 2496 3095 εἰσοικισθεῖς,
2542 3034 2712 3084 πᾶσαν
2771 3029 2923 3084 νόσον
2971 3027 3205 3098 ἰώμενος
3237 3027 3324 3094 ἦν.
3373 3027 3440 3078 ’Ὀ
3490 3022 3555 3094 δὴ
3584 3023 3762 3080 ἑνωτι-

2135 3120 2365 3194 σαὶμενος
2398 3117 2668 3194 Αῦγαρος,
2699 3117 2789 3172 καὶ
2847 3115 2899 3172 ἐν
2958 3117 3149 3189 μνήμῃ
3195 3119 3303 3169 τῶν
3353 3112 3768 3185 ἀπεπαλμένων

2132 3213 2212 3281 τῷ
2259 3211 2441 3278 Ἰησοῦ
2503 3209 2816 3282 γενόμενος,
2893 3206 3050 3266 εὐθὺς
3109 3204 3269 3258 αὐτὸν
3331 3201 3770 3276 μεταστέλλεται.

377 3297 478 3352 bat
537 3297 960 3367 aegritudinem.
1005 3299 1162 3362 Quod
1221 3297 1320 3352 ubi
1364 3299 1684 3354 audivisset
1731 3299 2018 3371 Abgarus,

2137 3299 2236 3352 Καὶ
2268 3295 2334 3366 δή
2395 3297 2488 3358 τὰς
2537 3293 2690 3371 ὄψεις
2739 3295 2890 3364 αὖτῷ
2939 3287 3292 3368 προσϐαλὼν,
3343 3293 3430 3346 καί
3481 3295 3550 3364 τῇ
3585 3291 3776 3346 ἐκεῖθεν

379 3401 506 3459 qua
537 3387 588 3442 ei
625 3405 660 3442 a
701 3385 835 3444 Jesu
878 3404 979 3459 per
1032 3386 1334 3458 epistolam
1385 3389 1601 3460 scripta
1659 3389 1910 3458 fuerant,
1962 3389 2020 3444 in

381 3476 718 3533 memoriam
751 3493 1048 3544 revocans,
1101 3477 1294 3532 statim
1329 3475 1494 3533 illum
1531 3481 1776 3534 accersit
1807 3496 1820 3535 :
1855 3480 2024 3548 cujus

377 3579 509 3622 cum
540 3565 744 3620 faciem
801 3567 1217 3638 conspexisset,
1261 3575 1314 3622 et
1353 3567 1418 3621 ad
1468 3566 1837 3639 splendorem
1887 3567 2024 3623 inde

377 3653 678 3709 emicantis
713 3654 860 3710 lucis
889 3655 1310 3726 obstupuisset,
1360 3655 1419 3710 in
1469 3662 1778 3724 conspectu
1811 3657 2025 3728 prima-

379 3741 594 3798 riorum
628 3743 775 3796 circa
807 3759 869 3797 se
898 3743 1152 3798 virorum
1186 3743 1510 3812 procidens,
1545 3743 1899 3798 edorationis
1933 3757 2022 3798 re-

377 3830 694 3886 verentiam
753 3831 1041 3887 Thaddmo
1112 3837 1362 3902 praestat,
1439 3831 1890 3903 diligenterque,
1948 3848 2020 3886 an

376 3919 504 3990 ejus
541 3919 640 3989 qui
671 3919 974 3990 epistolam
1008 3922 1074 3975 ad
1129 3938 1191 3976 se
1223 3921 1480 3976 misisset
1505 3922 1668 3988 Jesu,
1703 3921 2024 3994 discipulus

376 4012 551 4076 esset,
585 4007 844 4078 inquirit.
879 4009 1025 4062 Tum
1076 4008 1172 4063 ille
1201 4011 1329 4080 ejus
1381 4026 1444 4064 se
1486 4026 1613 4065 esse
1659 4010 1817 4070 dicit,
1853 4027 2022 4082 prop-

374 4099 644 4168 tereaque
674 4097 888 4162 venire,
914 4104 980 4152 ut
1013 4097 1144 4152 fidei
1177 4097 1286 4153 title
1312 4097 1484 4168 digna
1517 4102 1832 4170 prazstaret.
1860 4099 2022 4162 Quod

375 4186 426 4243 si
455 4187 516 4242 in
547 4186 740 4258 priore
781 4192 1170 4258 perseveraret
1216 4187 1509 4242 sententia
1539 4193 1595 4242 et
1637 4188 1766 4255 ﬁde,
1805 4190 2028 4258 majora

378 4291 510 4332 eum
541 4275 830 4345 visurum,
861 4281 916 4332 et
945 4281 1142 4348 Optata
1179 4277 1369 4334 cordis
1399 4278 1526 4348 ejus
1560 4277 1633 4332 ad
1664 4277 1923 4333 debitum
1957 4277 2027 4332 tl-

375 4379 510 4420 nem
544 4379 720 4420 suum
754 4370 1116 4436 perventura.
1148 4366 1412 4438 Abgarus
1442 4382 1595 4435 vero,
1631 4389 1656 4418 ‹‹
1691 4366 1769 4423 Ea
1799 4372 1906 4434 est,
1940 4367 2026 4424 in-

377 4453 527 4527 quit,
561 4453 705 4512 fidas
735 4461 791 4511 et
820 4457 1119 4528 persuasio
1161 4473 1308 4528 mea,
1351 4461 1414 4512 ut
1443 4457 1616 4514 etiam
1647 4473 1763 4514 non
1795 4457 2028 4514 dubita-

374 4557 521 4610 rem,
552 4544 805 4601 exercitu
835 4549 1056 4612 coacto,
1097 4552 1290 4602 contra
1321 4562 1417 4602 eos
1465 4546 1568 4618 qui
1606 4545 1768 4602 illum
1808 4546 1865 4600 in
1897 4562 2026 4604 cru-

2131 3389 2506 3464 ἀστραπτοῦσῃ
2587 3387 2754 3464 αἴγλῃ
2829 3385 3222 3461 καταπλαγεὶς,
3293 3383 3470 3439 πεσὼν
3545 3382 3775 3438 ἐνώπιον

2131 3482 2240 3533 τῶν
2281 3479 2656 3553 ὑπερεχόντων
2706 3477 2877 3549 αὐτῷ,
2924 3475 3022 3544 τήν
3084 3473 3453 3548 προσκῦνησιν
3496 3475 3578 3543 τῷ
3637 3467 3778 3526 Θαδ-

2133 3564 2268 3639 δαίῳ
2317 3566 2594 3640 ἀπένειμε,
2634 3565 2724 3620 καὶ
2765 3559 3006 3639 ἀκριϐῶς
3062 3563 3350 3637 ἀνηρεόνα,
3406 3563 3452 3614 εἰ
3509 3565 3610 3615 τοῦ
3656 3561 3782 3636 γρά-

2131 3659 2327 3730 ψαντος
2368 3657 2550 3724 Ἰησοῦ
2603 3656 2702 3724 τήν
2749 3651 3048 3722 ἐπιστολήν
3090 3653 3200 3706 ἐστι
3263 3652 3537 3726 μαθητής.
3565 3650 3669 3704 Τὸν
3724 3647 3780 3704 δὲ

2135 3745 2319 3821 φάναι,
2375 3745 2582 3799 ἐκείνου
2637 3765 2694 3799 τε
2753 3742 2908 3812 εἶναι,
2966 3742 3055 3796 καὶ
3115 3737 3186 3794 δι’
3241 3739 3369 3794 αὐτό
3395 3760 3454 3814 γε
3510 3737 3666 3808 ἥκειν
3711 3743 3781 3812 τῇ

2132 3832 2308 3888 πίστει
2367 3834 2434 3886 τὰ
2484 3833 2646 3886 πιστὰ
2705 3829 2908 3888 δοῦναι.
2965 3829 3066 3886 Καὶ
3126 3827 3233 3904 εἷ’γε
3297 3832 3414 3890 τοῖς
3494 3829 3779 3902 προτέροις

2131 3919 2382 3995 ἐμμένοι,
2435 3921 2658 3994 μείζονά
2704 3941 2762 3976 τε
2812 3917 2968 3987 ἰδεῖν,
2998 3919 3088 3973 καὶ
3135 3919 3202 3973 τὰ
3239 3923 3338 3986 τῆς
3367 3913 3591 3990 καρδίας
3619 3913 3782 3986 αἰδή-

2137 4032 2280 4086 ματα
2335 4009 2526 4080 ἒντελῆ
2579 4011 2908 4066 καθεστῶτα.
2969 4011 3030 4066 Ὁ
3091 4005 3168 4076 δὲ,
3231 4030 3260 4060 α
3319 4005 3474 4062 Οὕτω
3525 4006 3784 4071 πιστίόω,

2135 4103 2322 4178 φησὶν,
2373 4101 2448 4164 ὡς
2509 4101 2598 4156 καὶ
2659 4097 2892 4173 δόυαμιν
2946 4092 3309 4154 ἀναλαϐέσθαι
3366 4095 3657 4170 αἱρεῖσθαι,
3696 4095 3784 4150 καὶ

2133 4191 2270 4245 κατὰ
2325 4193 2432 4244 τῶν
2500 4190 2926 4265 σταυρωσάντων
2997 4187 3230 4255 ἐκεῖνον,
3278 4184 3530 4259 πόλεμον
3580 4183 3784 4260 ἀνεγει-

2137 4297 2270 4352 ρειν,
2295 4279 2340 4333 εἰ
2394 4279 2470 4352 μή
2504 4276 2626 4341 δέος
2656 4279 2723 4348 ἦν
2771 4277 2831 4334 ἐκ
2876 4276 3192 4351 Ῥωμαίων,
3220 4277 3382 4347 ἡμῶν
3427 4271 3652 4335 ἐκείνοις
3690 4272 3784 4327 τὸν

2137 4367 2342 4443 αὗχὲνα
2397 4367 2721 4425 κλινάντων.
2784 4392 2813 4421 ››
2870 4370 2927 4421 '0
2981 4365 3039 4422 δὲ
3095 4362 3381 4436 Θαδδαῖος,
3421 4388 3440 4414 ι
3493 4368 3553 4421 Ὁ
3584 4363 3783 4438 Κύριος

2133 4458 2321 4529 ἡμῶν,
2355 4459 2542 4534 φησὶν,
2576 4459 2787 4529 Ἰησοῦς
2836 4457 2936 4512 οὐκ
2986 4453 3206 4526 ἐπιδεής
3256 4453 3398 4509 ἐστιν
3435 4452 3784 4528 ἀνθρωπίνης

2137 4547 2324 4622 χειρός
2357 4565 2368 4578 ·
2409 4547 2472 4602 τὸ
2524 4545 2742 4620 θέλημα
2793 4550 2889 4601 τοῦ
2949 4543 3090 4601 ἰδίου
3150 4543 3358 4617 Πατρὸς
3399 4539 3784 4617 ἐκπληρώσας,

375 4647 497 4688 cem
529 4637 792 4706 egerunt,
837 4633 1052 4691 bellum
1085 4635 1418 4707 suscipere:
1480 4635 1590 4691 nisi
1651 4652 1684 4690 a
1727 4634 2021 4706 Romanis,

2137 4635 2270 4712 πρὸς
2330 4633 2489 4690 αὺτὸν
2551 4635 2852 4713 ἀνελήφθη.
2900 4657 2931 4691 ι
2992 4632 3238 4710 Λῦγαρος
3270 4629 3400 4700 δὲ,‹‹
3449 4629 3605 4688 Ἀλλ’
3653 4629 3784 4706 ἐγὼ,

379 4721 598 4794 quibus
619 4723 765 4780 colla
787 4723 900 4797 ipsi
931 4724 1342 4780 submittimus
1363 4725 1464 4797 (2),
1495 4729 1684 4780 metus
1714 4728 1771 4779 et
1802 4724 2028 4796 pericu-

377 4809 500 4866 lum
525 4812 877 4868 immineret.
903 4833 933 4864 »
955 4813 1283 4870 Tbaddaaus
1307 4829 1464 4881 vero,
1485 4835 1513 4864 «
1537 4811 1821 4868 Dominus
1839 4813 2033 4868 noster

375 4899 570 4970 Jesus,
590 4901 804 4974 inquit,
831 4901 1004 4958 444
1031 4919 1205 4958 manu
1223 4902 1505 4958 etauxilio
1522 4903 1782 4958 humano
1798 4918 1914 4958 non
1936 4902 2030 4956 in-

377 4987 553 5060 diget,
581 4990 680 5060 qui
718 4990 1014 5046 voluntate
1061 4991 1243 5046 Patris
1275 4990 1368 5047 sui
1396 4989 1700 5060 completa,
1734 4992 1805 5046 ad
1837 4991 2027 5064 ipsum

377 5080 468 5132 est
496 5093 781 5134 reversus.
816 5099 846 5130 »
886 5080 1152 5150 Abgarus
1197 5096 1456 5149 rursum,
1491 5101 1520 5130 ‹‹
1580 5080 1690 5135 Sed
1745 5095 1870 5151 ego,
1925 5081 2027 5149 ait,

376 5164 487 5234 ipsi
519 5165 794 5237 Patrique
843 5168 996 5237 ejus,
1029 5183 1152 5239 quas
1207 5167 1342 5224 fidei
1376 5172 1536 5232 sunt,
1568 5169 1963 5239 rependerem.
1999 5189 2028 5218 »

377 5275 405 5304 «
438 5253 501 5310 Si
546 5253 656 5310 hoc
700 5257 780 5310 ita
828 5262 940 5324 est,
993 5257 1168 5312 inl‘ert
1208 5256 1560 5323 Thaddmus,
1595 5272 1666 5312 en
1699 5256 1804 5312 tibi
1837 5257 1892 5312 in
1923 5274 2031 5312 no-

384 5343 542 5397 mine
567 5341 704 5398 Jesu
733 5344 943 5402 Christi
977 5361 1212 5402 manum
1249 5361 1438 5401 meam
1469 5345 1725 5416 impono.
1762 5366 1793 5396 ››
1823 5345 2034 5402 Simul-

387 5443 502 5500 que
550 5445 684 5485 cum
731 5436 946 5488 attactu
978 5439 1036 5490 et
1081 5433 1319 5489 morbus
1357 5433 1687 5505 profugiens
1716 5435 2029 5505 evanescit,

465 5606 545 5750 αἶ
572 5605 1038 5680 Hagiograpbum
1071 5611 1202 5668 hoc.
1234 5611 1468 5682 (Euseb.
1493 5611 1595 5678 lib,
1635 5628 1676 5680 ι,
1706 5627 1830 5682 cap.
1865 5611 1976 5682 13).

457 5677 516 5750 (2
568 5679 672 5736 Est
703 5678 810 5736 hoc
840 5683 1278 5739 summissionis
1305 5682 1686 5739 Orientalium
1715 5681 1976 5750 populor:

2141 4724 2320 4800 φησῖΛ,
2377 4725 2526 4798 αὐτῷ
2577 4745 2636 4780 τε
2691 4726 2759 4780 τὰ
2810 4731 2911 4794 τῆς
2965 4723 3196 4785 πίστεως
3231 4718 3538 4794 ἀπεδόμην,
3577 4719 3668 4774 καὶ
3710 4723 3788 4792 τῷ

2138 4811 2302 4868 αὐτοῦ
2357 4815 2549 4887 Πατρί.
2590 4837 2619 4867 »
2672 4837 2699 4866 «
2755 4813 2854 4870 Καὶ
2915 4811 2961 4868 εἰ
3017 4815 3198 4882 τοῦτο,
3257 4807 3442 4886 ἐπάγει
3499 4805 3785 4877 Θαδδαῖος,

2141 4898 2258 4956 ἰδοὺ
2289 4900 2342 4956 ἐν
2392 4907 2473 4974 τῷ
2519 4901 2745 4977 ὀνόματι
2799 4905 2982 4974 Ἰησοῦ
3030 4903 3263 4974 Χριστοῦ
3309 4899 3408 4968 τήν
3454 4897 3594 4970 ἐμὴν
3626 4899 3787 4973 χεῖρά

2142 5011 2226 5045 σοι
2283 4989 2588 5064 ἐπιτίθημι.
2626 5015 2654 5042 ι)
2708 4994 2864 5064 ’Ἅμα
2914 4987 2971 5045 δί
3018 4993 3088 5064 τῇ
3134 4991 3243 5066 ἁφῇ
3273 4986 3364 5043 καὶ
3403 4987 3438 5054 ἡ
3470 4985 3629 5047 νόσος
3661 4982 3786 5060 δρα-

2139 5077 2436 5134 πετεύουσα
2495 5078 2586 5148 ἧν.
2620 5077 2722 5134 Καὶ
2769 5077 2931 5140 αὐτὸς
2972 5076 3161 5152 ἀκαρεὶ
3210 5075 3390 5146 ὥσπερ
3436 5072 3504 5141 ἦν
3551 5073 3660 5146 πρὸ
3687 5077 3785 5141 τῆς

2138 5167 2297 5221 νόσου
2354 5166 2765 5244 ἀνεγνωρίζετο.
2815 5167 2926 5222 Οὐκ
2983 5165 3146 5228 αὐτὸς
3188 5161 3245 5218 δὲ
3295 5161 3479 5236 μόνος,
3522 5157 3787 5214 ἀλλὰκαὶ

2191 5253 2320 5320 ὗδος
2379 5259 2408 5313 ὁ
2459 5263 2612 5327 παῖς,
2664 5259 2806 5330 νόσῳ
2853 5258 2942 5312 καὶ
2991 5255 3150 5318 αὐτὸς
3198 5251 3323 5315 τοὺς
3371 5247 3541 5312 πόδας
3581 5248 3786 5326 ἀλγῶν.

2145 5343 2356 5400 Πολλοὶ
2381 5343 2439 5401 δὲ
2467 5346 2557 5401 καὶ
2577 5344 2746 5402 ἄλλοι
2773 5350 2882 5402 τῶν
2911 5351 3013 5416 τῆς
3042 5342 3264 5400 πόλεωσ
3295 5340 3474 5400 νόσοις
3506 5336 3788 5400 ποικίλαις

2143 5433 2487 5505 παλαίοντες,
2543 5435 2684 5511 εὐχῇ
2739 5456 2798 5491 τε
2856 5437 2969 5509 ἅμα
3023 5432 3112 5489 καὶ
3168 5435 3238 5506 τῇ
3293 5431 3403 5507 ἁφῇ
3449 5429 3644 5482 θᾶττον
3683 5431 3788 5482 τῶν

568 5678 686 5736 Εεῐ
703 5678 810 5736 hoc
840 5678 1278 5739 summissionis
1305 5678 1686 5739 Orientalium
1715 5678 2066 5754 populorum
2097 5683 2428 5744 Graecorum
2459 5695 2514 5745 et
2542 5687 2971 5746 Ruthenorum.
