4070 6274
256 392 380 454 7‘73

1281 390 1904 486 ECCLESIASTlC/E
1944 387 2339 453 HISTORLE
2381 391 2528 451 LIB.
2574 392 2655 452 Π.

3549 395 3669 453 774

260 526 548 602 δυσχερῶν
577 522 1013 581 ἀπσλλάττοντο.
1050 524 1172 580 Ἐπὶ
1217 523 1276 580 δὲ
1322 527 1538 589 τούτοις
1583 528 1683 595 τήν
1742 525 1904 581 πόλιν

2034 530 2075 580 at
2102 526 2225 596 ipse
2250 526 2404 581 brevi
2439 527 2961 597 momento,qualis
2980 531 3115 583 ante
3158 528 3425 583 morbum
3461 528 3668 593 fuerat,

259 621 470 672 ἅπασαν
523 613 909 685 ἐκκλησιασας,
939 615 1038 682 τήν
1085 615 1221 669 κατᾶ
1265 616 1355 669 τὸν
1407 623 1638 689 Σωτῆρα
1677 617 1910 689 Χριστὸν

261 704 582 776 οἰκονομίαν
633 699 840 759 ἃπασαν
873 705 901 757 ὁ
950 702 1258 765 ἀπόστολος
1318 701 1563 777 διεξῄει·
1615 706 1681 759 τὰ
1711 706 1913 758 τελεώ-

259 812 396 867 τερα
454 790 511 847 δὲ
566 792 780 853 τούτοις
855 793 1091 863 μυήσας,
1137 797 1233 846 τοῦ
1280 813 1339 847 τε
1394 792 1541 847 θείου
1588 792 1919 862 καταξιώσας

264 885 527 959 χουτροῦ,
585 883 760 950 ἱερέας
818 902 877 936 τε
931 882 1404 955 καταστησάμενος
1459 882 1549 943 οὕς
1608 903 1670 959 γε
1742 884 1920 955 χρεὼν

263 971 359 1041 ἦν,
422 972 510 1025 καὶ
561 968 741 1025 τᾶλλα
814 970 984 1023 πάντα
1055 969 1241 1032 καλῶς
1324 967 1659 1042 διαθέμενος,
1746 977 1916 1024 πᾶσαν

266 1059 480 1130 ἐκείνην
537 1057 806 1135 ἀφιέρωσε
862 1063 941 1127 τῷ
998 1063 1132 1129 Θεῷ.
1196 1059 1512 1132 Χρημάτων
1572 1056 1619 1113 δ’
1684 1058 1920 1114 ἐντεῦθεν

267 1148 362 1204 διὰ
388 1153 555 1204 ταῦτα
581 1152 661 1219 τῷ
707 1147 1002 1219 ἀποστόλῳ
1034 1149 1170 1218 πρὸς
1226 1149 1474 1221 Λύγάρου
1513 1148 1916 1221 κομιζομένων,

268 1238 540 1293 ἀπείπατο
589 1233 858 1305 δέξασθαι,
908 1258 933 1288 α
982 1235 1043 1290 Εἰ
1100 1237 1167 1290 τά
1218 1238 1482 1311 ἡμέτερα,
1527 1236 1717 1298 εἰπὼν,
1768 1256 1920 1291 κατε-

266 1327 561 1401 λείψαμεν,
591 1331 710 1387 πῶς
763 1324 1054 1398 ληψόμεθα
1107 1325 1174 1380 τά
1230 1324 1543 1400 ἀλλότρια;
1597 1328 1663 1382 Ἢ
1695 1346 1757 1399 γε
1814 1326 1921 1397 μὴν

265 1422 370 1473 τοῦ
403 1416 654 1492 Αῦγάρου
686 1413 952 1483 ἐπιςτολή
986 1415 1122 1487 πρὸς
1154 1415 1413 1490 Χρίστὸν,
1444 1415 1511 1484 ἢν
1542 1413 1613 1469 δι’
1665 1415 1919 1470 ’Δνανίου

266 1504 632 1585 ταχυδρόμου
709 1504 798 1559 καὶ
878 1502 1191 1577 κούρσωρος
1276 1501 1668 1573 ἕξαπέστειλεν,
1739 1504 1812 1564 ὠς
1868 1504 1920 1558 ἐν

263 1596 431 1667 τόπῳ
504 1588 804 1659 διαλαϐεῖν,
856 1590 985 1647 τάδε
1059 1591 1264 1660 λέξεσιν
1337 1591 1526 1653 αὐταῖς
1595 1598 1843 1667 περιεῖχε
1902 1611 1916 1624 ⁸

265 1709 298 1738 ‹‹
339 1685 469 1759 Περὶ
521 1686 617 1736 σοῦ
673 1684 763 1735 καὶ
816 1685 924 1735 τῶν
967 1684 1073 1734 σῶν
1126 1680 1316 1734 ἰάσεων
1369 1682 1640 1750 ἀκηκοὼς,
1680 1682 1753 1741 ὡς
1785 1700 1918 1756 (pap-

268 1774 464 1845 μάκων
500 1768 620 1826 ἄνευ
649 1771 739 1825 καὶ
774 1771 1031 1845 βοτανῶν,
1063 1768 1216 1843 λόγῳ
1264 1767 1320 1823 δὲ
1371 1770 1521 1842 μόνῳ
1558 1769 1785 1847 τυφλοῖς
1822 1770 1917 1842 μὲν

2027 614 2378 686 agnoscitur.
2412 616 2490 668 Ac
2523 631 2634 669 non
2671 615 2793 686 ipse
2826 617 3224 681 modo,verum
3258 617 3432 672 etiam
3466 617 3671 671 Andus

2032 706 2184 759 titius
2214 705 2363 775 ejus,
2398 706 2609 776 pedum
2658 706 2857 760 morbo
2887 705 3180 771 laborans,
3220 708 3505 778 multique
3535 723 3673 779 prae-

2032 799 2183 848 terea
2212 794 2308 848 alii
2343 792 2592 848 civitatis
2613 794 2757 863 ejus,
2789 795 2961 848 variis
3001 796 3397 851 oonﬂictantes
3428 795 3669 860 morbis,

2030 884 2289 938 oratione
2317 884 2490 938 simul
2524 887 2581 936 et
2612 889 2827 937 attactu
2859 882 3119 938 celeriter
3148 885 3483 954 gravamine
3512 886 3673 941 omni

2028 972 2369 1027 liberantur.
2424 971 2558 1026 Post
2596 972 2736 1037 haec,
2779 978 3089 1028 convocata
3122 974 3195 1028 ad
3223 974 3559 1030 concionem
3592 976 3672 1029 ci-

2028 1061 2201 1115 vitate
2231 1060 2414 1126 omni,
2458 1061 2754 1130 apostolus
2793 1062 3009 1116 obitam
3060 1063 3263 1118 salutis
3294 1068 3508 1118 nostra!
3547 1067 3672 1120 Ser-

2028 1150 2209 1205 vatorl
2238 1150 2466 1204 Christo
2527 1148 2883 1204 iunctionem
2925 1166 3157 1205 omnem
3180 1153 3433 1222 exponit,
3479 1153 3673 1222 perfe-

2027 1238 2309 1294 ctioribus
2341 1254 2437 1293 eos
2467 1239 2646 1291 sacris
2677 1237 2907 1306 imbuit,
2950 1240 3021 1293 ad
3049 1255 3274 1295 sacrum
3306 1241 3567 1297 admittit
3597 1239 3676 1297 la-

2027 1344 2288 1397 vacrum,
2337 1326 2702 1398 {sacerdotes},
2763 1342 2907 1396 quos
2950 1343 3095 1397 opus
3142 1333 3284 1390 erat,
3335 1332 3509 1395 creat,
3561 1328 3675 1385 alia

2027 1423 2225 1479 omnia
2269 1423 2379 1476 rite
2406 1424 2462 1475 et
2491 1420 2694 1475 ordine
2723 1422 3045 1488 constituit,
3087 1423 3408 1494 urbemque
3438 1437 3673 1478 omnem

2032 1515 2147 1568 Deo
2178 1515 2497 1567 consecrat.
2552 1512 2693 1563 Cum
2727 1525 2859 1564 vero
2889 1512 2961 1566 ab
2985 1512 3210 1582 Abgaro
3243 1513 3311 1566 ad
3346 1512 3671 1585 apostolum

2030 1605 2236 1661 deinde
2284 1601 2544 1673 pecuniae
2577 1601 2965 1667 mitterentur,
2988 1600 3250 1671 accipere
3292 1618 3390 1656 eas
3431 1601 3623 1657 renuit
3656 1619 3671 1657 ε

2027 1695 2085 1750 8i
2149 1692 2327 1751 enim.
2381 1688 2677 1759 inquiens.
2720 1697 2913 1743 nostra
2972 1687 3337 1759 reliquimus,
3384 1691 3675 1761 quomodo

2031 1781 2387 1853 accipiemus
2419 1777 2604 1831 aliena
2634 1777 2661 1830 ‘l
2693 1777 2866 1832 Porro
2898 1777 3107 1848 Abgari
3140 1777 3387 1848 epistola
3418 1779 3488 1833 ad
3511 1779 3676 1833 Chri-

262 1864 334 1915 τὸ
371 1860 614 1931 βλέπειν,
651 1858 864 1933 χωλοῖς
898 1855 955 1913 δὲ
1002 1860 1064 1913 τὸ
1104 1864 1433 1929 περιπατεῖν,
1472 1860 1692 1932 λεπροῖς
1734 1855 1791 1912 δὲ
1817 1859 1916 1926 τήν

2034 1882 2198 1936 stum,
2247 1882 2423 1937 quam
2474 1881 2570 1935 per
2624 1866 2908 1920 Aneniam
2959 1866 3291 1935 expeditum
3332 1872 3387 1923 et
3432 1869 3675 1923 celerem

266 1952 556 2023 κάθαρσιν,
626 1950 713 2002 καὶ
801 1952 920 2007 τοῖς
999 1952 1228 2021 μακραῖς
1313 1948 1492 2008 νόσοις
1579 1946 1919 2019 πιεζομένοις

269 2036 631 2107 κατάλληλον
662 2038 764 2106 τήν
797 2035 1032 2110 ἰατρείαν
1084 2035 1275 2108 ἀμισθὶ
1304 2038 1394 2089 καί
1441 2040 1606 2091 ταῦτα
1634 2035 1918 2110 παρέχεις.

268 2129 362 2185 καὶ
416 2126 563 2183 ἄλλα
611 2124 797 2180 πολλὰ
849 2126 1020 2198 μεὶζω
1068 2125 1159 2178 καί
1201 2125 1491 2198 ὑπερτέρας
1537 2127 1572 2194 ἢ
1622 2126 1743 2179 καθ’
1772 2127 1919 2197 ἡμᾶς

274 2217 585 2290 δυνάμεως,
632 2213 769 2289 ἔργα
815 2220 1017 2281 ποιεῖς,
1068 2213 1205 2268 κατά
1253 2211 1376 2267 νοῦν
1422 2210 1645 2286 ἐθέμην,
1696 2215 1921 2285 θάτερον

268 2312 380 2364 τῶν
411 2304 508 2361 δύο
542 2303 679 2359 εἶναί
711 2324 768 2358 σε
798 2302 1104 2378 λογίζεσθαι
1140 2322 1154 2337 ο
1200 2302 1235 2371 ἢ
1284 2302 1367 2356 ὅτι
1400 2302 1462 2355 σὺ
1494 2304 1543 2357 εἴ
1590 2303 1617 2356 ὁ
1650 2304 1798 2368 Θεὸς,
1830 2303 1919 2357 καὶ

271 2396 456 2452 λιπὼν
514 2393 643 2453 τοὺς
703 2390 961 2467 οὐρανοὺς
1015 2390 1390 2467 ἐπεχωρίασας
1421 2392 1558 2465 πρὸς
1609 2393 1757 2463 ἡμᾶς
1811 2411 1823 2423 ο
1883 2390 1919 2459 ἢ

268 2488 400 2548 Υἱὸς
457 2486 508 2539 εἴ
545 2483 644 2538 τοῦ
703 2486 859 2551 Θεοῦ,
916 2485 1140 2536 τοιαῦτα
1202 2478 1477 2555 παράδοξα
1535 2480 1921 2555 ἐργαζόμενος,

273 2574 345 2630 δι’
379 2574 413 2628 ’ὰ
459 2595 543 2628 τοι
579 2573 669 2627 καὶ
707 2575 933 2646 γράψας,
978 2568 1171 2643 δέομαί
1212 2591 1309 2623 σου
1350 2569 1615 2634 σκυλῆναι
1664 2570 1801 2644 πρός
1834 2590 1922 2642 με,

273 2664 370 2719 καὶ
426 2666 523 2716 τοῦ
576 2659 749 2716 πάλαι
809 2680 876 2730 με
929 2660 1211 2728 πιέζοντος
1266 2656 1631 2713 ἀπαλλάττειν
1696 2659 1920 2719 πάθους.

280 2755 589 2824 Πέπεισμαι
647 2749 703 2805 δί
760 2749 846 2803 ὅτι
900 2750 989 2804 καὶ
1045 2746 1298 2803 Ἰουδαῖοι
1347 2750 1611 2824 πονήρως.
1660 2750 1797 2822 πρὸς
1869 2748 1925 2802 σὲ

284 2839 637 2912 διακείμενοι,
688 2840 755 2893 οὐ
803 2837 947 2893 καλὰ
994 2838 1118 2912 περὶ
1171 2842 1268 2891 σοῦ
1318 2842 1604 2914 φρονοῦσιν
1658 2855 1672 2870 ’
1723 2838 1846 2908 ἐμοὶ
1878 2834 1926 2891 δ’

284 2926 402 2985 ἔστι
448 2927 631 2996 πόλις,
668 2927 835 3001 μικρά
880 2947 939 2982 τε
994 2927 1084 2980 καί
1134 2925 1350 2997 ἄσημος
1382 2944 1393 2957 ·
1451 2924 1599 2995 πλὴν
1626 2925 1717 2980 καὶ
1746 2925 1926 3003 ἀμφο-

281 3019 463 3092 τέροις
494 3017 726 3090 ἀρκέσει.
754 3040 782 3067 ››
817 3015 964 3070 Ἐπεὶ
998 3011 1053 3068 δὲ
1098 3014 1125 3067 ὁ
1176 3011 1425 3088 Αὕγαρος
1475 3014 1696 3090 γράφων
1727 3013 1928 3082 ἥκιστα

279 3108 402 3185 εἶχε
442 3105 668 3173 πείθειν,
721 3102 938 3178 ἂπέγυω
984 3104 1087 3175 γὰρ
1127 3105 1225 3171 τὴν
1268 3104 1450 3171 Ἰησοῦ
1518 3103 1817 3176 παρουσίαν
1857 3105 1927 3176 τῇ

278 3194 673 3267 ἆντεπιστολῇ,
735 3195 924 3248 λοιπὸν
990 3192 1043 3245 έν
1118 3192 1397 3265 ἀμηχάνῳ
1471 3191 1764 3262 καθεστὼς,

2029 1972 2324 2014 cursorem
2367 1955 2544 2020 misit,
2578 1954 2765 2025 quoad
2801 1954 3081 2009 crassiore
3112 1956 3280 2010 modo
3311 1956 3534 2027 concipi
3568 1970 3678 2027 po—

2030 2048 2165 2114 tuit,
2199 2045 2385 2102 verbis
2434 2045 2556 2099 suis
2605 2043 2751 2098 hanc
2808 2043 3110 2115 complexa
3156 2054 3242 2099 est
3285 2046 3671 2101 sententiam:

2030 2136 2208 2192 «Cum
2240 2136 2312 2189 de
2344 2138 2399 2189 te
2447 2132 2964 2202 curationibusque
2995 2133 3108 2187 tuis
3138 2133 3429 2200 audirem,
3468 2137 3524 2188 te
3552 2134 3679 2189 sine

2030 2226 2299 2282 remediis
2329 2228 2386 2279 et
2415 2222 2629 2290 herbis,
2656 2221 2778 2277 solo
2810 2221 3005 2290 verbo,
3023 2222 3186 2278 caecis
3216 2223 3427 2291 visum,
3459 2223 3678 2278 clausis

2032 2315 2209 2387 pedes
2238 2329 2398 2378 suos,
2431 2310 2675 2383 leprosis
2732 2326 2944 2381 corpus
2985 2312 3292 2379 mundum,
3340 2315 3398 2366 et
3428 2312 3526 2383 qui
3558 2312 3679 2367 dlu-

2032 2403 2221 2459 turnis
2265 2405 2606 2474 premuntur
2665 2399 2883 2455 morbis
2929 2405 3347 2471 congruentem
3389 2399 3676 2456 valetudi-

2032 2508 2186 2561 nem,
2245 2490 2566 2562 etquidem
2627 2490 2878 2561 gratuito
2919 2490 3195 2559 praabere,
3237 2488 3464 2560 aliaque
3493 2488 3679 2545 multa

2030 2582 2252 2638 viribus
2301 2581 2514 2635 nostris
2547 2580 2767 2648 majora
2830 2578 3060 2633 efficere
3108 2594 3300 2649 opera,
3334 2578 3393 2633 in
3426 2582 3678 2634 mentem

2033 2670 2174 2727 mihi
2206 2669 2385 2734 venit,
2420 2668 2663 2722 alterum
2726 2675 2777 2722 te
2809 2668 3054 2722 duorum
3096 2668 3335 2723 istorum
3368 2682 3496 2723 esse
3534 2665 3684 2722 arbi-

2033 2758 2174 2814 trari
2208 2773 2222 2814 :
2255 2756 2341 2811 vel
2375 2755 2577 2824 Deum,
2620 2757 2720 2827 qui
2752 2754 2911 2810 caelis
2941 2755 3162 2811 relictis
3192 2756 3258 2811 ad
3293 2771 3399 2813 nos
3429 2771 3681 2811 secesse-

2036 2848 2137 2916 ris,
2168 2848 2255 2903 vel
2294 2845 2502 2901 saltem
2536 2845 2635 2901 Dei
2673 2845 2900 2911 Filium,
2953 2861 3041 2900 res
3070 2849 3262 2901 tantas
3294 2862 3473 2916 supra
3503 2845 3676 2901 fidem

2035 2939 2092 2992 et
2136 2935 2468 3007 opinionem
2529 2948 2762 2988 omnem
2832 2936 3149 3003 gerentem.
3211 2934 3403 3005 Itaque
3457 2938 3515 2989 te
3569 2933 3678 2988 hoc

2036 3025 2255 3096 scripto
2281 3039 2401 3090 oro,
2435 3030 2494 3076 ut
2528 3022 2782 3077 laborem
2816 3021 3104 3092 suscipias
3125 3024 3196 3077 ad
3222 3038 3313 3077 me
3344 3020 3679 3087 accedendi,

2039 3128 2271 3184 meque,
2304 3112 2401 3184 qui
2457 3112 2578 3182 jam
2604 3109 2822 3165 dudum
2861 3110 3089 3182 afﬂigit,
3136 3111 3449 3166 inveterato
3478 3111 3680 3166 morbo

1849 3195 1930 3262 τῷ
1964 3263 2005 3272 η
2041 3204 2266 3257 liberes.
2305 3200 2654 3256 Persuasum
2707 3215 2875 3272 porro
2921 3200 3125 3269 habeo,
3169 3215 3302 3255 cum
3339 3198 3527 3255 Judei
3567 3199 3681 3255 ini-

279 3286 421 3360 πρὸς
480 3263 711 3357 Χριστὸν
759 3280 805 3336 δ’
855 3280 1007 3353 ὅμως
1062 3263 1406 3356 βεϐλημένος
1466 3279 1643 3352 πόθῳ,
1704 3283 1925 3359 γράφειν

2038 3308 2150 3364 quo
2197 3306 2332 3361 erga
2363 3295 2417 3345 te
2446 3290 2565 3345 sint
2597 3263 2813 3354 animo,
2853 3305 2969 3344 non
3002 3263 3227 3360 optima
3257 3304 3354 3344 eos
3385 3290 3458 3344 de
3487 3292 3546 3344 te
3588 3305 3683 3344 ca-

280 3373 340 3429 εῦ
373 3371 556 3427 εἰδότα
612 3368 776 3447 ἄνδρα
834 3367 1099 3442 διέπεμπε
1129 3388 1143 3401 ·
1201 3368 1292 3422 καὶ
1337 3370 1429 3423 τὸν
1488 3372 1584 3423 τοῦ
1631 3370 1928 3443 προσώπου

278 3463 452 3518 τόπον
503 3455 742 3533 ἀκριϐῶς
781 3459 1002 3536 γράφειν
1063 3456 1339 3527 ἐπέταττε,
1392 3457 1481 3511 καὶ
1547 3458 1696 3529 αὐτῷ
1756 3456 1929 3512 έκεῖνο

280 3555 348 3608 τὸ
398 3550 539 3613 εἶδος
595 3550 715 3604 ἀντὶ
759 3553 856 3604 τοῦ
902 3548 1246 3621 ποθουμένου
1291 3547 1560 3620 κομίζειν.
1609 3549 1705 3601 Καὶ
1754 3548 1782 3601 ὁ
1834 3546 1930 3621 μὲν

283 3645 409 3712 ἧκε,
440 3640 529 3695 καὶ
560 3640 687 3700 στὰς
737 3637 826 3693 ἐπὶ
881 3639 1177 3711 μετεώρου,
1226 3635 1449 3712 γράφειν
1501 3638 1575 3699 ὼς
1619 3635 1762 3696 εἰκὸς
1809 3636 1933 3691 ἐπε-

287 3731 470 3806 χείρει
501 3748 516 3761 ·
560 3728 673 3782 ἐπεῖ
731 3724 774 3781 δ’
837 3726 939 3781 οὐκ
989 3725 1253 3801 ἐφικνεῖτο
1310 3729 1407 3780 τοῦ
1456 3720 1630 3799 ἔργου.
1674 3722 1929 3797 ἐμποδὼν

286 3815 691 3889 καθισταμένης
731 3815 916 3887 ἐκείνῳ
974 3820 1074 3882 τῆς
1130 3814 1327 3869 ἐκεῖθεν
1391 3815 1801 3889 ἀστραπτούσης
1856 3818 1935 3884 τῷ

286 3908 574 3981 προσώπῳ
631 3905 777 3966 θείας
834 3902 1037 3978 αἴγλης
1095 3903 1186 3957 καὶ
1244 3901 1491 3976 χάριτος,
1546 3902 1608 3956 τὸ
1657 3898 1936 3976 δρώμενον

286 3995 471 4074 γνοὺς,
502 3996 531 4049 ὁ
556 3995 776 4069 Σωτήρ,
808 3991 1028 4069 ὕφασμα
1061 3989 1119 4045 ἐκ
1162 3990 1316 4045 λίνου
1372 3989 1744 4062 πεποιημένον
1772 3989 1934 4044 αἰτεῖο

286 4085 584 4159 νιψάμενος
619 4081 677 4138 δὲ
712 4082 805 4137 καὶ
833 4084 933 4151 τὴν
979 4078 1117 4135 ἰδίαν
1150 4077 1273 4153 ὄψιν
1328 4084 1397 4154 τῇ
1430 4081 1589 4154 ἀθόνῃ
1618 4079 1935 4153 ἀπομορξά-

291 4195 481 4249 μενος,
536 4176 615 4241 τῷ
663 4171 894 4248 Αὗγάρῳ
934 4168 1234 4225 ἀπέστειλε.
1297 4168 1479 4243 Μόγος
1522 4190 1584 4246 γε
1640 4170 1746 4242 μὴν
1793 4167 1933 4244 ἔχει,

284 4264 502 4320 καὶτὸν
564 4266 778 4337 Περσῶν
828 4259 1076 4334 βασιλέα,
1110 4258 1277 4335 εὐαρυᾶ
1331 4259 1429 4322 τὰς
1480 4264 1670 4337 χεῖρας
1723 4260 1935 4333 ζωγρά.

287 4380 392 4438 φον
448 4354 917 4429 διαπεμψάμενον,
947 4353 1111 4408 αὑτοῦ
1161 4373 1218 4407 τε
1272 4356 1515 4427 Χριστοῦ
1553 4354 1616 4408 τὸ
1674 4350 1815 4413 εἶδος
1845 4352 1934 4407 καὶ

286 4453 393 4516 τῆς
416 4445 575 4501 αὖοὸν
620 4446 905 4520 ὑπερφυῶς
946 4441 1226 4502 τετοκυίας
1279 4443 1451 4510 ζέοντι
1497 4441 1730 4502 πίστεως
1760 4440 1935 4514 πόθῳ,

289 4539 383 4594 δτι
441 4534 677 4609 τάχιστα
727 4532 931 4607 γράψαι
1015 4531 1106 4585 καὶ
1190 4524 1491 4585 ἃπολαόεῖν
1576 4530 1932 4604 κτησάμενον.

2035 3397 2166 3452 pere
2190 3379 2454 3435 consilia.
2506 3378 2644 3433 Mihi
2679 3395 2812 3434 vero
2842 3379 3046 3434 civitas
3082 3381 3166 3433 est
3198 3379 3421 3434 modica
3446 3379 3679 3449 quidem

2036 3486 2141 3525 nec
2211 3469 2528 3523 admodum
2620 3467 2885 3535 celebris,
2984 3467 3216 3538 utrique
3301 3471 3495 3521 tamen
3577 3483 3682 3521 no-

2036 3562 2227 3614 strum
2280 3556 2710 3627 percommode.
2761 3577 2781 3604 ο
2832 3554 3147 3626 Postquam
3196 3559 3389 3610 autem
3425 3554 3680 3626 Abgarus

2035 3646 2252 3717 scripto
2308 3660 2414 3699 suo
2439 3643 2785 3714 persuadere
2833 3644 2882 3698 ei
2933 3644 3087 3713 quod
3127 3642 3407 3697 voluisset
3436 3658 3549 3696 non
3584 3658 3683 3713 po-

2037 3735 2169 3800 tuit,
2203 3734 2506 3803 desperato
2542 3732 2704 3798 Jesu,
2739 3736 2973 3803 propter
3004 3746 3370 3802 responsum,
3403 3731 3677 3799 adventu,

2035 3824 2184 3882 145
2230 3822 2370 3894 quid
2411 3827 2640 3892 caperet
2677 3820 2901 3875 consilii
2934 3820 3209 3886 incertus,
3241 3836 3308 3875 eo
3337 3823 3531 3875 tamen
3564 3836 3680 3891 quo

2038 3914 2096 3968 in
2127 3911 2420 3967 Christum
2473 3909 2777 3964 tenebatur
2805 3908 3087 3965 desiderio
3120 3910 3441 3980 perculsus,
3492 3909 3677 3980 picto-

2038 4017 2157 4058 rem
2189 3999 2465 4055 eximium
2516 3999 2584 4054 ad
2617 4014 2749 4054 eum
2784 3999 2964 4065 misit,
2998 3998 3166 4069 eique
3198 4002 3261 4053 ut
3291 3998 3593 4070 diligenter
3620 4002 3680 4053 et

2036 4093 2305 4146 accurate
2336 4087 2540 4143 faciem
2580 4088 2707 4159 ejus
2756 4088 2814 4143 in
2857 4089 3082 4158 pictura
3111 4088 3431 4158 efﬁngeret,
3474 4085 3682 4158 imagi-

2039 4191 2287 4247 nemque
2319 4191 2422 4247 pro
2451 4175 2775 4230 desiderato
2807 4174 2905 4231 illo
2937 4174 3048 4230 sibi
3082 4175 3332 4243 atferret,
3355 4175 3679 4247 imperavit.

2037 4269 2108 4325 Et
2148 4269 2247 4323 ille
2290 4268 2522 4340 quidem
2572 4267 2748 4338 venit,
2813 4272 2989 4340 atque
3040 4268 3099 4323 in
3161 4270 3284 4323 loco
3352 4267 3689 4324 sublimiore

2039 4362 2204 4415 stans
2236 4357 2475 4429 pingere
2519 4356 2729 4412 Christi
2761 4357 3012 4423 vultum,
3054 4360 3120 4412 ut
3149 4358 3410 4426 decebat,
3436 4356 3690 4413 conaba-

2042 4455 2153 4506 tur.
2190 4447 2334 4505 Cum
2376 4463 2507 4503 vero
2538 4451 2794 4519 emptum
2851 4463 3000 4519 Opus
3040 4463 3156 4503 non
3211 4447 3547 4503 succederet
3575 4447 3689 4517 (di-

2044 4538 2220 4592 vinus
2253 4534 2468 4608 quippe
2497 4534 2773 4606 splendor
2826 4542 2878 4590 et
2928 4537 3114 4607 gratia
3142 4535 3201 4590 in
3243 4533 3409 4589 vultu
3440 4535 3565 4602 ejus
3595 4548 3693 4588 co-

287 4628 468 4682 Ταῦτα
499 4620 545 4677 δ’
574 4621 634 4678 ἐκ
686 4626 795 4677 τῶν
853 4620 956 4675 ἀνὰ
1011 4621 1111 4688 τήν
1166 4615 1424 4674 ’Ἐδεσσαν
1453 4623 1750 4686 τηνικαῦοα
1793 4621 1925 4693 βασιι

2048 4640 2293 4682 rusoans
2334 4623 2751 4695 impedimento
2788 4624 2953 4696 erat),
2986 4638 3048 4678 re
3078 4638 3146 4678 ea
3175 4624 3400 4692 cognita
3433 4620 3696 4677 Salvator

291 4713 598 4785 λευομὲνην
646 4707 812 4764 πόλιν
869 4706 1472 4785 γραμματοφυλακείων
1523 4706 1732 4784 ἐλήφθη
1767 4723 1783 4738 ·
1844 4704 1942 4777 δη-

296 4801 516 4878 μοσίοις
543 4799 648 4874 γὰρ
706 4800 842 4867 ἦσαν
904 4797 1136 4871 χάρταις
1184 4794 1704 4870 ὶυπεριειλημμένα.
1735 4796 1809 4849 Τὰ
1839 4795 1937 4870 γὰρ

291 4890 437 4948 κατά
488 4888 582 4944 τὸν
636 4885 891 4962 Αὕγαρον
944 4883 1253 4959 πραχθέντα
1304 4879 1494 4960 βιϐλία
1530 4885 1621 4939 καὶ
1673 4888 1840 4939 ταῦτα
1871 4881 1938 4953 δὴ

2048 4717 2265 4768 textum
2316 4711 2534 4767 lineum
2567 4712 2729 4783 petit.
2788 4710 2848 4767 in
2888 4727 3073 4783 eoque
3121 4712 3281 4781 prius
3333 4710 3449 4765 loto
3487 4708 3694 4764 faciem

2049 4817 2174 4857 sam
2206 4799 2502 4872 exprimit,
2532 4804 2590 4856 et
2634 4800 2704 4855 ad
2735 4800 3029 4871 Abgarum
3076 4799 3270 4855 mittit.
3312 4797 3533 4854 Dicitur
3553 4812 3701 4867 quo-

2050 4904 2164 4961 que
2220 4890 2527 4946 Persarum
2582 4904 2676 4944 rex
2732 4905 2910 4944 manu
2969 4890 3319 4961 ingenioque
3369 4894 3699 4958 promptum

294 4982 608 5055 περιεῖχον,
640 4975 700 5030 ἐκ
726 4982 826 5045 τῆς
861 4972 1050 5048 Σύρων
1102 4970 1512 5051 μεταληφθέντα
1567 4972 1828 5048 γλώσσης
1861 4991 1875 5004 ο
1908 4972 1925 5026 ἓ

2052 4978 2329 5050 pictorem
2374 4978 2620 5039 misisse.
2655 4982 2711 5034 et
2749 4994 2851 5048 per
2897 4977 3072 5046 hunc,
3106 4976 3346 5032 ferventi
3388 4975 3523 5031 fidei
3554 4974 3702 5029 desi-

296 5067 395 5123 καὶ
424 5060 812 5141 προσηκόντως
841 5062 1064 5119 ἐνταῦθά
1097 5083 1189 5135 μοι
1218 5063 1506 5120 τέθεινται.

2054 5066 2213 5122 dario
2257 5065 2435 5121 simul
2475 5070 2534 5122 et
2579 5067 2766 5139 ipsius
2823 5066 3059 5133 Christi,
3093 5070 3150 5122 et
3180 5082 3305 5137 qum
3344 5080 3479 5121 eum
3509 5063 3705 5118 divino

303 5160 476 5217 modo
501 5158 726 5230 genuit,
758 5154 984 5222 matris,
1042 5170 1218 5226 quam
1250 5154 1552 5210 celerrime
1607 5153 1921 5226 imaginem
1980 5155 2271 5227 depictam
2323 5156 2634 5227 accepisse.
2670 5158 2859 5229 Atque
2879 5156 2999 5211 haec
3030 5156 3268 5228 quidem
3300 5171 3368 5212 ex
3399 5153 3705 5211 tabulariis

299 5253 365 5308 et
389 5248 643 5306 archivis
698 5245 947 5303 civitatis
979 5244 1228 5315 Edessa,
1280 5259 1410 5316 qua
1449 5252 1574 5300 tum
1612 5246 1769 5315 regia
1826 5244 2344 5303 administrabatur
2398 5250 2698 5318 potestate,
2718 5253 2857 5304 sunt
2884 5248 3219 5318 desumpta.
3267 5246 3517 5302 Fuerant
3546 5243 3705 5301 enim

300 5341 365 5396 in
404 5337 644 5411 publica
685 5336 968 5392 librorum
1011 5342 1383 5390 monumenta
1432 5332 1632 5389 relata.
1668 5334 1734 5389 Et
1764 5334 1896 5388 libri
1928 5334 1997 5389 de
2034 5335 2245 5407 Abgari
2277 5336 2455 5391 rebus
2505 5336 2818 5405 conscripti
2850 5335 2970 5391 hac
2992 5351 3225 5408 quoque
3258 5334 3709 5407 complecteban-

305 5434 422 5499 tur,
455 5444 526 5483 ex
554 5431 831 5499 Syrorum
865 5423 1067 5495 linque
1100 5422 1401 5478 translata.
1435 5424 1569 5487 Quae
1600 5439 1633 5477 a
1665 5438 1757 5479 me
1781 5422 2051 5479 rectohoc
2079 5423 2203 5479 loco
2225 5425 2434 5495 opinor
2460 5440 2590 5479 esse
2609 5425 2893 5495 exposita.
