4070 6274
192 372 313 431 777
1209 369 1820 433 ECCLESIASTICE
1861 365 2254 430 HISTORLE
2291 365 2445 426 LIB.
2491 363 2572 425 II.
3495 367 3612 430 718

195 506 308 555 τῶν
358 497 814 574 ἂπηλλαγμένοι,
866 499 1068 574 είρμῶν
1116 523 1174 556 τε
1224 503 1632 576 χαλεπωτάτων
1693 486 1847 556 λυσιν

1995 501 2146 566 ioue,
2177 499 2507 568 veterisque
2555 495 2767 552 erroris
2813 508 2865 551 et
2916 495 3203 555 idolorum
3244 487 3612 570 superstitio-

197 591 522 663 εὑράμενοι,
571 591 749 656 πάσης
799 589 893 661 μὲν
943 587 1269 664 δαιμονικῆς
1338 592 1634 647 κατέπτυον
1684 590 1853 646 πολυ-

1990 589 2052 644 iis
2083 588 2446 658 contagione,
2481 585 2696 642 animis
2728 585 2852 641 suis
2886 585 3103 654 infecti,
3157 587 3350 644 divina
3396 589 3612 646 Christi

197 680 350 740 Θείας
377 697 393 709 ⁸
439 675 528 732 ἕνα
578 675 636 732 δὲ
687 679 850 752 μόνον
902 678 1037 733 εἶναι
1078 681 1205 735 Θεὸν
1245 681 1594 756 ὡμολόγουν,
1625 681 1714 736 τὸν
1746 684 1853 735 τῶν

1990 679 2016 733 'i
2050 684 2226 748 atque
2255 679 2463 733 virtute
2507 675 2917 742 intercedente,
2969 689 3072 746 per
3119 681 3473 734 sectatorum
3523 679 3612 735 di-

200 768 534 840 συμπάντων
610 765 991 841 δημιουργὸνθ
1049 771 1241 824 τοῦτόν
1302 791 1359 823 τε
1416 770 1576 824 αὐτὸν
1634 772 1854 842 θεσμοῖς

1993 768 2432 840 cipulorumque
2471 766 2593 834 ejus
2635 763 2976 832 doctrinam,
3019 764 3194 820 simul
3226 769 3284 821 et
3315 767 3613 836 miracula,

197 857 452 928 ἀληθοῦς
512 850 785 918 εὐσεϐείας
846 855 914 910 δι’
967 855 1148 912 ἐνθέου
1205 859 1292 912 καὶ
1371 860 1654 928 σώνρρονος
1719 860 1853 928 θρη-

1990 873 2241 928 anquam
2276 873 2308 909 a
2336 853 2609 924 gravibus
2649 852 3021 924 molestisque
3061 854 3315 910 dominis
3355 855 3615 925 liberati,

1966 945 2328 1016 vinculisque
2357 942 2690 998 durissimis
2722 941 2918 1010 soluti,
2950 958 3185 1000 omnem
3219 942 3380 999 illam
3413 944 3617 1000 diabo-

1963 1036 2211 1090 licorum
2243 1034 2482 1089 deorum
2512 1031 2944 1088 multitudinem
2968 1036 3382 1104 conspuerunt,
3407 1051 3622 1090 unum-

201 1162 317 1219 que
337 1149 397 1202 et
425 1145 616 1201 solum
649 1147 828 1200 Deum
859 1162 988 1203 esse
1017 1147 1388 1216 confitentes,
1423 1148 1520 1218 qui
1549 1147 1746 1203 omnia
1776 1143 2081 1202 eondidiss
2099 1149 2176 1208 et,
2226 1140 2264 1196 I
2285 1139 2393 1196 47
2448 1155 2584 1196 eum
2631 1139 2826 1211 ipsum
2877 1156 3021 1198 vera
3072 1141 3306 1214 pietatis
3364 1141 3623 1228 legibus.

199 1235 518 1307 divisoque
546 1239 604 1291 et
625 1233 820 1290 sobrio
849 1235 1034 1306 cultu,
1068 1253 1168 1310 per
1196 1237 1556 1294 Servatorem
1592 1240 1858 1293 nostrum
1890 1234 2086 1306 generi
2119 1231 2378 1290 humano
2410 1231 2596 1298 illato,
2623 1228 2950 1288 coluerunt.

1371 860 1654 934 σώφρονος
1719 860 1853 930 θρη-

199 948 406 1018 σκείας,
439 950 537 1016 τῆς
585 947 687 1001 ὑπὸ
727 952 825 1002 τοῦ
885 955 1144 1023 Σωτῆρος
1176 951 1336 1021 ἡμῶν
1369 954 1448 1021 τῷ
1495 953 1599 1002 τῶν
1646 949 1849 1022 ἀνθρώ-

197 1059 319 1093 πων
357 1035 468 1112 βίῳ
497 1035 966 1110 κατεισπαρείσης,
998 1035 1295 1113 ἐγέραιρον.

831 1349 1089 1400 ΚΕΦΔΛ.
1133 1345 1214 1399 Θ’.

203 1450 302 1510 Ὠς
344 1448 548 1526 Γαίος
588 1445 1049 1526 τον-ΤιϐέριοΔν
1086 1447 1518 1526 διαδέχεται·
1560 1448 1666 1504 καὶ
1707 1451 1855 1526 περί

277 1528 399 1590 τῆς
442 1521 537 1584 είς
577 1517 779 1578 αὐτὸν
820 1517 1180 1594 πρεσϐείας
1217 1517 1333 1578 rei")
1374 1522 1720 1594 Φίλωνοςο
1751 1517 1858 1576 καὶ

277 1593 394 1667 οἷα
461 1595 612 1667 περὶ
679 1591 888 1667 αὐτοῦ
939 1591 1188 1667 -Φίλων
1253 1614 1321 1648 τε
1384 1593 1491 1648 καὶ
1531 1595 1858 1667 Ἰώσηπος

276 1665 676 1736 ἱστοίροῦσιο
745 1665 852 1720 καὶ
921 1665 1005 1726 ὡς
1072 1665 1370 1736 ἐντεῦθεν
1433 1667 1469 1734 ἡ
1521 1665 1681 1720 κατὰ
1734 1669 1861 1718 τῶν

277 1735 626 1790 Ἰουδαίων
667 1736 1031 1811 Ῥωμαίοις
1069 1735 1313 1810 ἤρξατο
1355 1735 1585 1792 λύσσα.

2613 1344 2841 1401 CAPUT
2880 1342 2980 1397 IX.

1970 1452 2032 1506 Ut
2059 1451 2225 1506 Caius
2256 1451 2462 1506 Tiberio
2504 1449 2839 1516 successerit,
2889 1452 2939 1504 et
2982 1448 3048 1504 de
3092 1447 3338 1504 Philonis
3383 1449 3453 1505 ad
3495 1463 3621 1506 eum

2040 1523 2328 1592 legatione,
2363 1527 2414 1578 et
2441 1537 2577 1594 qum,
2593 1521 2659 1576 de
2689 1523 2820 1577 Caio
2867 1521 3060 1575 Philan
3109 1525 3160 1594 et
3198 1519 3462 1594 Iosephus
3507 1535 3622 1576 me-

2039 1598 2272 1664 morent,
2303 1601 2352 1649 et
2384 1592 2460 1649 ut'
2485 1593 2610 1649 inde
2639 1595 3005 1649 Romanorum
3041 1594 3100 1646 in
3128 1592 3344 1650 Judwos
3383 1595 3542 1663 [uror
3569 1595 3623 1647 et

2043 1666 2223 1720 rabies
2253 1669 2437 1722 coorta
2461 1667 2553 1722 sil.

281 1843 388 1896 Δύο
423 1839 481 1896 δὲ
516 1844 652 1918 πρὸς
681 1849 798 1904 τοῖς
829 1842 999 1898 εἴκοσι
1047 1843 1136 1897 καὶ
1182 1843 1372 1916 ἡμίσει
1419 1837 1664 1916 Τιϐέριος
1707 1843 1864 1915 βασι-

2045 1843 2314 1899 Tiberius
2343 1847 2537 1898 autem
2569 1842 2736 1897 annis
2766 1841 2968 1912 viginti
3007 1841 3232 1897 duobus
3261 1856 3393 1895 cum
3447 1839 3625 1894 dimi-

211 1930 406 1992 λεῦσας
457 1929 753 2000 ἐνιαυτοῖς,
795 1937 874 2004 τῷ
925 1933 1028 2005 υἱῷ
1076 1930 1220 2004 Γαίῳ
1251 1932 1314 1986 τὸ
1357 1933 1552 2005 κράτος
1592 1929 1860 1986 τελευτῶν

212 2019 520 2095 ἐπαφίησιν.
569 2022 805 2082 Ἐκεῖνος
865 2020 912 2074 δ’
964 2021 1120 2082 εὐθὺς
1169 2020 1443 2096 Ἀγρίππᾳ
1494 2021 1557 2074 τὸ
1617 2017 1862 2091 διάδημα

214 2108 585 2182 περιθέμενος,
638 2107 868 2182 βασιλέα
914 2116 1015 2178 τῆς
1069 2106 1332 2170 Ἰουδαίας
1382 2109 1565 2162 ἀνεῖπε
1599 2125 1614 2141 ⁶
1663 2109 1756 2178 τήν
1805 2127 1864 2162 τε

215 2197 498 2252 Φιλίππου
567 2200 658 2252 καί
734 2199 1002 2253 Λυσανίου
1095 2196 1422 2274 τετραρχίαν
1494 2199 1631 2259 τέως
1713 2197 1864 2269 αὐτῷ

216 2285 528 2362 ἐγχειρίζει.
561 2287 692 2343 Μετ’
723 2287 786 2342 οὗ
817 2286 960 2342 πολὺ
992 2283 1049 2341 δὲ
1100 2287 1188 2342 καὶ
1235 2288 1336 2355 τὴν
1365 2285 1636 2362 Ἡρώδου,
1667 2287 1725 2347 ’ὀς
1769 2283 1861 2340 τδν

217 2375 460 2446 Ἰωάννην
494 2375 831 2447 ἀπέκτεινεν,
860 2377 1042 2454 ἀρχὴν
1099 2373 1415 2431 ἐπιδίδωσιν
1442 2392 1455 2406 ⁶
1498 2375 1700 2431 ἐκεῖνον
1740 2373 1863 2428 σύν-

217 2485 326 2536 αμα
379 2469 450 2537 τῇ
500 2462 795 2539 Ἡρωδιάδι
837 2469 908 2540 τῇ
966 2464 1178 2542 γυναικῖ
1229 2462 1394 2538 ἀϊδίῳ
1446 2465 1584 2538 πρὸς
1638 2463 1864 2539 ἑσπέραν

225 2555 506 2625 ζημιώσας
571 2557 720 2631 φυγῇ
777 2551 1044 2609 πλείστων
1118 2551 1292 2609 ἕνεκεν
1366 2552 1578 2624 αἰτιῶν,
1638 2554 1712 2613 ὡς
1769 2553 1857 2606 καὶ

225 2641 474 2714 Ἰωσήπῳ
520 2639 686 2698 δοκεῖ.
742 2644 885 2698 Κατὰ
933 2641 988 2698 δὲ
1035 2640 1263 2705 τούτους
1307 2644 1434 2705 τοὺς
1479 2645 1715 2717 χρὸνσυς
1767 2639 1856 2694 καὶ

231 2729 420 2784 Φίλων
451 2731 858 2808 ἆνεγνωρίζετο,
886 2733 1046 2807 ἀνὴρ,
1071 2733 1133 2788 οὐ
1176 2733 1340 2806 μόνον
1372 2734 1500 2808 παρ’
1531 2734 1688 2805 ἡμῖν,
1715 2729 1861 2786 ἀλλὰ

232 2818 462 2880 καὶτοῖς
493 2820 707 2895 Θᾶραθεν
741 2822 794 2876 ἐν
838 2820 1136 2898 φιλοσοφίᾳ
1181 2820 1472 2895 ἐπίσημος.
1508 2822 1581 2876 Τὰ
1632 2822 1724 2893 μὲν
1773 2819 1864 2874 οὗν

236 2908 427 2982 πάτρια
495 2910 670 2982 τούτῳ
727 2906 979 2982 Ἑϐραῖος
1037 2912 1125 2980 ἦν,
1189 2909 1452 2990 διαφανής
1514 2907 1568 2964 δὲ
1626 2915 1732 2964 τῶν
1781 2909 1864 2964 ἐπ’

238 2994 628 3072 ’Λλεξανδρείος
676 2999 766 3052 καὶ
814 3003 924 3053 τῶν
976 2999 1025 3054 ἐν
1056 3000 1220 3054 τέλει.
1254 3001 1415 3060 ’Ὀσος
1449 3002 1542 3072 μὲν
1576 2997 1667 3052 οὖν
1701 2999 1864 3052 πόνος

231 3085 348 3160 περί
377 3085 441 3141 τὰ
479 3089 682 3163 πάτρια
729 3089 1045 3162 μαθήματα,
1078 3090 1168 3143 καί
1214 3088 1454 3159 πηλίκος
1506 3087 1652 3160 αὐτῷ
1699 3108 1864 3142 κατα-

1976 1934 2092 1995 dio.
2125 1933 2368 2004 imperio
2401 1931 2825 1998 administrate,
2865 1931 3003 2001 Cajo
3037 1930 3288 1986 moriens
3337 1931 3392 1984 id
3451 1928 3628 1984 relin-

1975 2023 2122 2094 quit.
2187 2021 2289 2077 llic
2341 2021 2651 2077 confestim
2722 2019 2989 2091 Agrippas
3061 2020 3385 2076 diademate
3431 2019 3627 2088 impo-

1976 2113 2086 2167 sito
2115 2111 2216 2182 (l),
2250 2125 2443 2180 regem
2475 2127 2607 2165 eum
2639 2109 2855 2164 Judznze
2886 2113 3065 2165 creat.
3120 2108 3369 2181 Philippi
3400 2127 3630 2185 quoque

1975 2210 2029 2256 et
2064 2199 2322 2272 Lysaniss
2352 2199 2686 2254 tetrarchias
2718 2197 2906 2253 eidem
2941 2202 3065 2252 tum
3099 2198 3370 2253 attribuit
3406 2215 3630 2272 :neque

1977 2290 2058 2346 ita
2090 2287 2275 2343 multo
2305 2291 2437 2359 post
2466 2285 2706 2342 Herodis
2738 2302 2971 2358 quoque
3005 2301 3273 2356 regnum,
3297 2287 3394 2357 qui
3447 2287 3628 2346 Joan-

1978 2393 2111 2433 nem
2143 2375 2455 2443 occiderat,
2483 2376 2691 2436 addit:
2725 2375 2950 2430 Herode
2978 2373 3106 2445 ipso
3153 2390 3276 2430 una
3331 2390 3466 2430 cum
3516 2376 3630 2431 He-

1976 2467 2210 2522 rodiade
2241 2481 2435 2533 uxore,
2471 2465 2744 2535 plurimis
2794 2465 2864 2520 de
2911 2463 3122 2532 causis,
3157 2467 3221 2518 ut
3265 2468 3325 2520 et
3369 2464 3628 2537 Josepho

1975 2555 2224 2621 videtur,
2283 2561 2553 2625 perpetuo
2611 2553 2671 2608 in
2745 2553 3042 2609 occidente
3097 2552 3268 2610 exilio
3321 2551 3596 2610 muletato

1979 2646 2056 2700 Ea
2083 2648 2244 2700 relate
2291 2649 2349 2698 et
2405 2643 2570 2698 Philo
2629 2642 2845 2708 ﬂoruit,
2874 2641 2962 2698 vir
3009 2659 3124 2697 non
3182 2645 3415 2698 tantum

1980 2736 2232 2800 nostros,
2267 2747 2468 2786 verum
2501 2731 2678 2786 etiam
2723 2731 2876 2802 apud
2926 2731 3196 2800 profanos
3243 2730 3630 2804 philosophos

1977 2819 2245 2876 celebris.
2300 2821 2521 2875 Genero
2577 2820 2626 2874 is
2681 2820 2915 2874 Iudaeus
2971 2818 3104 2886 fuit,
3167 2819 3320 2875 inter
3377 2820 3530 2877 cives
3578 2825 3636 2875 et

1977 2909 2354 2981 magistratus
2385 2908 2806 2964 Alexandrinos
2837 2907 3053 2964 clarus.
3091 2906 3352 2971 Quantus
3384 2908 3479 2964 ille
3502 2909 3636 2980 qui-

1979 2999 2110 3052 dem
2146 2998 2201 3052 in
2234 2997 2436 3068 patriis
2469 2995 2798 3068 disciplinis
2837 2995 3027 3064 fuerit,
3079 3005 3366 3068 quantove
3422 2997 3482 3052 in
3535 3013 3636 3053 eas

1983 3087 2177 3143 labore
2208 3085 2561 3156 incubuerit,
2584 3085 2708 3157 ipsa
2740 3101 2832 3142 res
2881 3084 3152 3142 declarat.
3209 3085 3471 3149 Quantus
3505 3101 3634 3141 vero

230 3167 512 3244 ϐέϐληται,
545 3172 718 3246 δῆλος
767 3176 948 3237 αὐτοῖς
999 3175 1309 3232 καθίσταται
1359 3177 1672 3250 πράγμασιν
1699 3196 1712 3208 ⁸
1747 3179 1862 3236 οἷος

1990 3177 2148 3231 aliam
2181 3179 2241 3232 in
2272 3175 2612 3230 liberalibus
2655 3181 2904 3231 externas
2955 3174 3334 3246 philosophia
3381 3173 3630 3242 artibus,

230 3257 397 3316 δὲκαὶ
441 3263 566 3338 περὶ
604 3265 671 3319 τὰ
726 3262 1005 3340 ἐλευθέρια
1050 3272 1150 3334 τῆς
1183 3261 1284 3337 ἔξω
1324 3265 1650 3342 φιλοσοφίας
1685 3265 1859 3337 μαθή-

235 3372 369 3424 ματα
413 3354 507 3422 ἦν,
544 3354 598 3408 τί
646 3355 758 3431 χρὴ
808 3355 900 3408 καὶ
951 3354 1174 3428 λέγειν;
1224 3356 1329 3423 Τήν
1379 3357 1481 3430 γὰρ
1530 3353 1662 3408 κατᾶ
1715 3353 1865 3408 Πλά-

229 3459 365 3496 τωνα
418 3442 509 3496 καὶ
569 3444 890 3518 Πυθαγόραν
951 3443 1172 3519 ἀγωγὴν
1227 3439 1280 3505 ἒς
1326 3442 1492 3516 ἄκρον
1545 3440 1864 3512 ἐζηλωκὼς,

227 3528 346 3591 τοὺς
394 3532 514 3586 καθ’
563 3531 748 3586 ἑαυτὸν
799 3532 1034 3593 ἅπαντας
1096 3530 1381 3606 διενεγκεῖν
1441 3530 1677 3607 λέγεται.
1727 3528 1868 3584 Τού-

230 3639 303 3690 τῳ
354 3619 533 3674 τοίνυν
587 3620 678 3675 καὶ
729 3621 795 3674 τὰ
836 3620 971 3676 κατᾶ
1030 3621 1187 3675 Γάϊον
1235 3617 1522 3681 Ἰουδαίοις
1590 3619 1869 3692 συμϐάντα

232 3703 280 3758 ἐν
326 3707 476 3762 πέντε
527 3703 769 3782 βιϐλίοις
817 3707 1124 3782 ἱστόρηται,
1149 3707 1200 3762 έν
1249 3710 1331 3768 οἷς
1371 3709 1470 3777 τὴν
1515 3706 1718 3762 ἐκείνου
1761 3711 1867 3761 τῶν

233 3799 426 3868 φρενῶν
476 3791 724 3850 ἔκστασιν
770 3793 1122 3871 διεξέρχεται,
1159 3795 1324 3870 μυρία
1371 3797 1493 3870 περὶ
1540 3796 1640 3863 τήν
1690 3795 1869 3869 ἀρχὴν

237 3878 647 3957 ἐνυϐρίσαντος·
689 3882 770 3940 ἔτι
820 3882 877 3940 δῖε
927 3886 1015 3940 καὶ
1061 3887 1156 3946 τας
1207 3883 1290 3940 ἐπ’
1332 3885 1500 3939 αὐτοῦ
1549 3882 1876 3959 δυσπραγίας

237 3976 338 4026 τῶν
366 3973 681 4029 Ἰουδαίων·
716 3971 786 4028 δι’
818 3975 910 4035 οὓς
959 3975 1203 4038 κακεῖνος
1250 3971 1559 4048 πρεσϐεύων
1607 3973 1682 4035 είς
1731 3974 1879 4029 Ῥώ-

243 4084 345 4135 μην
371 4067 470 4133 ἧκε
495 4084 508 4097 ³
542 4065 633 4119 καὶ
667 4065 740 4127 ὡς
772 4064 962 4138 ἐκείνῳ
992 4066 1269 4140 παραστὰς
1315 4065 1446 4140 ὑπὲρ
1495 4069 1601 4119 τῶν
1633 4065 1878 4138 πατρίων

241 4149 393 4224 ἐθῶν,
423 4155 669 4229 γέλωτος
703 4151 857 4208 οὓδέν
888 4175 940 4209 τι
990 4153 1157 4209 πλέον
1204 4155 1493 4228 ἠνέγκατο,
1531 4158 1728 4228 μικροῦ
1769 4151 1878 4208 δεῖν

239 4240 412 4298 καὶτὸ
458 4248 557 4318 ζῇν
607 4240 952 4304 κινδυνεύσας
993 4239 1295 4298 ἀποϐαλεῖν
1323 4261 1336 4274 ο
1369 4245 1506 4298 καθὰ
1551 4243 1728 4314 δήπου
1772 4247 1878 4298 τῶν

240 4329 467 4405 ἱστορῶν
527 4339 629 4402 τῆς
689 4329 1162 4402 ὀκτωκαιδεκάτης
1220 4333 1358 4407 πρὸς
1433 4336 1513 4404 τῷ
1588 4331 1734 4388 τέλει
1793 4332 1884 4386 καὶ

243 4419 506 4490 Ἰώσηπος
561 4421 857 4495 μέμνηται.
895 4446 920 4472 ‹‹
966 4420 1210 4484 Στάσεως
1264 4421 1386 4498 γὰρ,
1433 4422 1620 4500 φησὶν,
1653 4421 1704 4475 ἐν
1735 4419 1886 4474 Ἀλε-

1974 3265 2116 3337 quid
2148 3265 2356 3322 attinet
2385 3265 2624 3320 dicere?
2656 3264 2917 3320 Platonis
2949 3281 3200 3335 namque
3229 3269 3286 3319 et
3335 3263 3633 3335 Pythago-

1974 3371 2049 3410 ra)
2098 3355 2436 3410 institutum
2487 3370 2861 3424 summopere
2908 3354 3240 3420 aemulatus,
3287 3369 3492 3409 omnes
3539 3369 3633 3424 sui

1979 3442 2258 3514 temporis
2291 3441 2670 3514 philosophos
2697 3443 2865 3512 longe
2905 3457 3211 3515 superasse
3259 3441 3492 3496 dicitur.
3529 3442 3631 3498 Hic

1979 3547 2071 3586 res
2121 3531 2390 3587 Judaicas
2445 3532 2555 3586 sub
2611 3531 2746 3586 Caio
2805 3531 3066 3602 quinque
3118 3529 3282 3584 libris
3332 3533 3423 3584 est
3478 3544 3632 3584 com-

1982 3619 2205 3691 plexus,
2265 3620 2322 3674 in
2375 3619 2588 3689 quibus
2643 3620 2817 3674 etiam
2885 3634 3155 3674 vesanam
3210 3619 3339 3688 ejus
3396 3619 3628 3674 demen-

1983 3710 2122 3764 tiam
2156 3709 2263 3779 (2),
2291 3711 2347 3762 et
2379 3724 2509 3778 quae
2541 3707 2636 3764 ille
2656 3706 3242 3764 contumeliosissime
3264 3706 3634 3778 improbissi-

1983 3813 2195 3868 meque
2226 3797 2283 3852 in
2307 3795 2549 3868 imperio
2581 3813 2684 3852 suo
2716 3797 2898 3868 egerit
2926 3795 3024 3868 (3),
3056 3800 3112 3851 et
3133 3811 3278 3866 quas
3299 3795 3410 3850 sub
3431 3811 3630 3852 eorum

1983 3887 2170 3944 Judaei
2217 3885 2558 3958 pertulerint
2616 3886 3000 3956 calamitates,
3059 3886 3448 3958 persequitur.
3505 3885 3636 3942 [llo-

1988 3993 2114 4032 rum
2148 3977 2428 4032 nimirum
2463 3977 2648 4047 gratia
2677 3979 2870 4031 orator
2900 3991 3133 4049 quoque
3167 3975 3409 4031 Romam
3460 3976 3636 4042 venit,

1991 4065 2086 4121 ubi
2109 4081 2242 4121 cum
2263 4066 2416 4138 apud
2441 4066 2642 4121 Caium
2659 4081 2760 4136 pro
2776 4064 3084 4135 JudaeisU.)
3104 4065 3424 4136 patriisque
3436 4080 3638 4120 eorum

1990 4155 2214 4226 legibus
2243 4160 2301 4210 et
2333 4155 2597 4211 moribus
2625 4153 2946 4211 orationem
2982 4155 3241 4223 haberet,
3275 4155 3459 4210 risum
3487 4154 3640 4220 inde,

1992 4251 2051 4302 et
2082 4249 2355 4316 presteres
2377 4244 2520 4300 nihil
2553 4243 2772 4300 retulit.
2805 4245 3017 4299 Parum
3061 4259 3191 4300 vero
3226 4243 3409 4300 abfuit
3437 4243 3633 4310 etiam,

1994 4335 2132 4406 quin
2165 4334 2235 4390 de
2274 4334 2388 4392 vita
2438 4349 2667 4405 quoque
2725 4333 2805 4387 ibi
2857 4332 3300 4405 periclitaretur,
3359 4333 3641 4404 quemad-

1998 4425 2230 4480 modum
2259 4425 2384 4494 ejus
2417 4424 2474 4480 in
2517 4423 2741 4479 decimo
2793 4427 2996 4478 octavo
3057 4423 3436 4479 Historiarum
3491 4422 3640 4476 libro

247 4505 486 4582 ξανδρείᾳ
546 4511 844 4585 γενομένης
902 4509 1178 4565 Ἰουδαίων
1236 4531 1292 4565 τε
1349 4511 1401 4564 οἳ
1462 4509 1729 4564 ἐνοικοῦσι
1795 4510 1873 4564 καῖ

1999 4513 2152 4569 circa
2201 4515 2373 4568 linem
2431 4511 2724 4584 Josephus
2775 4511 3092 4566 meminit:
3129 4511 3496 4577 «Seditione,
3546 4509 3639 4563 in-

265 4595 548 4670 Ελλήνων,
606 4604 755 4671 τρεῖς
813 4599 901 4676 ἀφ’
955 4599 1210 4673 ἑκατέρας
1259 4601 1358 4670 τῆς
1437 4601 1672 4660 στάσεως
1749 4618 1886 4673 πρε-

249 4679 457 4743 σϐευταὶ
515 4686 834 4764 αἱρεθέντες,
895 4692 1142 4762 παρῆσαν
1203 4688 1277 4748 ὡς
1324 4690 1418 4742 τὸν
1467 4691 1623 4742 Γαῖον
1651 4707 1663 4719 ·
1698 4689 1786 4742 καὶ
1817 4688 1884 4756 ἦν

248 4777 342 4848 γὰρ
419 4782 529 4833 τῶν
589 4775 984 4852 Ἀλεξανδρέων
1057 4774 1332 4853 πρέσὸεων
1400 4779 1480 4840 εἷς
1546 4776 1770 4846 Ἀπίων,
1829 4777 1889 4839 ’ὸς

249 4863 430 4920 πολλὰ
479 4870 558 4928 εἰς
607 4865 735 4926 τοὺς
785 4865 1078 4929 Ἰουδαίους
1127 4861 1588 4946 ἐϐλασφήμησεν·
1643 4865 1790 4922 ἄλλα
1833 4886 1891 4920 τε

252 4949 444 5026 λέγων,
503 4956 598 5011 καὶ
676 4955 752 5015 ὡς
821 4960 928 5011 τῶν
1002 4957 1270 5030 Καίσαρος
1349 4960 1644 5031 περιορῷεν
1691 4959 1890 5030 τιμῶν.

255 5041 459 5098 Πάντων
493 5044 602 5122 γὰρ
650 5044 768 5098 ὅσοι
820 5047 890 5118 τῇ
933 5043 1082 5119 ἀρχῇ
1113 5043 1406 5118 Ῥωμαίων
1440 5044 1743 5113 ὑποτελεῖς,
1781 5045 1894 5118 βω-

257 5131 388 5200 μοὺς
442 5139 522 5207 τῷ
574 5133 720 5205 Γαΐῳ
771 5133 859 5188 καὶ
907 5132 1042 5196 νεὼς
1094 5130 1422 5207 ἱδρυμένων,
1454 5132 1517 5188 τὰ
1563 5154 1620 5187 τε
1667 5131 1811 5188 ἄλλα
1840 5131 1893 5187 ἐν

321 5269 398 5338 (ι)
429 5270 735 5342 Agrippam
756 5267 1246 5342 _Ca_ius__Csisar‘e
1276 5266 1522 5342 vinculis
1559 5267 1894 5342 liberatum,

257 5352 439 5420 regem
480 5338 822 5420 tetrarchia;
843 5338 1089 5420 Philippi
1111 5345 1166 5420 e_t
1190 5339 1444 5420 bysanim
1469 5339 1618 5394 fecit.
1635 5340 1894 5420 (Jpseph.

257 5405 352 5463 libi.
383 5427 540 5481 xvm,
573 5429 700 5485 cap.
734 5412 839 5482 15;
867 5411 940 5466 De
971 5405 1093 5466 (fell.
1117 5405 1268 5476 Jmlf,
1302 5409 1399 5465 lib.
1433 5426 1496 5480 ιι,
1529 5405 1654 5482 cap.
1677 5412 1755 5481 5.)

327 5481 400 5552 (2)
434 5483 550 5540 Lib.
582 5501 658 5552 ix,
689 5499 814 5552 cap.
847 5483 906 5540 7.
1215 5551 1226 5552 ί

327 5481 400 5552 (2)
434 5483 550 5540 Lib.
582 5481 660 5554 ιχ,
689 5481 906 5555 οιιρ.7.
1604 5481 1613 5482 ί

327 5555 402 5622 (3)
427 5555 596 5610 Initio
636 5553 897 5626 Caligula
944 5568 1008 5608 se
1057 5551 1394 5626 popularem
1444 5554 1719 5626 ostendit,
1776 5551 1900 5608 ani-

263 5634 498 5696 mosque
514 5631 572 5683 et
599 5624 798 5683 studia
833 5625 1142 5681 hominum
1176 5624 1234 5678 in
1267 5625 1642 5696 seincendit.
1684 5625 1902 5680 Deinde

265 5693 609 5767 vero'luxu,
669 5697 1112 5765 incontinentis,
1185 5695 1506 5765 atrocitate,
1549 5696 1789 5754 avaritia
1844 5701 1903 5753 et

569 5799 828 5860 ΡΛτιιοι.
874 5797 984 5864 Gn.
1029 5796 1258 5859 CXLV.

1994 4609 2140 4674 quit,
2172 4601 2529 4657 Alexandriae
2577 4605 2731 4656 inter
2783 4599 3010 4655 Judasos
3068 4600 3144 4654 ibi
3205 4598 3523 4654 incolentes
3585 4603 3644 4653 et

2001 4693 2225 4748 Graecos
2252 4695 2396 4759 orta,
2422 4689 2566 4746 terni
2589 4692 2661 4746 ab
2681 4694 2920 4760 utraque
2943 4690 3192 4751 factione
3213 4693 3467 4744 oratores
3486 4687 3640 4755 lecti,

1999 4782 2152 4852 apud
2182 4781 2382 4835 Caium
2415 4783 2674 4836 aderant.
2717 4779 2878 4834 Unus
2926 4796 2995 4834 ex
3043 4777 3250 4849 legatis
3306 4777 3641 4832 Alexandri-

2002 4871 2090 4925 nis
2120 4871 2345 4941 Appion
2399 4870 2528 4924 fuit.
2563 4869 2616 4924 Is
2656 4869 2731 4940 (5)
2783 4885 2913 4923 cum
2948 4866 3134 4922 multa
3182 4866 3387 4921 acerbe
3429 4867 3486 4920 in
3542 4867 3643 4922 Ju-

2000 4960 2154 5014 dzeos
2206 4959 2464 5028 dixisset,
2525 4962 2651 5014 tum
2712 4959 2855 5014 illud
2926 4972 3159 5028 quoque
3205 4956 3436 5026 adjecit,
3487 4957 3642 5026 quod

2001 5047 2242 5104 Ctesaris
2301 5048 2658 5120 negligerent
2725 5053 2898 5118 atque
2953 5046 3313 5117 despicerent
3373 5045 3642 5102 honores.

2010 5136 2174 5193 I-IS
2199 5137 2342 5192 Cum
2379 5138 2536 5193 enim
2567 5135 2663 5191 alii
2700 5137 2892 5208 populi
2943 5151 3166 5194 omnes.
3213 5133 3313 5204 qui
3372 5133 3479 5189 sub
3537 5136 3645 5190 Ro-

2004 5265 2160 5321 vitiis
2190 5267 2485 5333 omnibus,
2525 5275 2844 5322 monstrum
2867 5251 3147 5322 exhibuit.

2075 5337 2154 5408 (4)
2179 5337 2311 5393 Fuit
2340 5339 2387 5392 is
2419 5338 2615 5394 Romae
2643 5342 2794 5409 apud
2835 5338 3036 5392 Caium
3083 5353 3186 5408 pro
3241 5335 3460 5393 Judaeis
3516 5335 3646 5392 Ale-

2005 5409 2305 5465 xandrinis
2337 5415 2530 5466 orator
2562 5425 2575 5464 :
2610 5413 2711 5464 sed
2747 5425 2946 5481 parum
2979 5411 3048 5465 ab
3080 5426 3144 5464 eo
3177 5414 3266 5464 est
3314 5409 3649 5465 humaniter

2043 5484 2297 5536 cceptus.

2007 5497 2531 5677 δῧῗὲἴὲιιέῗίωὶδυεεὶ
2554 5550 2667 5608 aC.
2692 5553 2913 5606 Caesare
2935 5551 3184 5623 effigiem
3222 5551 3348 5622 ejus
3397 5551 3454 5607 in
3507 5555 3648 5604 tem-

2010 5623 2106 5677 nlo
2157 5639 2345 5677 ocare.
2378 5640 2543 5677 arma
2574 5623 2760 5677 notius
2809 5637 3160 5677 sumpsere:
3211 5638 3383 5677 auem
3429 5627 3648 5677 motum

2009 5623 2106 5694 plo
2137 5623 2345 5691 locare,
2378 5640 2543 5678 arma
2573 5623 2760 5694 potius
2809 5638 3114 5694 sumpsere
3145 5637 3160 5676 :
3211 5638 3383 5692 quem
3429 5627 3650 5677 motum

2010 5693 2252 5752 Caesaris
2282 5711 2438 5754 mors
2458 5693 2713 5751 diremit.
2747 5694 2950 5768 (Tacit.
2986 5693 3088 5751 lib.
3120 5696 3264 5766 xxx.)

3257 5794 3333 5853 25
