4070 6274
155 425 273 486 ’781

1180 431 1808 495 ECCLESIASTICIE
1849 430 2240 493 HISTORUE
2281 430 2431 490 LIB.
2478 429 2555 488 II.

3450 433 3567 494 782

155 559 478 632 γράμματι,
511 558 558 630 ᾧ
615 557 885 635 ἐπέγραψε
938 561 1095 636 Περὶ
1160 561 1438 639 ἀρετῶν,
1493 563 1544 620 ἐν
1627 563 1805 641 εἶ’ρωνι

1933 566 2190 623 secundo
2239 563 2407 630 libro,
2455 564 2548 618 cui
2597 562 2804 618 titulus
2834 563 2923 617 est
2968 563 3044 618 De
3087 561 3408 630 virtutibus,
3451 579 3571 620 ser-

155 645 323 722 λόγῳ
381 649 606 723 ἱστορεῖ.
659 649 962 728 Σόμερωνος
1020 649 1067 705 δ’
1123 653 1274 725 αὐτῷ
1340 653 1430 708 καὶ
1500 655 1814 726 Ἰώσηπος·

156 735 380 808 ὁμοίως
411 737 520 792 ἀπὸ
566 741 674 792 τῶν
727 739 944 814 χρόνων
995 739 1236 796 Πιλάτου
1284 743 1372 798 καὶ
1418 749 1527 798 τῶν
1557 746 1692 800 κατᾶ
1722 750 1818 800 τοῦ

159 832 433 899 Σωτῆρος
488 827 918 901 τετολμημένων
977 833 1076 900 τήν
1137 829 1345 886 εἴσοδον
1393 839 1546 908 σχεῖν
1587 842 1682 897 τὰς
1714 841 1819 890 τῶν

155 913 447 980 Ἰουδαίων
495 915 733 988 μάλιστα
782 921 1084 994 συμφοράς.
1137 923 1240 975 Οἴα
1288 926 1416 995 γοῦν
1492 925 1581 976 καὶ
1657 926 1815 988 αὐτὸς

156 1001 210 1056 έν
277 1000 519 1079 δευτέρῳ
573 1011 670 1062 τοῦ
729 1005 1112 1063 Ἰουδαϊκοῦ
1181 1009 1494 1083 Πολέμου
1551 1010 1815 1082 διέξεισιν,

155 1091 383 1148 ἀκούειν
436 1095 662 1172 χρεὼν’
724 1120 752 1146 ‹‹
817 1097 1112 1175 Πεμφθεὶς,
1171 1100 1358 1178 φησὶν,
1418 1101 1493 1162 εἰς
1552 1100 1814 1157 Ἰουδαίαν

155 1178 464 1256 ἐπίτροπος
504 1182 607 1237 ὑπὸ
665 1180 920 1259 Τιϐερίου
970 1185 1228 1258 Πιλᾶτος,
1287 1208 1498 1262 νυκτωρ
1543 1187 1818 1265 κεκαλυμ-

159 1267 335 1342 μένας
389 1271 467 1333 εἷς
527 1273 892 1349 Ἰεροσόλυμα
955 1277 1366 1351 παρεισκομίζει
1441 1279 1535 1342 τὰς
1608 1278 1818 1337 Καίσα-

155 1377 256 1430 ρος
312 1357 526 1422 εἰκόνας
573 1379 588 1390 ·
639 1368 874 1436 σημαῖαι
921 1363 1210 1422 καλοῦνται
1260 1385 1274 1400 ⁸
1323 1370 1484 1423 τοῦτο
1528 1370 1645 1441 μεθ’
1677 1369 1815 1443 ἡμέ-

166 1467 270 1518 ραν
307 1448 568 1524 μεγίστην
605 1453 855 1528 ταραχὴν
898 1452 1082 1530 ἤγειρε
1121 1460 1239 1518 τοῖς
1286 1454 1574 1520 Ἰουδαίοις
1614 1473 1632 1490 ⁸
1663 1457 1718 1514 οῗ
1759 1479 1818 1514 τε

160 1534 267 1610 γάρ
320 1535 484 1610 ἐγγὺς
529 1536 666 1614 πρὸς
715 1541 814 1610 τὴν
861 1539 982 1614 ὄψιν
1029 1541 1420 1620 ἐξεπλάγησαν,
1465 1546 1539 1606 ὡς
1583 1567 1819 1619 πεπατη.

159 1623 342 1696 μένων
390 1627 577 1692 αὐτοῖς
619 1632 726 1684 τῶν
777 1631 962 1704 νόμων
987 1647 1002 1664 ⁸
1063 1629 1215 1687 οὐδὲν
1264 1634 1364 1709 γάρ
1398 1635 1632 1707 ἀξιοῦσιν
1667 1633 1720 1691 ἒν
1744 1641 1812 1711 τῇ

165 1714 331 1769 πόλει
367 1713 618 1788 δείκηλον
648 1719 907 1780 τίθεσθαι.
943 1743 969 1775 ι
1002 1726 1174 1778 Ταῦτα
1205 1721 1251 1778 δ’
1277 1723 1330 1779 εἷ’
1367 1747 1451 1788 τις
1496 1731 1612 1788 τοῖς
1659 1728 1816 1802 εὐαγ-

156 1803 406 1880 γελικοῖς
431 1806 623 1884 λόγοις
653 1811 979 1886 παράθοιτο,
1008 1813 1242 1886 τάληθὲς
1275 1818 1493 1891 εὐρήσει
1519 1837 1531 1851 ’
1574 1818 1813 1888 μετῆλθε

116 1895 256 1968 ’γάρ
317 1897 514 1960 αὖτοὺς
565 1899 640 1962 ὡς
699 1903 872 1980 τάχος
914 1904 948 1972 ἡ
1002 1900 1126 1974 δίκη
1185 1922 1198 1936 ⁸

160 1985 330 2040 αὐτοῦ
373 1988 616 2044 Πιλάτου
647 1993 860 2069 φωνην,
896 1995 970 2066 μή
1005 2015 1124 2048 τινα
1171 1993 1343 2050 ἄλλον
1387 1995 1534 2071 ἔχειν
1589 1998 1816 2072 βασιλέα

159 2077 509 2152 κεκραγότων
570 2079 615 2132 εἰ
669 2081 746 2152 μή
802 2081 1067 2156 Καίσαρα.
1131 2085 1278 2140 Μετά
1358 2087 1550 2160 μικρὸν
1619 2085 1676 2142 δὲ
1731 2088 1818 2144 καὶ

162 2163 344 2236 ἄλλην
401 2169 686 2245 συμφορὰν
732 2170 924 2235 αὐτοὺς
990 2173 1269 2245 μετελθεῖν
1329 2176 1356 2229 ὁ
1417 2177 1580 2242 αὐτὸς
1617 2179 1813 2249 Ἰώση-

162 2274 260 2316 πος
323 2256 538 2330 ἱστορεῖ
604 2256 780 2332 λέγων
841 2279 856 2292 ·
916 2285 942 2312 ‹‹
1007 2263 1153 2317 Μετὰ
1209 2261 1266 2318 δὲ
1336 2269 1502 2322 ταῦτα
1575 2270 1819 2343 ταραχήν

163 2341 345 2417 ἑτέραν
396 2342 555 2400 ἐκίνει
608 2345 844 2410 Πιλᾶτος
890 2367 903 2381 ·
947 2351 1038 2405 τὸν
1085 2351 1230 2426 ἱερὸν
1282 2355 1580 2429 θησαυρὸν,
1627 2341 1818 2412 καλεῖ-

163 2452 251 2486 ται
306 2429 366 2488 δὲ
427 2429 721 2509 κορϐανᾶς,
781 2437 857 2500 εἰς
915 2443 1236 2516 καταγωγὴν
1295 2440 1503 2498 ὑδάτων
1571 2444 1818 2516 ἐξαναλί-

167 2541 328 2580 σκων.
384 2525 584 2599 Κατῄει
641 2523 699 2581 δὲ
772 2526 881 2582 ἀπὸ
957 2529 1282 2604 τριακοσίων
1369 2532 1620 2593 σταδίων.
1675 2539 1815 2609 [Ιρὸς

165 2615 330 2667 τοῦτο
358 2617 454 2668 τοῦ
503 2614 752 2685 πλήθους
797 2617 1158 2692 ἀγανάκτησις
1339 2622 1437 2676 Καὶ
1485 2628 1587 2678 τοῦ
1637 2624 1817 2680 Πιλά-

168 2720 270 2754 του
320 2701 588 2776 παρόντος
635 2704 712 2767 εἰς
761 2707 1135 2782 Ἱεροσόλυμα,
1188 2710 1531 2784 περιστάντες
1569 2714 1632 2768 τὸ
1661 2715 1816 2788 βῆμα

175 2785 475 2848 κατεϐόων.
525 2796 580 2847 '0
623 2791 682 2848 δὲ
735 2795 990 2871 (προῄδει
1037 2797 1137 2874 γάρ
1186 2800 1370 2854 αὐτῶν
1398 2803 1498 2870 τήν
1541 2785 1816 2878 ταραχήν)

178 2877 272 2932 καὶ
319 2882 400 2950 τῷ
453 2877 647 2951 πλήθει
702 2883 830 2946 τοὺς
889 2889 1222 2961 στρατιώτας
1276 2886 1508 2954 ἑόπλους
1565 2877 1812 2962 ἐσθήσεσι

180 2975 596 3040 στρατιωτικαῖς
631 2971 1076 3048 κεκαλυμμένους
1115 2975 1493 3052 ἐγκαταμίξας,
1542 2981 1629 3035 καὶ
1677 2981 1812 3056 ξίφει

177 3057 274 3128 μὲν
311 3061 612 3131 χρήσασθαι
645 3061 922 3135 κωλύσας,
963 3064 1146 3134 ξύλοις
1177 3063 1234 3120 δὲ
1262 3067 1436 3122 παίειν
1465 3071 1591 3132 τοὺς
1621 3091 1813 3145 κεκρα-

171 3145 328 3218 γότας
379 3147 856 3224 ἐγκελευσάμενος,
904 3152 1154 3223 σύνθημα
1194 3151 1413 3210 δίδωσιν
1443 3157 1550 3212 ἀπὸ
1580 3163 1676 3213 τοῦ

173 3257 358 3308 ματος.
418 3262 448 3291 ››
508 3241 852 3314 Τυπτόμενοι
905 3241 962 3298 δὲ
1020 3245 1071 3299 οἱ
1129 3243 1402 3314 Ἰουδαῖοι,
1462 3247 1662 3304 πολλοὶ
1721 3251 1816 3323 μὲν

1251 1901 1320 1958 δι’
1369 1904 1433 1975 ἢν
1477 1903 1702 1983 ἔρῥηξαν
1732 1908 1816 1963 ἐπ’
1849 1945 1893 2008 Β

1932 672 2104 711 mone
2149 653 2490 710 assimulato
2537 659 2994 719 commemorat;
3037 652 3130 708 cui
3174 657 3230 708 et
3277 654 3568 724 Iosephus

1927 743 2217 800 consentit
2249 760 2261 798 :
2304 743 2506 798 itidem
2539 760 2572 797 τι
2608 741 2792 810 Pilati,
2830 746 2888 797 et
2918 741 2974 796 in
3007 742 3364 799 Servatorem
3405 761 3568 799 com-

1930 833 2093 887 missi
2145 832 2358 904 piaculi
2409 831 2790 903 temporibus,
2833 829 3190 888 calamitates
3229 833 3568 889 Judaaorum

1928 921 2158 978 initium
2193 921 2518 993 sumpsisse
2551 937 2898 976 memorans.
2923 919 3124 983 Qualia
3147 921 3325 992 igitur
3353 926 3411 978 et
3436 922 3486 977 is
3507 923 3568 978 in

1927 1012 2182 1067 secundo
2237 1011 2456 1066 Iudaici
2512 1011 2652 1066 Belli
2715 1010 2862 1065 libro
2919 1009 3156 1076 scribat,
3226 1010 3425 1067 audire
3481 1017 3571 1068 est

1927 1117 2110 1172 Opera:
2142 1101 2393 1173 pretium
2431 1116 2444 1156 :
2479 1121 2508 1150 «
2542 1098 2778 1166 Pilatus,
2828 1099 3044 1172 inquit,
3094 1117 3128 1153 a
3163 1099 3398 1156 Tiberio
3437 1116 3567 1171 pro-

1925 1197 2157 1246 curator
2184 1191 2242 1246 in
2283 1191 2549 1246 Judaeum
2583 1189 2822 1259 missus,
2871 1192 3044 1246 noctu
3093 1189 3314 1246 velatas
3355 1194 3570 1247 tectas-

1926 1296 2039 1352 que
2069 1279 2527 1353 Hierosolymam
2575 1279 2752 1334 infert
2803 1278 3045 1335 Caesaris
3093 1283 3356 1348 statuas;
3405 1280 3570 1350 signa

1925 1384 2002 1423 ea:
2035 1373 2335 1425 vocantur.
2369 1371 2494 1437 Qua
2540 1367 2621 1424 rei
2669 1367 2922 1424 novitate
2969 1367 3224 1424 interdiu
3255 1368 3507 1426 maxima
3536 1386 3571 1426 a

1922 1455 2142 1512 Judaeis
2171 1458 2348 1514 turba
2393 1461 2485 1514 est
2521 1457 2785 1513 excitata.
2819 1456 2925 1522 Qui
2954 1457 3110 1513 enim
3143 1457 3384 1530 propius
3416 1459 3572 1514 assi-

1925 1546 2175 1615 stebant,
2223 1547 2293 1604 ad
2343 1551 2722 1618 conspectum
2769 1562 2967 1602 earum
3025 1547 3378 1604 consternati
3429 1551 3571 1604 sunt

1927 1639 2208 1707 tanquam
2239 1640 2438 1708 aperte
2465 1635 2691 1704 legibus
2713 1651 2914 1692 eorum
2939 1635 3284 1708 proculcatis
3308 1654 3322 1692 :
3350 1637 3569 1709 quippe

1927 1723 2309 1780 simulacrum
2363 1724 2596 1795 aliquod
2646 1724 2707 1779 in
2748 1723 2976 1780 civitate
3020 1723 3254 1792 habere,
3287 1723 3402 1780 illis
3435 1725 3570 1781 reli-

1927 1813 2021 1884 gio
2051 1821 2190 1871 erat.
2223 1835 2252 1863 υ
2286 1814 2414 1869 Haec
2464 1813 2511 1869 si
2559 1813 2694 1885 quis
2741 1812 3089 1885 evangelicis
3137 1814 3308 1870 addat
3353 1814 3569 1885 verbis,

1927 1903 2224 1958 veritatem
2256 1903 2442 1974 ipsam
2489 1903 2742 1959 inveniet
2774 1920 2787 1957 :
2833 1902 3095 1959 celeriter
3125 1904 3278 1959 enim
3311 1919 3410 1959 eos
3439 1903 3572 1960 vin-

1922 1992 2075 2048 dicta
2103 1999 2189 2049 est
2219 1997 2552 2054 consecuta,
2587 1997 2818 2064 propter
2847 2009 2998 2059 eam,
3031 2009 3204 2062 quam
3235 1995 3384 2064 apud
3418 1993 3569 2049 Pila—

1923 2087 2045 2138 tum
2078 2083 2397 2139 insolenter
2425 2082 2658 2140 edidere
2686 2101 2884 2140 vocem
2921 2099 2934 2139 :
2964 2100 3078 2139 non
3111 2082 3294 2139 alium
3327 2100 3410 2152 se,
3441 2085 3558 2140 cla-

1923 2175 2172 2240 mantes,
2230 2171 2446 2228 habere
2520 2189 2733 2244 regem,
2811 2177 3191 2244 praeterquam
3259 2176 3564 2230 Cresarcm.

1921 2261 2100 2318 Paulo
2131 2269 2258 2332 post
2309 2262 2423 2318 alia
2465 2279 2695 2334 quoque
2743 2263 3074 2318 calamitate
3122 2279 3378 2335 pressos,
3409 2263 3562 2319 idem

1921 2351 2207 2423 Josepbus
2237 2352 2441 2408 scribit
2472 2369 2485 2406 :
2520 2374 2548 2403 «
2590 2354 2728 2408 Post
2759 2353 2902 2412 haec.
2951 2351 3175 2420 dicens,
3219 2351 3387 2408 aliam
3423 2369 3562 2423 quo-

1921 2457 2034 2512 que
2063 2442 2296 2498 turbam
2344 2441 2593 2499 concivit
2635 2441 2878 2509 Pilatus,
2923 2457 3088 2498 sacro
3126 2441 3402 2498 thesauro
3442 2442 3560 2514 (cui

1921 2545 2132 2586 nomen
2191 2529 2470 2600 Corbona)
2522 2531 2582 2586 in
2631 2531 3008 2602 aquaeductus
3064 2531 3556 2587 constructionem

1919 2624 2291 2692 consumpto,
2341 2619 2442 2692 qui
2500 2621 2732 2690 quidem
2784 2621 2853 2676 ad
2902 2624 3158 2678 trecenta
3201 2620 3564 2693 dirigebatur

1919 2707 2128 2764 stadia.
2161 2708 2318 2765 150
2347 2708 2516 2780 Egre
2548 2707 2762 2764 ferebat
2789 2724 2916 2764 eam
2960 2709 3366 2781 indignitatem
3404 2708 3564 2764 mul-

1920 2797 2127 2864 titudo,
2176 2802 2234 2854 et
2281 2801 2561 2868 praesente
2602 2797 3018 2870 Hierosolymis
3068 2797 3272 2866 Pilato,
3304 2798 3560 2854 tribunal

1919 2885 2415 2944 circumsistentes
2469 2887 2956 2944 vociferabantur.
3011 2888 3112 2944 Ille
3160 2903 3349 2959 porro,
3402 2887 3558 2958 quod

1915 2976 2252 3031 Judaeorum
2304 2975 2662 3048 prmvidisset
2719 2977 3055 3046 tumultum,
3113 2977 3299 3032 turbae
3358 2991 3558 3032 eorum

1919 3065 2136 3120 milites
2165 3073 2442 3131 armatos,
2474 3065 2574 3137 qui
2624 3065 2973 3121 militaribus
3016 3066 3199 3138 operti
3231 3074 3424 3122 essent
3463 3083 3561 3122 vc-

1917 3154 2127 3222 slibus,
2161 3153 2520 3222 immiscens,
2547 3156 2693 3210 ferro
2723 3155 2961 3226 quidem
2987 3159 3180 3226 petere
3203 3171 3559 3226 quemquam

1919 3242 2234 3312 prohibuit,
2295 3244 2551 3300 fustibus
2627 3248 2818 3299 autem
2895 3244 3270 3299 vociferantes
3331 3243 3562 3314 pulsare

170 3325 268 3381 ὑπὸ
297 3331 407 3382 τῶν
459 3327 716 3404 πληγῶν,
758 3331 965 3387 πολλοὶ
1011 3331 1068 3388 δὲ
1117 3334 1220 3390 ὑπὸ
1259 3340 1407 3414 σφῶν
1439 3337 1610 3392 αὐτῶν
1643 3360 1804 3394 κατα-

1925 3333 2239 3404 ρτωοθρίιε
2297 3334 2546 3404 ejusque
2595 3333 2675 3387 rei
2721 3349 2900 3388 causa
2943 3331 3202 3403 signum,
3256 3333 3338 3388 uti
3365 3349 3563 3389 conve-

103 3424 116 3440 '
169 3415 494 3486 πατηθέντες
542 3415 854 3479 ἀπώλοντο.
909 3422 1051 3494 Πρὸς
1102 3419 1159 3477 δὲ
1204 3425 1305 3492 τήν
1361 3427 1642 3500 συμφορὰν
1698 3432 1805 3483 τῶν

167 3501 522 3579 ἀνῃρημένων
573 3507 913 3585 καταπλαγὲν
963 3510 1025 3565 τὸ
1073 3511 1284 3581 πλῆθος
1333 3513 1652 3586 ἐσιώπησεν.
1701 3518 1805 3572 Καὶ

165 3591 336 3658 ἄλλας
367 3592 427 3650 δὲ
457 3595 653 3670 μυρίας
680 3598 1096 3672 νεωτεροποιίας
1142 3602 1170 3655 ὁ
1216 3600 1374 3664 αὐτὸς
1423 3603 1623 3678 ἱστορεῖ
1669 3626 1805 3680 συγ-

166 3684 400 3760 γραφεύς
437 3703 450 3716 ·
511 3683 583 3741 δι’
638 3708 712 3742 ων
765 3689 1109 3763 παρίσταται,
1170 3691 1244 3754 ὡς
1294 3689 1552 3766 οὐδαμῶς
1602 3694 1662 3750 ἐκ
1705 3703 1806 3766 τῆς

164 3773 294 3826 κατὰ
323 3774 422 3829 τὸν
473 3781 708 3850 Σωτῆρα
748 3775 966 3850 τόλμης
1016 3776 1260 3836 διέλιπον
1301 3783 1400 3852 τήν
1427 3801 1486 3836 τε
1517 3780 1672 3837 πόλιν
1706 3783 1804 3838 αὖ·

161 3861 258 3930 τήν
311 3862 404 3918 καὶ
462 3865 562 3934 τὴν
612 3863 790 3936 ἀλλην
847 3865 1052 3922 ἅπασαν
1113 3867 1374 3924 Ἰουδαίαν
1445 3872 1654 3934 στάσεις
1711 3873 1799 3928 καὶ

164 3952 360 4026 μάχαι,
404 3952 496 4007 καὶ
541 3959 722 4010 κακῶν
773 3957 1061 4034 ἀφορήτων
1103 3956 1418 4030 ἐπάλληλοι
1467 3956 1797 4032 προσϐολαί,

159 4037 316 4115 ἄχρις
345 4041 414 4096 οὗ
447 4045 482 4112 ἠ
529 4044 746 4099 πάντων
795 4045 992 4118 ὑστάτη
1035 4047 1327 4124 πολιορκία
1369 4051 1504 4104 κατᾶ
1553 4049 1797 4108 Οὕεσπα·

158 4131 337 4186 σιανὸν
395 4131 622 4195 τούτους
671 4133 927 4208 μετῆλθε,
980 4139 1070 4191 καὶ
1117 4149 1344 4211 πάμπαν
1391 4141 1669 4216 ἡφάνισεν.
1703 4145 1798 4198 Ὧν

160 4219 370 4290 μὲνοῦν
419 4221 496 4283 εἰς
550 4223 780 4296 Χριστὸν
840 4222 1141 4300 ἐξήμαρτον
1199 4224 1474 4297 Ἰουδαῖοι,
1535 4231 1676 4286 οὕτω
1735 4233 1800 4287 τά

153 4311 248 4372 τῆς
300 4309 449 4372 θείας
498 4308 796 4387 ἐπειρῶντο
847 4309 1029 4385 δίκης,
1077 4315 1261 4388 ἠρέμα
1306 4315 1672 4393 ἐπειγομένης.
1723 4321 1796 4376 Οὐ

159 4397 261 4466 μὴν
294 4395 351 4453 δὲ
379 4397 532 4454 ἀλλά
561 4400 648 4454 καὶ
699 4399 861 4463 αὐτὸς
911 4403 940 4456 ὁ
971 4401 1060 4458 ἐπὶ
1103 4409 1201 4459 τοῦ
1255 4413 1512 4480 Σωτῆρος
1563 4407 1798 4470 Πιλᾶτος

156 4482 239 4540 ἐπί
265 4508 322 4572 τε
379 4482 654 4564 Τιϐερίου,
685 4495 784 4559 τῆς
837 4489 898 4545 ἐκ
945 4491 1254 4568 Μαγόάλων
1284 4495 1492 4570 Μαρίας
1521 4497 1706 4572 Ῥώμῃ
1739 4519 1796 4554 τε

154 4571 577 4648 προσϐαλοόσης
624 4577 716 4632 καὶ
763 4579 833 4634 τὰ
874 4580 1011 4635 κατὰ
1048 4583 1138 4636 τὸν
1187 4589 1422 4657 Σωτῆρα
1477 4571 1793 4660 ἀνενεγκού-

1923 3426 2108 3491 nerat,
2140 3421 2223 3478 eis
2251 3439 2351 3494 pro
2385 3421 2662 3478 tribunali
2711 3422 2889 3478 dedit.
2923 3443 2952 3471 »
2985 3424 3342 3493 Quapropter
3369 3423 3557 3477 Judaai

1919 3511 1990 3567 ad
2022 3527 2152 3566 eum
2185 3511 2426 3567 modum
2457 3511 2671 3569 ictibus
2701 3511 2854 3570 caesi.
2891 3511 3055 3566 multi
3086 3511 3274 3583 plagis
3305 3518 3442 3566 sunt
3471 3511 3556 3566 in-

1917 3601 2206 3671 terempti,
2240 3599 2410 3656 multi
2440 3600 2618 3656 etiam
2665 3617 2699 3656 a
2738 3601 2858 3656 suis
2888 3600 3037 3655 inter
3067 3599 3387 3656 tumultum
3421 3615 3554 3672 pro-

1918 3688 2038 3743 triti
2070 3688 2436 3745 interierunt.
2470 3689 2776 3746 Multitudo
2807 3705 2977 3758 porro
3019 3689 3167 3759 ipsa,
3198 3691 3362 3744 tanta
3389 3688 3553 3746 clade

1916 3779 2201 3849 perculsa,
2259 3778 2602 3851 conquievit.
2663 3777 2820 3835 Alias
2877 3777 3014 3834 item
3071 3777 3548 3845 innumerabiles,

1915 3869 2197 3925 novandis
2250 3870 2446 3939 rebus,
2496 3870 2774 3926 excitatas
2822 3868 3205 3940 calamitates,
3253 3871 3409 3928 idem
3459 3873 3551 3928 hi-

1912 3961 2163 4016 storicus
2211 3961 2600 4032 persequitur,
2649 3975 2750 4033 per
2793 3977 2938 4031 quas
2971 3960 3178 4016 astruit
3219 3965 3390 4033 atque
3430 3980 3548 4032 pro-

1914 4051 2032 4119 bat,
2089 4049 2245 4121 quod
2304 4067 2337 4106 a
2393 4055 2724 4122 perpetrato
2781 4052 2839 4104 in
2895 4049 3250 4108 Salvatorem
3298 4053 3547 4124 piaculo,

1911 4155 2214 4210 nunquam
2250 4143 2306 4194 et
2334 4139 2392 4194 in
2427 4139 2568 4194 urbe
2597 4137 2745 4210 ipsa,
2789 4143 2848 4194 et
2889 4139 2944 4194 in
2975 4139 3179 4196 Judaza
3208 4143 3392 4207 omni,
3423 4158 3548 4199 esse

1911 4227 2210 4284 desierunt
2229 4226 2564 4295 seditiones,
2589 4225 2896 4294 tumultus,
2925 4243 3154 4299 pugnas,
3177 4228 3548 4302 aliarumque

1911 4315 2362 4372 intolerabilium
2409 4314 2664 4372 cladium
2699 4315 2820 4372 alia;
2869 4332 3048 4388 super
3090 4315 3236 4374 alias
3267 4317 3547 4376 incursio-

1911 4421 2032 4472 nes,
2065 4405 2247 4461 donec
2269 4409 2559 4477 postrema
2579 4406 2844 4461 omnium
2871 4405 3032 4460 urbis
3053 4407 3163 4462 sub
3188 4407 3544 4480 Vespasiano

1907 4492 2130 4549 obsidio
2179 4509 2276 4548 eos
2326 4493 2553 4560 invasit,
2607 4509 2674 4548 ac
2731 4510 2970 4565 prorsus
3021 4496 3314 4552 exstinxit.
3355 4499 3543 4570 Atque

1904 4595 2103 4637 eorum
2136 4597 2260 4654 qum
2306 4581 2490 4637 Judmi
2539 4581 2598 4636 in
2645 4581 2944 4638 Christum
2985 4585 3422 4650 commiserunt,
3453 4589 3543 4641 ta-

155 4685 271 4735 σης,
326 4664 562 4722 πλεῖστα
598 4667 694 4740 μὶν
749 4664 1196 4745 περιυϐρισθῆναι
1229 4669 1440 4748 λέγεται
1473 4693 1486 4706 ·
1543 4676 1624 4730 ναὶ
1684 4677 1795 4748 μὴν

1915 4671 2017 4727 lem
2053 4672 2440 4728 illidivinitus
2487 4675 2624 4728 sunt
2666 4673 2883 4744 experti
2933 4673 3270 4738 vindictam,
3321 4675 3536 4732 sensim

153 4751 399 4819 καὶκατά
450 4755 611 4810 Γάϊον
661 4753 881 4830 ὕστερον
927 4757 1213 4824 τοσαύταις
1269 4768 1574 4838 συμφοραῖς
1623 4764 1790 4840 λόγος

154 4833 262 4915 ἔχει
291 4847 487 4899 τοῦτον
533 4841 962 4924 περιληφθῆναι,
1011 4847 1084 4912 ὥς
1129 4871 1284 4927 φασιν
1334 4833 1522 4912 οἱ-τᾶς
1582 4833 1790 4924 Ἐλλή-

153 4949 250 4985 νων
305 4930 692 5006 Ὀλυμπιάδας
741 4937 832 4990 καὶ
887 4935 953 4991 τά
1009 4935 1092 4992 ἐπ’
1166 4939 1352 5003 αὐταῖς
1438 4941 1790 5018 πεπραγμένα

153 5023 559 5098 συντεταχότες,
590 5020 644 5085 ἐς
676 5025 832 5079 τόσον
861 5026 1014 5094 ἥκειν
1065 5026 1302 5103 ἀνάγκης
1354 5030 1589 5086 Πιλᾶτον
1633 5051 1787 5106 περι-

150 5110 327 5181 πετείᾳ
371 5116 483 5166 τῶν
543 5117 857 5192 συμφορῶν,
906 5115 982 5177 ὡς
1039 5115 1335 5193 αὐτόχειρα
1397 5119 1486 5173 καὶ
1539 5121 1785 5194 τιμωρὸν

151 5193 302 5252 αὺτὸν
359 5201 538 5272 ἑαυτῷ
579 5209 904 5272 καταστῆναι
939 5221 953 5236 ⁸
1011 5210 1112 5274 τῆς
1181 5205 1325 5269 θείας
1379 5205 1555 5280 δίκης,
1617 5208 1690 5272 ὥς
1721 5231 1784 5287 γε

149 5283 370 5356 εἰκάζειν
417 5289 626 5363 χρεὼν,
675 5289 774 5345 οὐκ
821 5290 898 5356 εἰς
953 5292 1160 5368 μακράν
1200 5295 1568 5368 μενελθο·5σης
1596 5283 1780 5369 αὐτὸν,

147 5375 279 5429 καθά
335 5375 516 5448 δήπου
563 5377 654 5433 καὶ
702 5381 914 5452 Ἀνναν,
945 5381 1037 5436 καὶ
1079 5385 1348 5462 Καϊάφαν,
1387 5387 1475 5441 καὶ
1527 5387 1643 5441 ὅσοι
1675 5393 1783 5443 τῶν

145 5467 504 5538 γραμματέων
537 5465 670 5535 ἦσαν
736 5470 826 5525 καὶ
884 5470 1193 5546 Φαρισαίων
1226 5494 1238 5507 ’
1271 5475 1361 5530 καὶ
1417 5475 1592 5531 αὐτῶν
1633 5475 1779 5547 ἀξίαν

209 5679 280 5768 (ξ)
313 5681 375 5741 L.
405 5683 673 5743 Vitellius
701 5687 878 5768 S_y_ria3
918 5689 1217 5768 praefectus
1259 5690 1510 5768 Pilatum
1542 5699 1778 5768 propter

146 5745 470 5814 Judieorum
536 5745 973 5819 accusationem,
993 5745 1278 5821 illuuiem
1308 5745 1776 5837 ’ἰὶἐῖὶιέέίὶξῐὶ

1901 4778 2000 4818 eos
2040 4761 2406 4832 Carpentem.
2441 4761 2651 4818 Verum
2701 4760 2994 4817 enimvero
3032 4766 3087 4817 et
3117 4762 3242 4834 ipse
3273 4763 3536 4820 Servato-

1901 4849 1983 4906 ris
2011 4851 2188 4922 judex
2216 4851 2432 4907 Pilatus
2461 4851 2560 4924 (1),
2593 4867 2726 4908 cum
2757 4851 2868 4906 sub
2897 4850 3122 4906 Tiberio
3152 4851 3328 4923 (quod
3362 4854 3539 4909 Maria

1900 4937 2240 5010 Magdalena
2282 4939 2526 4997 Romam
2577 4939 2812 5004 adierat,
2865 4945 2922 4996 et
2969 4941 3289 4997 Servatoris
3334 4957 3427 4998 res
3455 4942 3536 4997 ibi

1897 5029 2192 5100 retulerat)
2223 5029 2492 5085 maximis
2542 5030 2778 5084 atl‘cctus
2821 5045 2950 5085 esse
2997 5029 3209 5084 dicitur
3239 5035 3539 5087 contume-

1896 5119 1986 5174 liis
2021 5135 2034 5173 :
2069 5122 2195 5174 tum
2241 5119 2358 5176 Caii
2391 5119 2750 5190 temporibus
2784 5122 2982 5190 postea
3011 5123 3265 5176 extrema
3299 5121 3532 5176 calami-

1895 5211 2012 5263 tate
2047 5224 2360 5280 oppressus
2390 5224 2517 5264 esse
2548 5209 2766 5263 t‘erlur:
2799 5208 3294 5280 quemadmodum
3327 5209 3384 5266 id
3416 5214 3529 5268 tra-

1893 5295 2060 5364 dunt,
2106 5296 2206 5368 qui
2251 5298 2577 5352 Graecorum
2628 5295 3018 5368 Olympiadas,
3069 5313 3316 5369 qumque
3357 5299 3412 5354 in
3449 5299 3532 5354 eis

1893 5389 2020 5441 acta
2049 5390 2210 5452 sunt,
2241 5399 2638 5456 composuere.
2688 5386 2774 5440 Ad
2824 5401 2922 5441 eas
2965 5385 3119 5441 enim
3169 5388 3532 5444 necessitatis

1891 5474 2189 5546 angustias
2220 5475 2394 5530 variis
2427 5474 2796 5546 adversisque
2840 5475 3070 5530 casibus
3117 5479 3205 5531 est
3236 5476 3527 5548 redactus,

1885 5685 2222 5840 garcillliim
2271 5692 2492 5750 Judaeis
2548 5693 2818 5766 praefecit.
2859 5691 3150 5766 (Josepb.,
3201 5689 3304 5748 lib.
3362 5708 3523 5758 xvm,

1955 5781 2010 5835 p.
2121 5807 2133 5819 .

1955 5781 2010 5835 p.
2049 5781 2133 5820 11.
