4070 6274
498 342 618 407 783

1795 343 2221 407 NIGEPHOHI
2263 345 2616 408 CALLISTI

3795 347 3895 408 784

499 484 564 537 ut
609 495 820 538 manus
865 478 990 552 ipse
1018 477 1130 535 sibi
1174 477 1451 544 attulerit,
1490 483 1544 534 et
1581 478 1675 534 sui
1706 477 1895 551 ipsius
1924 479 2133 536 vindex

2274 477 2334 532 ,αὶ
2385 476 2644 554 διάφορον
2699 475 3017 535 δεδωκότων
3066 478 3229 550 δίκην
3303 486 3405 550 τῆς
3471 480 3612 534 κατὰ
3675 481 3895 554 Χριστοῦ

497 571 622 640 ipse
651 571 834 626 factus
864 569 940 624 sit
972 585 986 623 :
1020 567 1242 623 ultione
1285 568 1481 624 divina
1514 569 1622 641 (ita
1662 567 1822 624 enim
1854 569 2143 640 conjicere

2250 569 2546 641 γενομένης
2577 569 2895 642 παρανόμου
2927 567 3337 645 διαχειρίσεως.

498 664 742 732 oportet)
788 659 944 714 brevi
989 673 1124 715 eum
1173 662 1585 730 consequente.
1640 659 1697 713 ld
1749 659 1902 731 quod
1949 663 2005 714 et
2048 660 2119 715 de
2157 660 2344 727 Anna,
2396 664 2454 714 et
2499 660 2571 713 de
2626 659 2866 730 Ciipha,
2914 661 3165 733 aliisque
3205 661 3345 718 item
3389 661 3614 716 Scribis
3673 664 3733 716 et
3768 662 3896 717 Pha-

498 750 682 806 risaeis
711 749 971 805 dicitur:
1014 748 1108 820 qui
1157 752 1215 804 et
1245 748 1352 820 ipsi
1402 749 1614 821 dignas
1663 747 1964 819 variasque
2007 750 2292 804 dederunt
2347 766 2549 821 poenas
2598 750 2745 820 ejus,
2801 767 2976 821 quam
3026 752 3256 808 Christo
3306 751 3663 816 intulerunt,
3708 753 3896 822 iniquae

497 845 550 896 et
582 841 812 912 injustas
841 838 1022 896 necis.

1038 967 1078 1020 1
1093 965 1188 1022 5|
1232 964 1462 1020 CAPUT
1497 965 1600 1021 XI.

497 1079 570 1134 De
599 1075 834 1143 imperio
883 1072 1106 1130 Claudii
1153 1073 1402 1140 Caesaris,
1453 1074 1551 1144 qui
1598 1073 1727 1128 Caio
1758 1073 2062 1144 successit:
2097 1076 2146 1129 et

568 1147 631 1204 de
658 1149 828 1218 fame,
861 1161 980 1218 quae
1009 1145 1107 1201 sub
1132 1146 1246 1216 ipso
1275 1143 1544 1212 invaluit,
1577 1147 1630 1200 et
1656 1143 1724 1199 de
1758 1143 1978 1201 Theuda
2007 1160 2144 1218 prx-

569 1221 876 1290 stigiatore.

569 1324 790 1381 Deinde
830 1322 1090 1380 nondum
1134 1325 1383 1392 quatuor
1427 1337 1667 1394 prorsus
1704 1321 1922 1378 exactis
1951 1324 2144 1390 annis,

496 1413 672 1470 Caius
702 1413 801 1486 qui
831 1415 956 1468 tum
990 1411 1296 1483 imperium
1329 1410 1582 1478 tenebat,
1607 1411 1797 1468 furore
1819 1415 2146 1481 correptus,

497 1511 554 1560 et
611 1519 800 1575 usque
856 1503 998 1557 adeo
1051 1504 1138 1557 est
1187 1500 1580 1569 effeminatus,
1640 1504 1706 1556 ut
1758 1499 2148 1570 vestimentis,

501 1593 827 1666 plicaturis,
858 1590 1108 1662 aliisque
1137 1589 1496 1645 ornamentis
1545 1589 1933 1646 muliebribus
1959 1593 2147 1645 utere-

500 1688 594 1738 tur
621 1698 634 1736 :
669 1685 1022 1753 quapropter
1050 1678 1108 1733 in
1141 1677 1368 1734 balneis
1399 1694 1611 1744 cmsus,
1643 1678 1880 1733 Claudio
1912 1694 2149 1733 succoso

501 1772 618 1826 sori
652 1769 958 1840 imperium
993 1767 1266 1839 reliquit:
1303 1769 1414 1822 sub
1445 1785 1560 1840 qno
1593 1769 1802 1839 ingens
1835 1767 1934 1823 illa
1967 1768 2152 1823 fames

503 1859 684 1915 fuisse
713 1858 991 1913 scribitur
1013 1857 1110 1928 (t),
1144 1873 1322 1926 quam
1353 1857 1525 1912 etiam
1560 1857 1795 1928 Agabus
1829 1857 2148 1928 prophetia:

504 1948 656 2003 dono
686 1947 880 2002 clarus
928 1947 1178 2000 futuram
1228 1945 1587 2016 praedixerat.
1631 1950 1825 2016 anue
1870 1947 1939 2000 de
1970 1962 2146 2001 causa

504 2038 796 2093 Barnabas
833 2051 1063 2108 quoque
1097 2041 1153 2091 et
1182 2035 1394 2091 Paulus
1427 2052 1494 2091 ex
1527 2035 1836 2091 Antiochia
1869 2035 2147 2091 fratribus

506 2127 610 2182 der
640 2125 1031 2181 ministerium
1063 2140 1236 2179 suum
1268 2129 1632 2196 corrogatum
1655 2125 1873 2180 victum
1905 2125 2150 2180 submit-

508 2216 726 2272 tebant.
776 2217 900 2280 Quo
945 2217 1204 2286 tempore
1256 2212 1433 2268 etiam
1485 2213 1914 2270 Adiabenorum
1960 2215 2150 2282 gentis

508 2304 726 2375 regina,
758 2303 976 2360 Helena
1001 2305 1258 2373 nomine,
1307 2301 1562 2374 Josepho
1595 2307 1761 2372 teste,
1794 2302 2010 2374 ingenti
2047 2313 2150 2375 pe-

509 2393 684 2448 cunia
703 2392 994 2446 frumento
1017 2390 1075 2446 in
1106 2393 1344 2462 Egypto
1375 2393 1730 2460 comparato,
1754 2388 2150 2459 indigentibus

509 2483 565 2538 id
599 2481 1058 2539 transmittebat.
1085 2480 1270 2550 Hujus
1301 2495 1440 2534 sane
1471 2478 1722 2545 Helene,
1749 2480 1942 2550 cujus,
1976 2495 2146 2550 quem

510 2573 681 2629 modo
711 2571 985 2638 diximus,
1018 2569 1329 2625 historicus
1359 2568 1650 2638 meminit,
1673 2567 2149 2624 statuwillustres

508 2664 567 2718 in
601 2660 957 2718 suburbanis
987 2658 1146 2714 ιΕΙίω
1179 2657 1320 2714 locis
1353 2657 1524 2730 longo
1555 2665 1684 2730 post
1722 2662 1982 2729 tempore
2012 2660 2150 2712 sunt

510 2752 665 2807 visae.
728 2751 933 2807 Itidem
983 2748 1274 2818 Josephus
1323 2751 1381 2802 et
1422 2747 1676 2802 Theudae
1726 2747 2056 2819 impostoris
2096 2751 2152 2800 et

512 2841 783 2900 malefici.
807 2841 878 2894 de
905 2855 1021 2911 quo
1043 2839 1100 2892 in
1125 2837 1282 2892 Actis
1303 2852 1535 2908 quoque
1564 2836 1960 2906 apostolorum
1999 2853 2152 2891 men-

514 2932 594 2986 tio
652 2930 734 2996 fit,
785 2928 1050 2983 meminit
1095 2925 1255 2981 hisce
1300 2926 1531 2980 verbis:
1583 2947 1611 2973 «
1653 2927 1796 2980 Cum
1831 2926 2016 2980 Padus
2046 2929 2147 2980 Ju-

517 3019 650 3073 daeaa
701 3021 1038 3090 procurator
1079 3019 1252 3082 esset,
1303 3013 1658 3086 praetigiator
1694 3013 1930 3084 quidam
1961 3014 2151 3068 Theu-

518 3109 625 3162 das
656 3105 911 3173 nomine,
958 3103 1270 3175 persuadet
1300 3101 1514 3172 ingenti
1556 3101 1861 3157 hominum
1891 3101 2154 3158 multitu-

523 3195 668 3263 dini,
703 3199 767 3250 ut
798 3192 1175 3249 facultatibus
1222 3191 1342 3246 suis
1389 3207 1584 3246 secum
1636 3191 1902 3262 receptis,
1933 3191 2002 3246 ad
2031 3191 2158 3248 Jor-

521 3285 733 3341 danem
766 3283 1006 3338 fluvium
1040 3297 1102 3337 se
1122 3284 1654 3351 consequerentur;
1677 3279 1980 3335 dicebatur
1999 3282 2154 3336 enim

523 3372 808 3447 propheta
836 3387 984 3428 esse.
1021 3370 1092 3440 1s,
1123 3370 1278 3440 quod
1311 3385 1373 3424 se
1403 3369 1575 3440 jussu
1614 3384 1718 3424 suo
1752 3368 1989 3424 fluvium
2022 3385 2154 3425 eum

523 3464 873 3531 divisurum,
930 3459 1212 3531 facileque
1267 3459 1354 3514 eis
1411 3459 1722 3514 transitum
1781 3458 2156 3530 praebiturum

521 3569 651 3626 esse
681 3552 1072 3624 polliceretur,
1123 3547 1342 3604 multos
1383 3547 1631 3603 seduxit.
1663 3549 1940 3604 Caeterum
1971 3548 2161 3604 Fadus

525 3659 624 3699 eos
653 3658 721 3697 ea
751 3641 982 3698 vesania
1031 3655 1146 3694 non
1195 3636 1296 3693 diu
1345 3637 1456 3692 frui
1505 3653 1712 3708 passus
1751 3640 1853 3693 est.
1887 3637 2159 3694 Turmam

527 3732 684 3788 enim
715 3731 974 3802 equitum
1023 3728 1084 3783 in
1127 3745 1225 3784 eos
1255 3727 1521 3795 immisit,
1553 3725 1653 3796 qui
1681 3724 1814 3780 illos
1845 3741 1910 3780 ex
1942 3724 2160 3798 impro-

523 3822 647 3877 viso
677 3835 1010 3891 oppressos,
1043 3817 1250 3890 partim
1309 3815 1618 3880 trucidant,
1661 3814 1868 3885 partim
1902 3816 2162 3886 captivos

2864 967 3135 1021 ΚΕΦΑΛ.
3181 967 3294 1020 1Α’.

2257 1069 2415 1145 Περ-ἰ
2446 1071 2566 1134 τῆς
2595 1072 2711 1145 τοῦ
2746 1067 3078 1145 Κλαυδίου
3117 1069 3448 1145 ⁸Καίσαρος
3497 1070 3728 1145 ἀρχῆς
3763 1069 3896 1145 μετᾷ

2327 1138 2525 1215 Γάϊον
2558 1159 2572 1172 θ
2605 1138 2862 1215 καὶτοῦ
2893 1140 3254 1215 γεγονότος
3286 1138 3494 1215 λιμοῦ
3536 1138 3559 1174 θ’
3591 1138 3722 1196 ’καὶ
3763 1138 3898 1214 ’περὶ

2331 1209 2548 1266 Θευδᾶ
2576 1215 2690 1266 τοῦ
2720 1209 2990 1286 γόητὸςέ

2325 1317 2404 1374 Οὐ
2458 1315 2658 1389 πολλῷ
2704 1315 2760 1372 δὲ
2815 1315 3032 1394 ὕστερον
3075 1317 3126 1372 ἐν
3177 1318 3244 1372 οὗ
3290 1317 3429 1372 πάνυ
3485 1341 3540 1373 τι
3589 1318 3899 1390 πεπλησμέο

2258 1427 2374 1468 νοις
2426 1406 2710 1479 τέσσαρσιν
2757 1400 2896 1461 ἔτεσι
2965 1409 3125 1470 Γὰϊος
3192 1409 3294 1478 τήν
3374 1407 3557 1483 ἀρχήν
3641 1407 3899 1482 ἐσχηκὼς,

2263 1494 2426 1570 μανίᾳ
2464 1494 2705 1576 λεφθεὶς,
2758 1495 3153 1572 ἑγυναικίζετο,
3203 1496 3426 1559 στολαῖς
3473 1497 3564 1551 καὶ
3609 1495 3900 1568 πλοκαμίσι

2260 1586 2556 1660 χρώμενος
2603 1583 2960 1664 φηλυτέραις.
3009 1587 3168 1640 Ὅθεν
3216 1583 3268 1639 ἐν
3357 1583 3636 1660 βαλανείῳ
3709 1584 3904 1656 ἀναιρε-

2265 1675 2397 1746 θεὶς,
2457 1672 2718 1748 Κλαυδίῳ
2773 1676 2874 1744 τήν
2927 1675 3108 1750 ἀρχὴν
3165 1674 3520 1731 καταλείπει·
3581 1675 3671 1752 ἐφ’
3731 1673 3792 1729 οὗ
3826 1677 3900 1728 καὶ

2266 1762 2429 1839 μέγαν
2459 1765 2734 1838 ἱστοροῦσι
2765 1764 3006 1838 γενέσθαι
3045 1763 3210 1836 λιμόν
3243 1784 3257 1796 ο
3282 1765 3340 1818 ’ὀν
3365 1765 3456 1818 καὶ
3498 1766 3750 1839 Ἀγαυος
3782 1784 3900 1838 προ-

2264 1855 2534 1931 φητεύων,
2568 1853 2800 1927 ἐμήνυεν
2837 1851 3050 1909 ἔσεσθαι
3083 1872 3098 1888 ⁶
3150 1855 3240 1909 καὶ
3274 1850 3549 1928 Βαρνάϐας
3579 1854 3676 1909 καὶ
3713 1853 3903 1918 Παῦλε),

2263 1940 2609 2014 ἐστέλλοντο,
2640 1950 2755 2006 τοῖς
2810 1941 3068 2021 ἀδελφοῖς
3128 1941 3182 2014 ἐξ
3243 1945 3583 2022 Ἀντιοχείας
3647 1943 3906 1998 διακονίαν

2265 2029 2635 2106 ἐρανιζύμενοι
2672 2052 2684 2065 ο
2737 2033 2826 2087 ὅτε
2883 2030 2949 2102 δή
3007 2035 3099 2087 καὶ
3157 2035 3193 2102 ἡ
3249 2037 3348 2088 τοῦ
3406 2029 3695 2103 Διαϐηνων
3743 2027 3907 2092 ἔθνους

2269 2118 2586 2199 βασίλισσα,
2621 2124 2812 2195 Ἑλένη
2872 2124 3048 2200 ὄνομα
3105 2129 3170 2196 ἦν
3229 2126 3390 2202 αὐτῇ,
3450 2129 3716 2200 Ἰωσήπῳ
3752 2130 3903 2181 ταῦτα

2264 2212 2520 2285 πείθομαι
2577 2213 2908 2289 ἱστοροῦντι,
2968 2220 3112 2270 σῖτον
3190 2215 3241 2286 ἐξ
3309 2215 3588 2291 Αἰγύπτου
3663 2218 3902 2290 χρήμασι

2262 2299 2540 2363 πλείστοις
2599 2301 2950 2376 ὠνησαμένη,
3005 2309 3122 2367 τοῖς
3177 2301 3376 2366 ἐνδεῶς
3447 2299 3640 2379 ἔχουσι
3701 2303 3906 2376 διεπέμ-

2263 2387 2417 2448 πετδ.
2475 2397 2582 2460 Τῆς
2627 2411 2691 2465 γε
2759 2394 2869 2465 μήν
2927 2391 3174 2464 Ἑλένης,
3239 2396 3306 2463 ἧς
3364 2414 3454 2448 και
3527 2395 3556 2448 ὁ
3641 2393 3911 2468 εἰρηῴνος

2269 2477 2608 2550 ἐμνημόνευε
2638 2479 3006 2557 συγγραφεὺς,
3041 2480 3092 2536 ἐν
3121 2487 3238 2543 υοῖς
3278 2483 3632 2556 προαστείοις
3671 2489 3774 2551 τῆς
3826 2480 3908 2536 Αἶ-

2266 2565 2389 2629 λίας
2442 2567 2638 2634 στῆλαι
2698 2566 2968 2646 διαφανεῖς
3030 2569 3198 2645 μέχρι
3251 2570 3470 2626 πολλοῦ
3527 2571 3899 2646 ἐγνωρίζοντο.

2267 2657 2550 2728 Μέμνηται
2583 2653 2628 2711 δ’
2661 2658 2690 2712 ὁ
2721 2656 2880 2720 αὐτὸς
2910 2657 3000 2713 καὶ
3037 2657 3207 2714 Θευδᾶ
3251 2663 3349 2714 τοῦ
3399 2659 3626 2734 γόητος,
3678 2659 3799 2734 περὶ
3845 2656 3900 2710 οὗ

2265 2744 2353 2800 καὶ
2411 2746 2465 2798 αἱ
2519 2746 2742 2818 Πράξεις
2791 2742 3243 2820 διαλαμϐάνουσι,
3284 2748 3418 2803 κατᾶ
3451 2746 3594 2818 λέξιν
3627 2749 3771 2803 οὕτω
3801 2746 3901 2802 διε-

2263 2837 2392 2905 ξιών
2427 2854 2441 2867 ·
2501 2859 2528 2886 ‹‹
2590 2833 2775 2891 Φάδου
2823 2840 2920 2906 τῆς
2968 2835 3227 2902 Ἰουδαίας
3272 2837 3742 2913 ἐπιτροπεύοντος,
3776 2838 3903 2915 γόης

2265 2945 2348 2986 τις
2407 2923 2796 3000 ἇνῆρ,Θευδας
2854 2926 3048 3000 ὅνομα,
3081 2928 3251 2982 πείθει
3299 2930 3389 2982 οὸν
3439 2926 3690 2982 πλεῖστον
3727 2925 3900 3001 ὄχλον

2265 3010 2603 3070 ἀλαλαῦόντα
2657 3016 2753 3079 τὰς
2810 3019 3050 3088 κτήσεις,
3081 3014 3294 3072 ἕπεσθαι
3354 3020 3494 3094 πρὸς
3541 3018 3626 3074 τόν
3684 3015 3898 3092 Ἰορδά-

2266 3125 2362 3175 νην
2419 3104 2564 3176 αὐτῷ
2620 3107 2911 3179 ποταμόν·
2971 3110 3259 3184 προφήτης
3319 3111 3425 3182 γαρ
3486 3106 3664 3182 ἔλεγεν
3719 3107 3897 3162 εἶναι·

2186 3217 2230 3280 C
2268 3194 2357 3246 καὶ
2413 3195 2792 3270 προστάγματι
2820 3197 2921 3250 ττὸν
2980 3197 3227 3271 ποταμὸν
3287 3196 3506 3272 σχίσας,
3564 3194 3749 3252 δίοδον
3803 3193 3894 3274 ἔφη

2269 3283 2512 3357 παρέξειν
2571 3283 2758 3346 αὐτοῖς
2815 3282 3004 3360 ῥᾳδίαν
3035 3304 3048 3318 ⁸
3095 3287 3184 3341 καὶ
3231 3284 3400 3343 ταῦτα
3429 3284 3636 3362 λέγων,
3665 3285 3898 3345 πολλοὺς

2265 3372 2560 3442 ἠπάτησεν.
2593 3371 2668 3429 Οὐ
2713 3375 2820 3447 μὴν
2854 3371 3024 3429 εἷάσεν
3061 3373 3258 3437 αὐτοὺς
3285 3377 3384 3441 τῆς
3415 3376 3745 3452 ἀφροσύνης,
3784 3375 3896 3430 ενα-

2268 3462 2390 3515 σθαι
2449 3459 2630 3524 Φάδος
2667 3479 2680 3494 ⁸
2739 3462 2869 3518 ἀλλ’
2921 3463 3213 3538 ἐξέπεμψεν
3257 3462 3392 3535 ’ίλην
3454 3465 3666 3520 ἱππέων
3709 3464 3898 3526 ἐπάὗ-

2265 3551 2394 3612 τούς
2425 3569 2439 3583 ·
2470 3551 2593 3619 ἣτις
2652 3548 3065 3626 ἀπροσδόκητος
3125 3551 3475 3622 ἐπιπεσοῦσα,
3507 3552 3757 3614 πολλοὺς
3814 3553 3897 3625 μὲν

2270 3638 2470 3701 ἀνεῖλε,
2526 3637 2776 3702 πολλοὺς
2824 3638 2882 3695 δέ
2939 3646 3142 3710 ζῶντας
3197 3637 3411 3697 ἔλαϐεν.
3449 3663 3474 3693 ι
3525 3643 3704 3699 Αὐτὸν
3739 3640 3795 3697 δὲ
3821 3642 3899 3696 τὸν

2273 3727 2472 3783 Θευδᾶν
2535 3733 2925 3804 ζωγρήσαντες,
3013 3729 3384 3805 ἂποτέμνολσι
3466 3733 3566 3800 τήν
3649 3733 3900 3810 κεφαλή-ι,

2273 3817 2362 3871 καὶ
2393 3819 2713 3892 κομίζουσιν
2744 3819 2818 3880 εἷς
2853 3819 3230 3894 Ἰεροσόλυμα.

523 3910 836 3966 abducunt.
869 3929 896 3961 ι
934 3911 1062 3980 Ipse
1089 3907 1324 3979 quidem
1354 3906 1624 3961 Theudae
1669 3904 1834 3960 vivus
1883 3907 1941 3960 in
1984 3923 2185 3961 eorum
2238 3910 2495 3980 pervenit
2545 3915 2903 3983 potestatem,
2935 3912 3177 3984 ejusque
3221 3912 3405 3968 necati
3441 3917 3619 3984 caput
3644 3913 3894 3967 Hieroso-

524 4014 690 4070 ryma
719 3996 1003 4068 perlatum
1037 4000 1147 4052 est.

1121 4119 1376 4192 gnaru'r
1414 4120 1544 4176 xu.

519 4231 852 4300 Martyrium
879 4227 1072 4287 Jacobi
1099 4228 1346 4301 apostoli,
1377 4227 1488 4301 ﬁlii
1505 4225 1748 4301 Ζεζιεάκὶ
1771 4245 1790 4282 :
1812 4227 2166 4301 ejusdemque

954 4298 1156 4371 fratris
1186 4300 1410 4356 Joannis
1448 4298 1716 4367 Theologi.

590 4487 733 4544 Huic
763 4485 1038 4558 deinceps
1067 4483 1324 4540 historia:
1363 4483 1513 4539 idem
1540 4481 1831 4554 Josepbus
1879 4497 2156 4554 magnam
2189 4499 2232 4563 ι)

519 4578 680 4633 illam
713 4577 925 4632 famem
959 4573 1141 4642 addit,
1173 4572 1344 4630 sicuti
1393 4579 1446 4628 et
1477 4571 1660 4628 Lucas
1702 4572 1760 4626 in
1791 4571 1970 4637 Actis,
2002 4575 2060 4628 et
2086 4588 2155 4628 ea

518 4669 646 4738 ipsa
704 4666 876 4732 fame,
937 4663 1447 4735 apostolorumque
1505 4660 1827 4718 ministerio
1873 4665 2154 4734 exposito,

520 4753 661 4810 illud
711 4753 919 4809 deinde
969 4751 1142 4807 infert
1190 4769 1203 4808 :
1257 4773 1285 4801 ‹‹
1337 4753 1414 4805 Eo
1465 4754 1658 4806 autem
1709 4754 1990 4822 tempore,
2049 4748 2155 4804 sub

517 4842 756 4899 Claudio
785 4841 1072 4910 videlicet,
1130 4841 1381 4897 Herodes
1421 4856 1519 4894 rex
1568 4840 1646 4911 (2)
1696 4840 1890 4911 (quem
1948 4839 2162 4910 Agrip-

518 4949 649 5005 pam
692 4929 984 5004 Josephus
1039 4930 1322 4998 nominat,
1381 4929 1567 4984 Lucas
1625 4934 1821 4984 autem
1881 4927 2160 4983 Herodem

517 5025 710 5092 vocat,
738 5021 889 5092 quod
940 5021 1186 5077 fortasse
1243 5018 1564 5076 binominis
1611 5018 1806 5090 fuerit)
1856 5033 2068 5073 manus
2103 5018 2158 5072 in

519 5111 836 5168 nonnullos
871 5110 1020 5166 152
1051 5125 1119 5164 ex
1147 5107 1426 5175 Ecclesia,
1459 5115 1521 5164 ut
1551 5123 1650 5164 eos
1682 5106 1988 5178 afﬂigeret,
2021 5105 2165 5177 inje-

519 5200 616 5255 cit.
657 5199 882 5256 Occidit
911 5203 1106 5256 autem
1154 5196 1435 5253 Jacobum
1486 5196 1722 5252 fratrem
1753 5194 2002 5252 Joannis
2033 5194 2163 5265 gla-

595 5380 673 5452 (t)
705 5379 784 5436 De
814 5397 881 5438 ea
912 5380 1175 5438 historici
1204 5382 1456 5438 variant.

597 5449 672 5522 (2')
698 5451 976 5525 (Claudius
1007 5453 1272 5525 Agrime
1305 5468 1544 5523 regnum
1579 5449 1964 5525 confirmavit,
1997 5463 2170 5525 omne

525 5521 766 5597 Herodis
817 5521 1237 5595 iniperiifm'ét
1285 5521 1542 5597 Lysanim
1583 5525 1826 5580 addens.
1867 5521 2170 5597 _llerodem

526 5595 791 5664 Agrippa:
843 5593 1079 5650 fratrem
1121 5593 1412 5651 Chalcidis
1460 5611 1652 5664 regem
1696 5594 2013 5650 constituit.
2045 5593 2173 5663 (Jo-

525 5664 716 5738 seph.,
761 5665 858 5721 lib.
893 5682 1009 5728 XIX,
1042 5684 1165 5738 cap.
1200 5668 1252 5732 4,
1288 5668 1360 5722 De
1390 5668 1494 5722 bell
1535 5666 1772 5735 Judaic.,
1800 5665 1903 5722 lib.
1947 5680 2010 5736 ιι,
2041 5680 2168 5738 cap.

2885 4129 3136 4181 ΚΕΦΔΛ.
3179 4128 3276 4182 IB'.

2275 4231 2666 4304 Μαρτόριον
2692 4227 3016 4304 Ἰακώβου
3036 4235 3152 4304 τοῦ
3172 4231 3579 4304 ἀποστόλου,
3612 4233 3770 4304 μὶοῦ
3801 4231 3900 4304 μὲν

2345 4249 2666 4358 αρτυςιον
2693 4249 3579 4299 ἰακωοουτουαποστολου,
3612 4249 3770 4304 μιου
3801 4249 3900 4304 μεν

2345 4297 2505 4356 Ζεϐε
2561 4302 2730 4371 α’ίου,
2761 4301 3054 4381 ἀδελφοῦ
3085 4301 3150 4358 δὲ
3182 4303 3496 4362 Ἰωάννου
3526 4308 3648 4357 τοῦ
3677 4301 3904 4360 Θεολό-

2343 4393 2482 4448 γου.

2339 4478 2498 4547 Ἑξῆς
2552 4475 2608 4532 δὲ
2663 4478 2842 4551 τούτῳ
2899 4479 2989 4534 καὶ
3045 4479 3110 4534 τὰ
3157 4479 3292 4534 κατὰ
3338 4479 3429 4534 τὸν
3493 4479 3663 4554 μέγαν
3711 4479 3904 4554 ἱστορεῖ

2263 4567 2507 4640 γενέσθαι
2565 4564 2749 4641 λιμὸν,
2783 4569 2858 4632 ὡς
2901 4567 2992 4622 καὶ
3044 4573 3255 4629 Λουκᾶς
3314 4567 3365 4621 έν
3420 4572 3543 4631 ταῖς
3598 4565 3903 4642 Πράξεσιτᾶ

2266 4654 2402 4710 κατᾶ
2455 4655 2547 4710 τὸν
2605 4653 2774 4730 λιμὸν
2831 4658 2922 4712 καὶ
2980 4658 3080 4727 τήν
3129 4661 3238 4712 τῶν
3287 4656 3608 4712 ἀποστόλων
3639 4652 3900 4711 διακονίαν

2274 4743 2458 4815 εἰπὼν,
2495 4747 2610 4802 εἶτα
2661 4745 2849 4822 ἐπάγει
2883 4788 2896 4803 .
2933 4773 2959 4800 ‹‹
3014 4749 3143 4804 Κατ’
3191 4746 3397 4802 ἐκεῖνον
3449 4745 3506 4802 δὲ
3555 4747 3650 4801 τὸν
3707 4747 3904 4821 καιρὸν,

2271 4836 2361 4888 τὸν
2393 4833 2478 4890 ἐπὶ
2521 4833 2792 4891 Κλαυδίου
2845 4834 3087 4908 δηλαδὴ,
3138 4831 3400 4892 ἐπέϐαλεν
3457 4833 3767 4912 Ἡρώδηςὸ
3819 4837 3906 4912 βα-

2273 4921 2454 4986 σιλεὺς
2509 4925 2592 4998 (ὃν
2647 4923 2704 4980 δὲ
2763 4924 3067 5002 ’Δγρίππαν
3109 4927 3382 4997 Ἰώσηπος
3441 4924 3616 5002 λέγει,
3661 4923 3906 4979 τοῦτονὸ

2274 5018 2483 5077 Λουκᾶς
2525 5011 2779 5087 Ἡρώδην
2833 5014 3039 5070 καλεῖ·
3102 5013 3231 5077 ἴσως
3292 5013 3565 5086 διώνυμος
3625 5014 3716 5086 ἦν)
3753 5032 3769 5046 ⁸
3827 5013 3908 5068 ἑπ-

2275 5097 2437 5158 έῦαλε
2487 5104 2584 5165 τὰς
2641 5109 2834 5179 χεῖρας
2889 5109 3130 5160 κακῶσαι
3192 5105 3344 5166 τινὲς
3395 5108 3503 5158 τῶν
3536 5105 3644 5158 ἀπὸ
3675 5109 3778 5172 τῆς
3811 5103 3914 5157 Ἐκ-

2273 5189 2530 5262 κλησίας.
2589 5191 2798 5248 ’Δνεῖλε
2857 5192 2913 5249 δὲ
2963 5189 3218 5252 Ἰάκωϐον
3250 5196 3345 5248 τὸν
3397 5189 3629 5270 ἀδελφὸν
3676 5193 3913 5250 Ἰωτὶννου

2277 5373 2358 5445 4.)
2404 5373 2563 5428 Idem
2613 5375 2864 5430 llerodes
2911 5375 3276 5431 sacerdotum
3325 5379 3384 5430 et
3428 5373 3633 5437 templi
3673 5371 3917 5445 admini-

2278 5444 2620 5520 strationem
2649 5462 2681 5520 a
2711 5446 2953 5502 Claudio
2985 5446 3341 5520 impetravit.
3375 5445 3674 5520 (.loscpb.,_
3699 5444 3801 5499 lib.
3830 5458 3920 5520 xx,

2280 5517 2532 5590 cap._4.)_
2561 5517 2770 5590 Eodem
2805 5516 3353 5590 mortuo,'regnumr
3381 5516 3508 5588 ejus
3538 5517 3806 5590 Agrippa:
3826 5516 3919 5585 ju-

2281 5587 2428 5643 niori
2476 5587 2756 5645 Claudius
2806 5590 3046 5645 tradidit
3086 5605 3100 5646 :
3153 5587 3256 5646 oui
3304 5589 3361 5644 id
3404 5587 3703 5646 usquead
3737 5593 3923 5642 vasta-

2281 5604 2428 5643 mon
2476 5604 2756 5645 unaunius
2806 5604 3046 5645 traoiau
3086 5605 3100 5646 :
3199 5607 3256 5644 ιιι
3304 5604 3361 5644 ιιι
3404 5605 3473 5644 us
3521 5604 3592 5642 ue
3629 5604 3703 5643 aa
3737 5604 3923 5642 vasu-

2281 5660 2497 5718 tlonem
2546 5660 3080 5734 Hierosolymorum
3129 5606 3403 5718 0%tinuit.
3465 5604 3662 5731 (ibid,
3694 5675 3818 5730 cap.
3847 5657 3923 5726 9.)
