4070 6274
160 349 274 410 785

1176 347 1790 410 EGCLESIASTIC/E
1833 349 2224 411 HISTORUE
2268 351 2414 411 LIB.
2465 350 2538 409 Il.

3463 357 3582 416 786

163 482 448 557 μαχαίρᾳ.
487 506 513 532 u
550 481 679 554 Περί
711 481 772 536 οῦ
804 481 892 536 καὶ
943 481 1186 555 Κλήμης
1215 483 1244 537 6
1275 481 1624 557 στρωματεὺς
1655 479 1710 536 ἒν
1753 484 1822 555 τῇ

1950 483 2051 538 lio.
2095 505 2123 532 »
2175 482 2255 540 De
2297 499 2412 554 quo
2459 482 2726 539 Clemens
2770 500 3005 557 quoque
3056 484 3436 560 στρωματεὺς,
3477 505 3584 546 seu

163 569 385 647 ἑϐδόμῃ
413 577 528 628 τῶν
557 573 1090 628 Ὑποτυπώσεων
1141 575 1367 646 μνήμης
1419 569 1564 644 ἄξιον
1605 573 1829 647 ἱστορεῖ,

161 662 221 718 ἐκ
248 670 352 732 τῆς
407 660 612 718 ἄνωθεν
660 659 1014 736 παραδόσεως
1047 662 1325 742 εἰληφέναι
1358 663 1574 738 φάσκων
1621 660 1786 732 αὑτήν
1815 681 1828 694 ’

171 780 193 804 ι
215 756 455 827 Ὃτιπερ
489 753 516 807 ὁ
548 752 625 816 εἰς
655 753 719 807 τὸ
753 751 1050 828 μαρτύριον
1083 752 1300 831 ἀγαγὼν
1332 751 1514 823 αὐτὸν,
1572 749 1700 806 ἰδὼν
1733 750 1828 806 αὐ⁹

169 844 261 896 τὸν
333 842 577 916 γενναίῳ
646 843 832 916 ψυχῆς
900 843 1286 916 παραστήματι
1354 838 1830 918 διαγωνιζόμενον,

171 929 504 1006 Χριστιανὸν
536 931 624 986 καὶ
666 929 830 993 αὐτός
873 931 1064 986 ἑαυτὸν
1117 931 1254 986 εἶναι
1299 930 1647 1006 ἀνωμολόγει
1675 947 1688 960 ’
1739 928 1828 984 καὶ

169 1021 343 1096 ἄμφω
406 1019 527 1092 οῦν,
587 1020 746 1098 φησὶ,
806 1022 1275 1095 συναπήχθησαν·
1315 1043 1340 1074 ι
1392 1021 1482 1075 καὶ
1537 1021 1674 1074 κατά
1727 1019 1829 1088 τὴν

171 1109 299 1166 ὁδὸν
355 1109 595 1182 ἠξίωσεν
653 1109 802 1182 αύτῷ
860 1110 1122 1186 ἀφεθῆναι
1182 1107 1286 1165 ὑπὸ
1347 1105 1633 1166 Ἰακώϐου.
1683 1109 1740 1162 Ὀ
1782 1104 1828 1162 δ’

171 1199 362 1274 ὀλίγον
440 1198 803 1274 σκεψάμενος,
857 1197 1060 1273 Εἰρήνη
1110 1219 1218 1268 σοι,
1269 1198 1382 1253 εἶπε
1411 1215 1424 1228 '
1474 1198 1562 1252 καὶ
1609 1198 1828 1276 κατεφίο

170 1288 338 1359 λησεν
373 1287 540 1343 αὐτόν
567 1307 579 1319 ·
615 1287 704 1342 καὶ
737 1285 913 1350 οὕτως
961 1286 1266 1362 ἀμφότεροι
1311 1286 1824 1362 ἐκαρατομήθησαν.

173 1375 325 1434 Ἰδών
361 1398 426 1453 γε
472 1378 582 1450 μὴν
628 1372 908 1450 Ἡρώδης,
959 1373 1033 1436 ὥς
1085 1395 1247 1452 φησιν
1277 1376 1312 1443 ἡ
1343 1374 1460 1428 θεία
1509 1373 1718 1449 Γραφή,
1751 1373 1828 1435 ὡς

415 1463 442 1486 ’ὃ
521 1471 550 1483 υ
642 1467 695 1486 Τ.
757 1466 817 1486 οἰκ
873 1461 896 1486 ᾗ

173 1575 277 1618 σις,
305 1557 395 1610 καὶ
437 1554 640 1629 Πέτρον
670 1555 912 1629 συσχὼν,
959 1553 1063 1608 ὑπὸ
1115 1555 1353 1628 φρουράν
1396 1549 1580 1619 ἐτίθει,
1637 1549 1828 1605 ἁλύσει

177 1646 372 1718 βαρείᾳ
432 1638 778 1718 περιϐαλὼν,
834 1643 925 1696 καὶ
994 1643 1096 1710 τήν
1163 1641 1372 1696 ἐκείνου
1437 1639 1706 1714 ἀναίρεσιν
1772 1636 1825 1694 ἐν

182 1731 380 1808 μελέτῃ
441 1731 514 1803 δὴ
575 1732 712 1807 εἶχε.
777 1730 882 1787 Κάν
940 1725 1132 1806 ἔπραξε
1187 1731 1250 1786 τὸ
1331 1728 1571 1800 ἀνόσιον,
1633 1728 1677 1783 εἰ
1749 1729 1824 1800 μὴ

178 1822 393 1897 νύκτωρ
444 1819 688 1900 ἄγγελος
736 1821 979 1890 ἐπιστὰς,
1029 1825 1136 1875 τῶν
1182 1820 1277 1893 μὲν
1326 1816 1541 1892 δεσμῶν
1586 1816 1776 1887 ἀνῆκεν
1808 1839 1822 1852 ο
1863 1856 1906 1920 Β

184 1911 259 1976 εἷς
287 1910 344 1967 δὲ
371 1915 478 1982 τήν
507 1917 606 1967 τοῦ
636 1910 991 1986 κηρύγματος
1020 1909 1174 1972 αὖθις
1209 1906 1467 1964 ὡδοποίει
1526 1904 1826 1963 διακονίαν.

187 2003 280 2058 Καὶ
328 2003 396 2056 τὰ
451 2003 548 2076 μὲν
597 2007 698 2070 τῆς
746 2000 882 2056 κατὰ
935 1998 1137 2074 Ιιὲτρον
1195 1999 1341 2060 θείας
1403 1995 1721 2068 οἰκονομίας
1779 1997 1831 2051 ἐν

183 2091 432 2152 τούτοις’
466 2091 538 2146 τά
585 2087 643 2145 δὲ
685 2095 783 2158 τῆς
833 2089 970 2143 κατά
1015 2092 1125 2143 τῶν
1175 2085 1496 2142 ἀποστόλων
1548 2085 1832 2160 ἐπιχειρή-

186 2201 320 2244 στως
361 2176 619 2252 Ἡρώδου
687 2177 864 2232 οὐκέτ’
925 2175 978 2231 ἐν
1033 2171 1329 2238 ἀναϐολαῖς
1377 2175 1512 2243 ἦσαν
1555 2177 1624 2248 τῇ
1681 2171 1828 2248 δίκῃ,

189 2267 310 2323 ἀλλ’
341 2267 394 2340 ἐξ
441 2269 617 2338 αὐτῆς
672 2266 882 2341 μετῄει,
930 2265 1123 2340 καίπερ
1172 2264 1394 2320 εἰωθυῖα
1443 2260 1724 2339 βραδύνειν
1753 2263 1826 2326 ὡς

189 2357 252 2412 τά
278 2358 486 2414 πολλά.

1939 579 2259 642 contextor,
2313 575 2592 631 memoria
2638 575 2918 646 quiddam
2967 575 3210 650 dignum
3244 578 3302 635 in
3333 580 3581 653 septimo

1941 665 2364 736 Disliositionum
2404 663 2555 720 libro
2602 680 2670 721 ex
2719 665 3004 736 majorum
3056 667 3366 726 traditione
3415 686 3584 728 acce-

1942 760 2100 823 ptum
2133 752 2410 824 scripsit:
2443 774 2474 803 «
2505 753 2670 816 Quod
2693 753 2764 822 is,
2796 753 2894 825 qui
2929 753 3094 810 illum
3127 756 3199 811 ad
3235 759 3579 830 martyrium

1939 841 2210 910 ducebat,
2256 858 2390 896 cum
2439 857 2569 897 eum
2601 856 2874 913 generose
2904 844 3249 915 admodum,
3284 857 3337 904 et
3369 867 3583 923 magna

1939 948 2071 988 cum
2103 931 2432 987 constantia
2463 931 2534 986 ad
2567 930 2918 1002 supplicium
2951 932 3034 989 ire
3075 935 3312 1008 videret,
3343 955 3407 996 se
3435 957 3582 1012 quo—

1937 1036 2055 1091 que
2085 1019 2485 1076 Christianum
2516 1033 2640 1074 esse
2670 1019 2964 1092 professus
2985 1023 3082 1079 sit.
3111 1023 3362 1098 Uterque
3382 1027 3578 1100 igitur,

1939 1108 2150 1180 inquit,
2188 1109 2366 1165 simul
2389 1109 2622 1166 abducti
2651 1115 2810 1167 sunt.
2845 1134 2874 1162 »
2904 1114 3089 1185 Atque
3117 1115 3270 1172 inter
3297 1120 3578 1190 eundum,

1939 1215 2148 1254 noxam
2181 1199 2295 1254 sibi
2327 1197 2422 1254 ille
2466 1216 2500 1254 a
2527 1199 2743 1256 Jacobo
2776 1201 2988 1258 remitti
3021 1205 3262 1276 rogavit.
3295 1207 3580 1266 Jacobum

1939 1305 2108 1360 porro
2138 1287 2444 1359 paululum
2469 1287 2823 1346 deliberasse
2849 1309 2862 1346 :
2889 1309 3132 1364 moxque
3157 1295 3228 1350 ad
3254 1295 3442 1367 illum,
3467 1299 3584 1355 Pax

1939 1377 2065 1445 tibi,
2097 1379 2313 1434 dixisse
2338 1394 2351 1431 :
2379 1378 2764 1451 osculumque
2787 1380 2856 1435 ad
2883 1398 3077 1438 vocem
3109 1400 3237 1440 eam
3265 1387 3578 1458 addidisse,

1937 1471 1996 1522 et
2031 1465 2116 1523 sic
2167 1469 2478 1538 utrumque
2527 1468 2716 1539 capite
2763 1473 3097 1527 truncatum
3145 1489 3288 1529 esse.
3329 1477 3582 1534 Herodes

1937 1559 2159 1624 autem,
2192 1559 2254 1610 ut
2285 1571 2452 1613 sacra
2482 1555 2670 1626 inquit
2699 1557 3014 1629 Scriptura,
3045 1575 3178 1617 eum
3205 1569 3427 1633 gratam
3456 1583 3584 1623 esse

1935 1643 2162 1700 Judazis
2193 1643 2392 1700 Jacobi
2425 1645 2638 1700 eadem
2670 1645 2914 1716 videret,
2946 1648 3177 1708 Petrum
3198 1650 3396 1709 itidem
3428 1671 3584 1712 com-

1939 1732 2314 1802 prehensum,
2365 1733 2638 1805 gravique
2691 1736 2894 1790 catena
2940 1735 3222 1809 vinctum,
3269 1739 3328 1796 in
3386 1746 3583 1800 custo-

1937 1821 2098 1876 diam
2131 1822 2399 1892 conjecit,
2449 1823 2760 1894 eidemque
2796 1823 3149 1896 supplicium
3190 1827 3392 1886 itidem
3423 1831 3583 1903 capi-

1940 1909 2054 1966 tale
2090 1911 2334 1966 molitus
2379 1915 2483 1966 est.
2531 1912 2598 1966 Et
2644 1912 2980 1984 perfecisset
3025 1914 3122 1972 ille
3153 1915 3393 1989 impiam
3424 1919 3583 1978 illam

1939 2001 2182 2066 cuidem,
2205 2000 2312 2056 nisi
2337 2000 2582 2074 angelus
2601 2006 2770 2058 noctu
2791 2003 3128 2072 adveniens,
3151 2006 3396 2066 vinculis
3415 2009 3585 2068 illum

1941 2090 2269 2157 liberasset,
2317 2095 2375 2146 et
2423 2094 2478 2146 in
2527 2091 2841 2163 pristinum
2877 2095 3232 2166 praedicandi
3279 2099 3438 2154 verbi
3469 2102 3586 2157 mi-

1939 2179 2252 2234 nisterium
2305 2179 2648 2237 reduxisset.
2696 2183 2887 2254 Atque
2929 2184 3200 2256 equidem
3250 2204 3340 2244 res
3378 2190 3588 2247 divina:

1939 2266 2351 2339 dispositionis
2399 2270 2471 2324 de
2518 2272 2708 2337 Petro,
2741 2269 2826 2326 sic
2865 2288 2925 2327 se
2956 2280 3078 2328 tum
3111 2274 3382 2333 habuere.
3414 2279 3586 2335 Caste-

1940 2371 2071 2410 rum
2107 2355 2365 2412 vindicta
2412 2364 2685 2414 conatum
2720 2361 2963 2416 Herodis
3011 2362 3072 2418 in
3111 2363 3399 2434 apostolos
3438 2367 3585 2422 nel'a~

190 2449 306 2506 ium
338 2453 732 2522 per-secutura,
767 2447 1010 2504 minime
1057 2446 1364 2515 cessabat;
1409 2445 1509 2502 sed
1560 2462 1688 2518 quas
1733 2443 1879 2502 alias
1926 2450 1990 2502 ut
2044 2444 2359 2517 plurimum
2415 2449 2637 2505 tardior
2682 2466 2808 2506 esse
2838 2451 3158 2521 consuevit,
3201 2455 3324 2509 tum
3376 2459 3586 2525 praesto

194 2539 384 2595 statim
417 2538 600 2595 aitait.

813 2647 1073 2700 ΚΕΦΔΛ.
1119 2643 1219 2700 Il".

199 2735 304 2826 Ὠς
335 2733 802 2826 ἈγρχίππαςἈά
831 2732 937 2826 καὶ
964 2728 1227 2826 ζέξρώδη
1249 2752 1306 2821 ς’,
1336 2729 1494 2826 τοὺς
1545 2728 1829 2826 anteta-

272 2799 720 2872 λουςέλάσας,
753 2805 936 2864 θείας
977 2799 1168 2872 δίκης
1214 2799 1460 2857 αὐτίκα
1509 2799 1829 2876 πεπείρα-

277 2896 406 2931 ται.

277 2983 417 3038 Ἐπεὲ
475 2984 575 3059 γὰρ
633 2984 768 3055 μετά
822 2983 922 3051 τήν
981 2980 1116 3036 κατά
1165 2985 1274 3035 τῶν
1332 2978 1657 3034 ἀποστόλων
1712 2977 1830 3034 ἑπι-

2541 2646 2780 2703 CAPUT
2819 2647 2966 2704 XIII.

1944 2734 2006 2790 Ut
2057 2734 2317 2808 Agrippa,
2358 2735 2456 2807 qui
2502 2741 2553 2790 et
2593 2735 2827 2808 Herodes
2863 2737 3041 2793 dictus
3088 2747 3189 2804 est,
3216 2741 3589 2808 persecutione

2011 2809 2071 2858 in
2097 2806 2366 2932 apostolos
2412 2810 2604 2878 (cepta,
2653 2807 2901 2864 divinam
2941 2811 3129 2864 statim
3167 2806 3467 2867 vindictam
3511 2814 3587 2868 sit

2013 2891 2178 2947 βαρει-
2202 2893 2286 2932 us.

2013 2983 2156 3039 Cum
2213 2985 2427 3041 etenim
2478 2988 2611 3056 post
2651 3000 2808 3054 eum,
2861 2987 2962 3058 qui
2992 2987 3184 3044 dictus
3213 2993 3322 3055 est,
3354 2990 3414 3044 in
3447 3007 3587 3062 apo-

205 3072 445 3147 χείρησιν
501 3072 578 3134 εἷς
655 3073 971 3148 Καισάρειαν
1045 3069 1320 3146 ὥρμησεν.
1381 3068 1432 3124 ἐν
1489 3071 1670 3144 ἠμὲρᾳ
1724 3071 1832 3122 τῶν

1950 3071 2125 3127 stolos
2182 3075 2522 3140 susceptum
2581 3078 2882 3142 conatum,
2941 3076 3260 3132 Caesaream
3308 3077 3584 3148 venisset,

205 3161 480 3236 ἐπισήμων
537 3164 725 3232 ἐσθῆτι
781 3166 1062 3238 περιφανεῖ
1135 3162 1582 3234 κοσμησάμενον,
1649 3157 1830 3214 διάτο-

206 3254 290 3325 ρὸν
341 3273 400 3307 τε
454 3251 546 3308 καὶ
599 3251 855 3326 λαμπρὸν
901 3253 1008 3327 πρὸ
1070 3255 1168 3306 τοῦ
1218 3247 1532 3305 δικαστικοῦ
1583 3250 1833 3325 βήματος

207 3337 643 3418 δημηγοροῦντα,
698 3341 789 3396 καὶ
839 3340 1012 3415 ταύτῃ
1063 3337 1129 3410 δὴ
1185 3343 1282 3395 τοῦ
1346 3336 1528 3412 δήμου
1568 3332 1830 3394 ἐπιϐοῶν-

206 3451 312 3499 τος,
344 3437 503 3488 Θεοῦ
534 3432 713 3508 φωνή
767 3431 874 3486 καὶ
923 3431 1042 3486 οὐκ
1083 3429 1471 3504 ἀνθρώπου·
1522 3428 1735 3502 αύτὶκα,
1771 3427 1836 3482 τὸ

209 3519 344 3594 ίερόν
397 3543 533 3593 φησι
584 3519 794 3596 λόγιον,
838 3521 1070 3596 ἄγγελον
1120 3524 1313 3576 τοῦτον
1362 3519 1579 3592 ἀοράτῳ
1639 3516 1834 3592 πληγῇ

212 3611 431 3680 πατάξαι
465 3631 477 3643 ·
541 3610 823 3666 κάντεῦθεν
879 3608 1156 3684 ἀποψύξαι
1210 3609 1496 3683 γενόμενον
1549 3606 1836 3678 σκωληκό-

211 3695 436 3774 ϐρωτον.
489 3702 588 3756 Καὶ
649 3699 715 3771 δὴ
773 3699 865 3755 σὺν
925 3698 1121 3763 ἄλλοις
1181 3700 1272 3754 καὶ
1329 3704 1491 3754 τοῦτο
1550 3697 1839 3770 θαυμάζειν

213 3809 301 3860 μοι
338 3785 562 3858 ἔπεισιν,
612 3788 762 3852 ὅπως
795 3791 823 3845 6
856 3791 978 3864 παρ’
1025 3785 1304 3864 Ἑϐραίοις
1360 3789 1627 3856 Ἰώσηπος
1666 3785 1839 3842 καθά-

210 3897 307 3934 παν
371 3879 615 3953 συνᾴδειν
671 3880 814 3935 ἔοικε
867 3884 936 3954 τῇ
987 3880 1104 3952 θείᾳ
1163 3883 1350 3954 Γραφῇ
1385 3897 1397 3911 ·
1467 3879 1552 3933 οἶα
1599 3875 1702 3952 γὰρ
1750 3875 1840 3930 καὶ

210 3970 324 4043 περί
354 3977 451 4040 τῆς
477 3967 740 4038 τελευτῆς
770 3966 1022 4044 Ἡρώδου
1060 3967 1113 4023 ἓν
1161 3967 1240 4041 τῷ
1273 3969 1341 4022 ιθ¹
1373 3969 1472 4036 τῆς
1518 3970 1838 4040 Ἀρχαιο-

211 4054 445 4134 λογίας
544 4055 811 4129 διέξεισιν,
894 4059 1083 4122 αὐταῖς
1165 4057 1340 4130 λέξεσι
1431 4057 1836 4130 παραθήσομαι.

211 4146 473 4222 «Τρίτον,
505 4148 692 4226 φησὶν,
740 4143 859 4209 ἔτος
908 4147 1053 4218 αὐτῷ
1100 4153 1198 4215 τῆς
1247 4144 1386 4217 ὅλης
1429 4141 1690 4206 Ἰουδαίας
1735 4145 1842 4217 βα-

211 4234 478 4294 σιλεύοντι
525 4237 898 4311 πεπλήρωτοο
951 4238 1040 4291 καὶ
1089 4243 1268 4312 παρῆν
1323 4236 1400 4300 εἰς
1447 4233 1608 4291 πόλιν
1654 4234 1844 4288 Καισά-

213 4344 374 4397 ρειαν,
431 4327 467 4396 ἢ
525 4328 590 4382 τὸ
633 4325 895 4402 πρότερον
949 4329 1268 4401 Στράτωνος
1319 4327 1522 4401 πύργος
1570 4323 1840 4379 ἐκαλεῖτο.

214 4416 478 4472 Συνετὲλει
527 4413 577 4472 δ’
623 4415 848 4470 ἐνταῦθα
900 4415 1128 4490 θεωρίας
1175 4414 1252 4476 εἷς
1301 4416 1399 4484 τὴν
1446 4413 1714 4487 Καίσαρος
1761 4433 1843 4466 τι·

215 4505 339 4575 μὴν,
399 4507 534 4580 ὑπὲρ
585 4512 684 4575 τῆς
734 4503 940 4560 ἐκείνου
990 4505 1262 4578 σωτηρίας
1311 4505 1503 4580 ἑορτήν
1555 4524 1671 4558 τινα
1713 4500 1843 4556 ταύ-

212 4610 306 4660 την
334 4591 689 4667 ἐπιστάμενος
713 4610 728 4624 ’
763 4593 854 4648 καὶ
886 4593 1014 4669 παρ’
1055 4590 1223 4662 αὒτήν
1270 4592 1531 4666 ἤθροιστο
1581 4591 1715 4645 κατὰ
1744 4592 1842 4658 τήν

214 4673 468 4756 ἒπαρχίαν
501 4681 556 4737 ἔν
597 4679 745 4738 τέλει
797 4680 886 4736 καὶ
936 4675 1362 4755 προϐεϐηκότων
1415 4679 1488 4742 εἷς
1519 4678 1669 4750 ἀξίαν
1701 4677 1847 4748 πλῆ-

216 4764 321 4829 θος.
365 4770 595 4846 Δευτὲρᾳ
643 4768 700 4825 δὲ
748 4773 857 4824 τῶν
904 4772 1150 4845 θεωριῶν
1199 4769 1381 4846 ἡμέρᾳ
1434 4769 1639 4836 στολήν
1703 4763 1852 4822 ἔνδυ-

217 4853 434 4929 σᾶμενος
489 4857 543 4930 ἒξ
600 4859 842 4935 ἀργύρου
899 4860 1277 4932 πεποιημένην
1336 4864 1534 4916 πᾶσαν.
1587 4858 1661 4918 ὡς
1718 4858 1851 4910 θαυ-

222 4945 401 5014 μάσιον
441 4947 584 5028 ὗφήν
633 4949 798 5019 εἶναι,
847 4947 1123 5024 παρῆλθεν
1174 4948 1251 5012 εἷς
1303 4947 1365 5003 τὸ
1417 4949 1640 5021 θέατρον
1687 4947 1853 5021 ἀρχο-

222 5032 378 5104 μένης
409 5038 644 5113 ἡμέρας.
674 5037 836 5094 Ἔνθα
867 5042 988 5100 ταῖς
1017 5038 1262 5114 πρώταις
1291 5039 1399 5092 τῶν
1433 5035 1679 5106 ἡλιακῶν
1700 5034 1852 5090 ἀκτί-

219 5140 318 5174 νων
363 5122 650 5189 ἒπιϐολαῖς
704 5127 732 5182 6
782 5126 1019 5201 ἄργυρος
1081 5126 1490 5201 καταυγασθεὶς,
1539 5123 1850 5198 θαυμασίως

222 5206 504 5271 ἀπέστιλϐε
528 5233 542 5248 ⁸
579 5214 906 5291 μαρμαίρων
937 5236 989 5270 τι
1035 5209 1268 5294 φοϐερὸν
1297 5214 1387 5269 καὶ
1419 5217 1536 5276 τοῖς
1569 5213 1644 5275 εἰς
1692 5211 1851 5268 αὺτὸν

221 5296 512 5370 ἀτενίζουσι
562 5301 856 5382 φρικῶδες.
905 5303 1074 5366 Εὐθὺς
1119 5301 1176 5358 δὲ
1218 5303 1270 5358 οἱ
1319 5301 1552 5364 κόλακες
1599 5303 1694 5365 τὰς
1740 5299 1854 5357 οὐδ’

223 5381 400 5463 ἐκείνῳ
438 5394 575 5469 πρὸς
603 5395 804 5470 ἀγαθοῦ
853 5393 1025 5456 ἄλλος
1075 5391 1311 5448 ἄλλοθεν
1359 5394 1541 5468 φωνὰς
1590 5387 1853 5463 ἀνεϐόών,

227 5477 348 5532 Θεὸν
395 5484 920 5560 προσαγορεύοντες·
980 5481 1228 5556 Εὐμενὴς
1282 5479 1420 5552 εἷής.
1471 5477 1850 5558 ἐπιλέγοντες.

291 5665 529 5746 (1)(ἳοιιρ.
561 5673 634 5746 8;
665 5675 724 5730 et
751 5673 824 5732 De
853 5672 978 5733 but.
1009 5670 1229 5732 Judaic.
1251 5669 1352 5728 lib.
1384 5685 1448 5743 ιι,
1477 5661 1602 5742 cap.
1635 5669 1690 5741 4,
1731 5667 1819 5724 ιο.

1945 3159 2155 3216 celebri
2187 3162 2437 3232 quodam
2469 3163 2582 3232 die,
2629 3162 2938 3236 splendida
2983 3167 3222 3221 ornatus
3253 3169 3430 3233 veste,
3465 3182 3584 3222 ma-

1945 3266 2063 3322 gna
2107 3250 2263 3306 vocis
2302 3251 2670 3308 contentione
2716 3252 3119 3310 vehementius
3177 3255 3589 3328 copiosiusque

1948 3355 2052 3411 pro
2101 3339 2376 3396 tribunali
2428 3342 2496 3396 ad
2549 3342 2832 3414 populum
2883 3342 3056 3399 verba
3104 3343 3257 3400 fecit.
3291 3345 3380 3400 Ad
3417 3345 3587 3415 cujus

1947 3429 2267 3485 orationem
2317 3446 2451 3485 cum
2503 3429 2669 3502 plebs
2714 3431 3100 3488 acclamasset
3130 3449 3143 3486 :
3179 3435 3278 3488 Dei
3313 3449 3436 3502 vox,
3477 3449 3585 3490 non

1947 3517 2204 3584 hominis,
2264 3519 2592 3588 confestim,
2654 3524 2719 3575 ut
2776 3537 2952 3576 sacra:
3015 3521 3239 3577 Littera:
3288 3520 3584 3594 inquiunt,

1947 3605 2188 3679 angelus
2217 3607 2444 3662 occulta
2474 3607 2644 3679 plaga
2671 3625 2804 3664 eum
2853 3609 3150 3666 muletavit
3181 3626 3194 3666 :
3229 3612 3380 3667 unde
3408 3611 3582 3667 etiam

1948 3713 1983 3752 a
2010 3696 2302 3752 vermibus
2349 3712 2616 3753 corrosus
2663 3701 2836 3770 atque
2882 3706 3284 3771 consumptus,
3325 3700 3584 3757 animam

1947 3785 2081 3857 egit.
2135 3785 2437 3842 Enimvero
2485 3789 2693 3858 praeter
2739 3787 2876 3854 alia,
2927 3787 3070 3844 illud
3115 3804 3346 3861 quoque
3387 3789 3583 3845 mirari

1952 3873 2096 3930 mihi
2137 3873 2195 3928 in
2228 3877 2479 3930 mentem
2531 3874 2706 3944 venit,
2757 3877 2906 3948 quod
2941 3876 3313 3935 Hebraeorum
3344 3877 3584 3934 histori-

1949 3980 2056 4020 cus
2082 3963 2399 4035 Josepbus,
2431 3963 2491 4020 in
2524 3963 2862 4022 universum
2885 3965 3094 4022 divinis
3116 3967 3430 4038 Scriptura
3461 3983 3589 4024 con-

1951 4069 2095 4108 sena
2134 4052 2386 4109 scribere
2415 4053 2662 4109 videtur.
2714 4054 2918 4120 Qualia
2964 4071 3216 4127 namque
3245 4057 3318 4113 de
3347 4056 3591 4113 Herodis

1955 4143 2105 4200 153
2140 4141 2298 4198 obitu
2330 4141 2389 4196 in
2421 4142 2644 4199 decimo
2677 4159 2830 4200 nono
2859 4145 3268 4218 Antiquitatum
3297 4144 3444 4202 libro
3466 4162 3595 4202 me-

1955 4235 2140 4288 moret
2169 4233 2270 4303 (t),
2316 4230 2510 4288 verbis
2559 4231 2744 4303 ipsius
2791 4233 3003 4290 referre
3056 4233 3196 4291 libet
3229 4250 3243 4290 :
3277 4258 3304 4286 ‹‹
3337 4235 3592 4302 Tertius,

1951 4321 2166 4392 inquit,
2197 4337 2410 4390 annus,
2439 4337 2507 4376 ex
2537 4337 2648 4392 quo
2672 4325 2850 4378 totam
2870 4323 3133 4380 Judteam
3156 4325 3413 4397 regebat,
3436 4341 3598 4398 pera-

1953 4417 2081 4466 ctus
2114 4411 2322 4479 fuerat,
2354 4425 2488 4465 cum
2520 4410 2570 4466 is
2601 4414 2891 4474 Casuram,
2943 4429 3070 4484 qua;
3112 4421 3284 4471 antea
3311 4414 3598 4470 Stratonis

1954 4499 2138 4555 turris
2166 4503 2370 4554 vocata
2417 4500 2624 4565 fuerat,
2675 4503 2846 4566 esset,
2877 4501 3087 4558 edebat
3114 4501 3195 4556 ibi
3227 4502 3285 4557 in
3319 4502 3597 4558 honorem

1955 4587 2219 4657 Caasaris,
2250 4603 2356 4660 pro
2388 4588 2560 4658 cujus
2577 4587 2786 4657 salute,
2821 4590 2994 4646 festos
3026 4593 3318 4664 quosdam
3344 4591 3602 4648 institue-

1958 4682 2046 4733 rat
2094 4677 2238 4744 dies,
2296 4677 2648 4749 spectacula.
2693 4679 3030 4736 Conﬂuebat
3076 4687 3198 4736 tum
3249 4696 3319 4737 ex
3359 4697 3428 4736 ea
3458 4697 3600 4754 pro-

1959 4765 2169 4835 vincia,
2219 4780 2419 4822 eorum
2471 4765 2568 4836 qui
2619 4767 3000 4838 magistratus
3048 4771 3105 4824 et
3151 4767 3398 4826 honores
3441 4784 3603 4841 gere-

1963 4855 2123 4922 bant,
2157 4854 2228 4910 ad
2261 4868 2397 4910 eum
2429 4853 2769 4911 multitudo.
2815 4855 2987 4913 Porro
3019 4856 3272 4915 secundo
3301 4863 3603 4930 spectacu-

1959 4943 2150 5002 lorum
2184 4942 2280 4998 die
2325 4945 2546 5000 vestem
2593 4959 2661 4999 ex
2705 4947 2940 5015 argento
2992 4945 3136 5002 miro
3185 4946 3431 5002 artiﬁcio
3461 4963 3601 5004 con-

1961 5035 2177 5089 textam
2207 5031 2418 5096 induit,
2449 5035 2508 5087 et
2554 5031 2613 5087 in
2645 5031 2936 5088 theatrum
2968 5049 3103 5090 cum
3131 5032 3322 5106 prima
3351 5035 3476 5090 luce
3507 5051 3603 5090 vc-

1963 5120 2068 5178 nit.
2093 5120 2179 5178 Ibi
2202 5119 2411 5194 primis
2433 5119 2712 5177 solarium
2737 5121 3032 5178 radiorum
3058 5121 3272 5179 ictibus
3295 5128 3602 5195 argentum

1963 5211 2322 5268 illustratum
2357 5210 2692 5267 mirandum
2725 5211 2786 5267 in
2818 5212 3059 5268 modum
3091 5212 3456 5280 coruscabat,
3493 5229 3606 5270 me-

1963 5301 2246 5361 tuendum
2279 5304 2455 5372 atque
2477 5301 2836 5360 horrendum
2865 5303 3144 5374 quiddam
3167 5302 3604 5376 inspicientium

1964 5391 2148 5451 oculis
2178 5391 2487 5463 splendore
2531 5407 2638 5448 suo
2679 5391 2956 5450 inferens.
2989 5391 3190 5466 Itaque
3219 5396 3606 5450 assentatores

1970 5481 2105 5538 hinc
2130 5483 2188 5537 et
2218 5480 2377 5546 inde,
2406 5481 2643 5537 vocibus
2675 5495 2745 5537 ne
2773 5480 2884 5553 ipsi
2916 5481 3156 5554 quidem
3187 5482 3340 5541 bono
3372 5481 3605 5540 futuris.
