4070 6274
444 298 563 359 787

1740 297 2163 360 NICEPHOBI
2206 298 2552 362 CALLISTI

3722 301 3864 360 788

447 433 888 492 acclamabant:
921 437 1098 491 Deum
1131 435 1284 490 enim
1317 433 1706 506 appellabant,
1737 437 1794 490 et
1824 436 1887 489 ut
1914 433 2086 487 bene-

2231 429 2250 484 ἲ
2295 431 2384 486 καὶ
2447 431 2613 508 μέχρι
2663 437 2753 488 νῦν
2800 434 2876 494 ὡς
2923 431 3207 508 ἄνθρωπον
3258 427 3644 510 ἐφοϐήθημεν·
3697 431 3858 486 (illi

447 519 616 578 velus
647 521 1049 594 propitiusque
1099 521 1181 576 eis
1221 529 1390 590 esset,
1423 522 1710 592 rogabant
1743 537 1756 574 :
1791 521 1838 576 si
1877 519 2088 576 hucus-

449 627 564 682 que
599 625 734 666 eum
767 613 831 664 ut
861 609 1158 665 hominem
1189 610 1358 666 veriti
1393 613 1610 679 essent,
1634 611 1704 666 de
1731 615 1938 666 caztere
1971 611 2086 666 hu-

450 717 626 757 mana
673 704 885 756 natura
926 699 1286 770 superiorem
1327 699 1905 772 praestantioremque
1945 718 2086 772 pro-

449 789 706 846 fessuros
743 789 892 856 esse,
940 787 1300 860 pollicentes.
1342 790 1466 845 Non
1517 789 1808 862 increpuit
1838 806 1937 846 eos
1969 807 2085 857 rex,

451 895 642 952 neque
691 884 814 934 tam
862 878 1106 950 impiam
1155 878 1611 942 assentationem
1658 884 1748 936 est
1790 879 2086 936 amolitus.

450 969 562 1026 Sed
597 966 770 1040 paulo
811 971 943 1038 post
988 969 1160 1038 caput
1205 983 1380 1023 suum
1411 967 1670 1038 sustulit,
1711 973 1768 1025 et
1797 969 2086 1024 bubonem

451 1055 710 1114 funiculo
759 1056 990 1113 cuidam
1036 1056 1388 1113 insidentem
1437 1057 1760 1129 conspexit,
1803 1062 1860 1113 et
1890 1062 2088 1114 statim

452 1147 740 1205 malorum
793 1145 948 1203 hunc
994 1161 1117 1202 esse
1167 1145 1456 1214 nuntium,
1500 1147 1600 1218 qui
1631 1147 1917 1204 bonorum
1950 1149 2086 1202 etim

451 1237 661 1308 fuerat,
683 1235 1114 1292 animadvertit.
1142 1235 1346 1306 Itaque
1366 1235 1692 1292 immensus
1709 1237 1868 1293 illius
1891 1242 2094 1309 pectus

451 1327 631 1399 dolor,
699 1329 1079 1397 ventremque
1143 1325 1456 1388 cruciatus,
1521 1344 1654 1382 eum
1731 1328 2095 1385 vehementia

452 1433 684 1476 summa
715 1414 972 1483 invasit;
1023 1421 1077 1470 et
1107 1415 1179 1470 ad
1211 1413 1427 1470 amicos
1459 1431 1774 1475 conversus
1807 1433 1820 1473 :
1853 1419 1936 1474 En
1969 1435 2094 1488 ego,

452 1507 666 1578 inquit,
696 1505 851 1562 Deus
899 1511 1106 1572 vester,
1157 1504 1332 1561 vitam
1381 1505 1708 1578 relinquere
1737 1511 1925 1580 coget,
1958 1524 2090 1564 cum

448 1596 576 1667 jam
609 1593 797 1652 fatalis
828 1598 886 1650 et
916 1593 1110 1650 divina
1142 1595 1230 1651 vis
1259 1595 1572 1652 ementitus
1602 1597 1661 1651 in
1695 1613 1785 1652 me
1814 1613 1982 1653 voces
2013 1613 2096 1652 ve-

457 1694 609 1743 stras
640 1687 952 1755 cearguat:
1005 1688 1063 1740 et
1109 1685 1207 1756 qui
1249 1685 1420 1741 modo
1463 1703 1497 1741 a
1542 1685 1704 1742 vobis
1748 1686 2097 1744 immortalis

2191 521 2509 576 τούντεῦθεν
2561 523 2762 592 θνητῆς
2816 525 3028 598 φύσεως
3077 521 3362 596 κρείσσονα
3413 543 3474 596 γε
3521 519 3854 598 ὁμολογοῦ-

2200 631 2317 682 μεν.
2361 611 2474 665 Οὐκ
2527 611 2799 682 ἐπέπληξε
2853 611 3068 673 τούτοις
3129 613 3158 666 ὁ
3221 610 3500 687 βασιλεὺς,
3564 607 3687 665 οὐδέ
3741 612 3852 677 τήν

2193 697 2482 754 κολακείαν
2571 695 2865 754 ἀσεϐοῦσαν
2957 699 3310 774 ἀπετρίψατο.
3404 699 3704 771 ’Λνακόψας
3800 697 3848 752 δ’

2196 787 2290 844 οὖν
2345 791 2463 861 μετ’
2518 788 2710 866 ὀλίγον
2759 791 2848 845 τὸν
2900 786 3154 866 βουϐῶνα
3201 797 3302 859 τῆς
3358 790 3550 844 ἑαυτοῦ
3596 788 3852 862 κεφαλῆς

2199 876 2697 952 ὑπερκαθεζόμενον
2767 878 2901 934 εἶδεν
2953 879 3044 935 ἐπὶ
3094 877 3344 954 σχοινίου
3393 879 3561 948 τινὸς,
3617 877 3844 953 ἄγγελον

2199 973 2393 1023 τοῦτον
2449 969 2599 1030 εὐθὺς
2638 968 2827 1040 ἐνόησε
2866 975 3044 1025 κακῶν
3089 969 3250 1038 εἶναι,
3288 969 3379 1024 τὸν
3418 970 3509 1024 καί
3564 989 3690 1024 ποτε
3725 975 3842 1022 τῶν

2201 1057 2413 1131 ἀγαθῶν
2469 1058 2776 1131 γενόμενον.
2838 1061 2942 1116 Καὶ
3015 1057 3328 1135 διακάρδιον
3377 1053 3537 1134 ἔσχεν
3607 1056 3839 1128 (sa-sym-

2202 1146 2398 1222 ἀθρόον
2460 1145 2505 1201 δ’
2565 1147 2709 1219 αὖτῷ
2765 1155 2864 1218 τῆς
2921 1148 3133 1212 κοιλίας
3200 1150 3537 1224 προσέφυσεν
3613 1147 3845 1224 ἄλγημα

2205 1237 2340 1309 μετᾶ
2387 1233 2760 1313 αροδρότητος
2820 1237 3136 1312 ἀρξάμενον,
3181 1241 3534 1312 ’Δναθεωρῶν
3584 1237 3677 1292 οὖν
3703 1239 3844 1310 πρὸς

2203 1327 2330 1388 τοὺς
2375 1326 2590 1404 φίλους.
2641 1328 2698 1383 Ὀ
2749 1328 2870 1390 θεὸς
2919 1329 3045 1401 ὑμῖν
3093 1327 3217 1404 ἐγὼ,
3275 1329 3462 1406 φησὶν,
3510 1325 3619 1397 ἤδη
3675 1348 3844 1382 κατα-

2205 1415 2444 1494 στρέφειν
2501 1415 2860 1491 ἐπιτάττομαι
2889 1417 2978 1472 τὸν
3033 1417 3172 1492 βίον,
3224 1419 3570 1492 παραχρῆμα
3617 1419 3712 1484 τῆς
3763 1418 3844 1470 εἱ·

2208 1505 2492 1582 μαρμένης
2577 1507 2672 1569 τὰς

2203 1593 2544 1672 ἐλεγχούσης
2571 1615 2582 1629 ’

2759 1507 2879 1580 ἄρτι
2952 1529 3055 1580 μου
3137 1505 3575 1581 κατεψευσμένας
3660 1507 3841 1583 φωνὰς

2635 1596 2723 1651 καὶ
2757 1596 2786 1650 ὁ
2827 1596 3054 1666 κληθεὶς
3105 1595 3365 1658 ἀθάνατος
3418 1597 3503 1670 ὑφ’
3540 1597 3688 1668 ὑμῶν
3727 1592 3844 1664 ἤδη

2205 1687 2376 1740 θανεῖν
2435 1684 2742 1762 ἀπάγομαι.
2823 1687 3042 1740 Λεκτέον
3104 1683 3159 1741 δὲ
3214 1687 3312 1755 τήν
3365 1685 3752 1760 πεπρωμένην,

458 1791 590 1831 sum
621 1774 838 1841 dictus,
889 1789 1042 1831 nunc
1087 1774 1162 1830 ad
1209 1779 1456 1832 mortem
1495 1775 1770 1832 abducor.
1803 1777 1914 1832 Sed
1947 1776 2099 1832 acci-

2227 1775 2334 1836 9564
2370 1769 2704 1848 βεϐούληται
2729 1791 2740 1806 ·
2783 1775 2873 1829 καὶ
2903 1777 3006 1850 γὰρ
3064 1769 3406 1850 βεϐιώκαμεν
3461 1772 3679 1848 οὐδαμῆ
3707 1772 3846 1849 φαύ-

458 1863 740 1934 piendum
787 1863 964 1925 venit,
1016 1865 1171 1936 quod
1224 1869 1336 1921 Deo
1381 1872 1468 1922 est
1495 1865 1704 1933 visum,
1738 1865 1941 1922 fatum.
1971 1865 2094 1920 Non

459 1954 770 2012 obscuram
817 1957 1014 2011 tamen
1064 1971 1192 2024 nos,
1237 1956 1336 2012 sed
1371 1954 1642 2012 felicioris
1670 1954 2100 2027 splendidieris-

461 2059 574 2116 que
605 2043 774 2100 sortis
821 2044 1122 2117 exegimus
1169 2044 1364 2102 vitam.
1411 2044 1544 2102 Haec
1569 2045 1669 2100 ubi
1701 2044 1964 2115 dixisset,
1997 2046 2099 2102 de-

463 2134 612 2190 leres
683 2147 818 2190 eum
888 2134 1234 2190 intensiores
1310 2133 1670 2191 cruciabant.
1746 2137 2104 2207 Quapropter

463 2239 678 2296 magna
707 2223 1008 2280 celeritate
1034 2223 1094 2279 in
1117 2223 1333 2296 regiam
1355 2228 1444 2281 est
1464 2225 1827 2295 deportatus.
1850 2225 1920 2280 Et
1952 2226 2106 2280 fama

465 2313 618 2385 apud
650 2329 854 2370 omnes
886 2311 1102 2384 passim
1133 2313 1440 2375 increbuit.
1473 2313 1645 2384 paulo
1667 2317 1798 2386 post
1818 2329 1947 2369 eum
1981 2330 2103 2369 em-

467 2403 608 2460 nino
640 2402 992 2460 moriturum
1040 2418 1194 2458 esse.
1242 2403 1394 2458 Tum
1425 2401 1738 2458 multitudo
1767 2401 1961 2458 omnis
1994 2418 2108 2458 una

471 2510 606 2550 cum
659 2493 1006 2564 cenjugibus
1053 2496 1113 2547 et
1156 2491 1376 2562 liberis,
1426 2491 1676 2564 sumptis
1719 2491 1904 2562 patrie
1952 2509 2111 2548 mere

471 2583 680 2649 saccis,
729 2581 986 2654 locisque
1033 2580 1306 2637 omnibus
1354 2581 1491 2637 fletu
1541 2583 1598 2637 et
1644 2581 1805 2636 luctu
1854 2581 2109 2652 repletis,

469 2675 584 2730 Dee
613 2689 716 2742 pro
743 2669 932 2728 salute
961 2669 1113 2742 regis
1141 2670 1564 2742 supplicarent.
1613 2672 1684 2726 Et
1713 2687 1844 2726 cum
1880 2671 1936 2726 in
1967 2671 2111 2727 sub-

469 2761 700 2820 limiore
755 2758 1025 2817 cubiculo
1083 2759 1136 2816 is
1202 2759 1598 2838 decumberet,
1657 2761 1814 2818 154
1867 2765 1924 2816 et
1977 2759 2114 2816 inde

468 2851 736 2916 homines
793 2849 1036 2920 supinos
1091 2849 1542 2920 procumbentes
1609 2849 1983 2921 prospiceret,
2045 2866 2116 2904 ne

473 2944 598 3013 ipse
627 2939 861 3012 quidem
908 2937 1192 3009 lacrymas
1239 2939 1534 2995 continere
1575 2939 1808 3010 potuit:
1852 2956 1918 2994 ac
1949 2939 2118 3009 quin-

476 3047 590 3102 que
615 3027 923 3086 continues
952 3027 1078 3084 dies
1106 3027 1321 3084 ventris
1350 3027 1649 3084 doloribus
1681 3027 1995 3096 confectus,
2037 3029 2116 3084 vi-

476 3125 597 3176 tam
629 3117 819 3174 ﬁnivit
845 3117 966 3190 (1);
1013 3117 1198 3173 aetatis
1229 3116 1788 3189 quinquagesimum
1821 3121 2112 3188 quartum,

2215 1861 2350 1932 λως,
2408 1861 2534 1917 ἀλλ’
2586 1861 2674 1917 ἐπὶ
2732 1870 2831 1934 τῆς
2911 1866 3353 1938 μακαριζομένης
3431 1861 3849 1936 λαμπρότητος.

2211 1953 2369 2008 Ταῦθ’
2399 1956 2510 2026 ἅμα
2553 1951 2748 2029 λέγων,
2799 1951 3036 2008 ἐπιτάσει
3085 1959 3184 2022 τῆς
3229 1951 3426 2024 ὀδύνης
3474 1955 3851 2010 κατεπονεῖτο.

2215 2041 2360 2097 Μετὰ
2417 2039 2658 2111 σπουδῆς
2703 2039 2796 2096 οὖν
2846 2041 2923 2106 εἷς
2967 2041 3031 2097 τὸ
3084 2040 3360 2117 βασίλειον
3411 2041 3702 2114 ἐκομίσθη.
3751 2042 3849 2096 Καὶ

2215 2127 2365 2203 διῇξε
2406 2128 2575 2205 λόγος
2629 2129 2704 2193 εἷς
2752 2133 2973 2202 πάντας,
3016 2131 3090 2195 ὡς
3129 2127 3252 2206 ἔχοι
3290 2135 3387 2186 τοῦ
3426 2132 3674 2187 τεθνάναι
3712 2152 3853 2186 παν-

2216 2220 2412 2274 τάπασι
2449 2221 2564 2292 μετ’
2597 2219 2804 2295 ὀλίγον.
2856 2224 2917 2275 Ἢ
2969 2219 3186 2290 πληθὺς
3235 2219 3282 2276 δ’
3329 2221 3521 2276 αὐτίκα
3568 2225 3715 2276 πᾶσα
3759 2222 3853 2276 σὺν

2219 2309 2426 2382 γυναιξὶ
2485 2308 2576 2364 καὶ
2621 2308 2802 2364 παισὶν
2863 2308 2949 2365 έπί
3010 2310 3212 2364 σάκκου
3257 2312 3576 2366 καθεσθεῖσα
3621 2316 3704 2383 τῷ
3747 2332 3861 2366 πα-

2219 2395 2356 2471 τρίῳ
2403 2398 2578 2471 νόμῳ,
2633 2399 2724 2452 τὸν
2775 2399 2904 2453 Θεὸν
2963 2398 3199 2454 ἱκέτευον
3235 2399 3366 2474 ὑπὲρ
3413 2403 3511 2454 τοῦ
3565 2399 3857 2473 βασιλέως.

2220 2487 2488 2562 Οὶμωγῆς
2544 2507 2602 2542 τε
2657 2487 2828 2541 πάντα
2885 2488 2950 2556 ἦν
3003 2485 3254 2542 ἀνάπλεω
3326 2489 3418 2542 καὶ
3475 2490 3711 2564 θρήνων.
3770 2494 3857 2544 Ἐν

2223 2575 2424 2648 ὑψηλῷ
2455 2573 2511 2630 δὲ
2554 2575 2808 2650 βασιλεὺς
2842 2573 3106 2650 δωματίῳ
3137 2577 3542 2650 κατακείμενος,
3583 2579 3674 2633 καὶ
3709 2580 3857 2634 κάτω

2225 2663 2446 2739 βλέπων
2496 2664 2690 2728 αὖτόὺς
2777 2671 3001 2741 πρηνεῖς
3078 2667 3542 2741 προσπίπτοντας,
3628 2664 3865 2743 ἄδακρυς

2226 2751 2342 2810 οὐδ’
2373 2755 2532 2818 αὐτὸς
2582 2753 2756 2828 ἔμενε.
2809 2760 3062 2830 Συνεχῐῦς
3105 2753 3152 2810 δ’
3201 2754 3280 2826 ἔφ’
3335 2759 3545 2830 ἡμέρας
3602 2758 3760 2820 πέντε
3786 2763 3867 2828 τῷ

2222 2851 2324 2914 τῆς
2371 2845 2602 2919 γαστρὸς
2651 2845 2936 2920 ἀλγήματι
2986 2843 3342 2920 διεργασθεὶς,
3391 2847 3484 2902 τὸν
3538 2847 3658 2921 βίον
3711 2848 3866 2902 κατέ-

2227 2939 2468 3011 στρεψεν,
2512 2935 2618 2990 ἀπὸ
2671 2937 2929 3011 γενέσεως
2987 2933 3132 3011 ἄγων
3191 2939 3551 3008 πεντηκοστὸν
3603 2936 3718 2998 ἔτος
3766 2939 3863 2991 καὶ

2227 3027 2506 3098 τέταρτον,
2561 3032 2661 3094 τῆς
2709 3024 2766 3080 δέ
2817 3024 3095 3101 βασιλείας
3147 3021 3404 3098 ἕϐδομον.
3456 3027 3705 3101 Τέσσαρας
3757 3027 3856 3098 μὲν

2231 3115 2321 3170 οὖν
2355 3115 2441 3170 ἐπὶ
2501 3115 2664 3170 Γαίου
2717 3115 2981 3190 Καίσαρος
3031 3116 3371 3172 ἐκασίλευσεν
3424 3116 3712 3185 ἐνιαυτοὺς,
3757 3117 3863 3184 τῆς

479 3208 637 3280 regni
671 3185 987 3280 septimum
1020 3223 1200 3278 agens
1222 3185 1464 3262 annum.
1485 3185 1744 3271 Quatuor
1764 3185 1998 3278 quidem
2027 3205 2111 3260 illc

2231 3205 2520 3261 Φιλίππου
2583 3206 2679 3279 μὲν
2734 3185 3060 3282 τετραρχίας
3116 3207 3192 3269 είς
3247 3207 3481 3282 τριετίαν
3539 3204 3696 3278 ἄρξας
3731 3225 3744 3238 ·
3784 3211 3865 3278 τῷ

481 3297 592 3354 sub
639 3297 772 3354 Caio
823 3295 1081 3367 regnavit
1120 3311 1303 3352 annos
1353 3295 1454 3366 (2),
1503 3293 1814 3350 tetrarchia
1870 3293 2122 3366 Philippi

481 3387 672 3442 tribus
703 3383 874 3442 annis
922 3383 1350 3452 administrata,
1403 3382 1648 3439 Herodis
1695 3389 1886 3438 autem
1923 3391 2122 3454 quarto

485 3493 639 3533 anno
675 3479 922 3546 recepta.
955 3474 1099 3530 Tres
1129 3489 1298 3544 porro
1322 3472 1580 3546 reliquos
1598 3489 1783 3529 annos
1813 3473 1924 3529 sub
1955 3473 2124 3529 Clau-

485 3565 568 3622 dii
597 3563 838 3636 imperie
870 3562 1257 3634 consumpsit.
1283 3583 1312 3612 ››
1345 3561 1569 3635 Dignus
1599 3567 1751 3618 certe
1773 3563 2004 3634 quidem
2037 3567 2126 3618 est

482 3654 775 3728 Jesephus
806 3655 918 3710 iste
947 3653 1352 3721 admiretione,
1383 3652 1486 3724 qui
1515 3652 1598 3709 sic
1628 3651 1840 3709 divinis
1869 3668 2127 3710 consona

488 3744 718 3804 Litteris
747 3743 983 3801 scribat.

1101 3851 1334 3908 CAPUT
1372 3851 1510 3908 XIV.

492 3945 568 3999 De
596 3943 815 3997 Simone
843 3941 1014 4011 Mago,
1063 3941 1288 4012 ejusque
1333 3939 1548 4004 haeresi,
1593 3949 1650 3996 et
1699 3948 1758 3996 ut
1793 3942 1846 3996 et
1875 3943 2130 3997 restiterit

684 4013 748 4068 in
773 4012 972 4083 primis
1007 4011 1366 4068 Romw’divus
1405 4015 1676 4084 apostolus
1702 4017 1922 4068 Petrus.

563 4195 710 4251 Cum
740 4195 810 4250 ad
843 4209 975 4250 eum
1026 4193 1262 4248 modum
1305 4191 1604 4263 persuasio
1636 4199 1690 4247 et
1720 4191 1864 4249 ﬁdes
1895 4193 1952 4247 in
1993 4193 2131 4248 Ser—

493 4288 750 4340 vaterem
802 4300 904 4355 per
951 4297 1183 4338 omnem
1235 4285 1644 4352 propagaretur
1695 4285 1934 4349 terram,
1986 4283 2132 4336 anti-

495 4391 646 4446 quus
697 4372 797 4429 ille
844 4371 1073 4444 generis
1121 4369 1441 4442 salutisque
1487 4374 1692 4427 nostra:
1733 4370 1940 4440 hostis,
1974 4372 2131 4428 omni

495 4468 704 4522 conatu
731 4466 788 4520 et
819 4461 1023 4518 fraude
1051 4461 1252 4516 urbem
1271 4476 1421 4529 eam,
1450 4460 1508 4516 in
1540 4477 1654 4532 qua
1682 4465 1808 4516 tum
1836 4476 2129 4516 summum

2229 3295 2470 3369 τετάρτῳ
2530 3293 2588 3349 δὲ
2642 3295 2731 3350 καὶ
2792 3297 2892 3364 τὴν
2940 3292 3186 3367 Ἡρώδου
3238 3295 3630 3370 προσειληφώς
3661 3311 3676 3327 ⁸
3722 3301 3865 3371 τρεῖς

2233 3381 2276 3438 δ’
2337 3379 2616 3438 ἐπιλαϐὼν
2671 3390 2769 3453 τῆς
2843 3381 3115 3440 Κλαυδίου
3193 3385 3455 3458 Καίσαρος
3537 3385 3862 3458 αὐτοκρατο-

2235 3472 2373 3548 ρίας.
2409 3495 2438 3522 »ι
2497 3470 2780 3544 Θαιόματος
2837 3470 2928 3527 οὖν
2996 3471 3144 3542 ἄξιος
3202 3474 3292 3528 καὶ

2231 3567 2349 3624 ταῖς
2381 3561 2544 3623 θείαις
2577 3559 2818 3633 συνᾴδων
2851 3567 3110 3639 Γραφαῖς.

3375 3473 3668 3544 Ἰώσηπος,
3725 3471 3867 3528 οὕτω

2855 3850 3119 3903 ΚΕΦΑΛ.
3170 3848 3267 3902 13'.

2239 3935 2546 4007 Περίτοῦ
2575 3933 2818 4007 γόητος
2857 3931 3195 4007 Σίμωνος,
3226 3932 3331 3988 καὶ
3365 3940 3490 4002 τῆς
3520 3934 3758 4007 τούτου
3785 3933 3871 4007 αἱ·

2310 4003 2552 4078 ρέσεως
2579 4003 2598 4035 ’⁷
2625 4005 2737 4078 καὶ,
2772 4005 2854 4066 ὡς
2899 4003 3306 4078 ἀντέπραττε
3335 4012 3578 4078 τούτῳ,
3611 4005 3719 4078 κ-αὶ
3753 4003 3866 4074 μά-

2312 4075 2504 4132 λιστα
2533 4075 2596 4132 ἐν
2625 4076 2851 4150 Ῥώμῃ
2887 4075 3132 4150 Πέτρος
3165 4079 3352 4140 θεῖος
3379 4075 3786 4136 ἀπόστολος.

2311 4181 2463 4238 Οὕτω
2521 4186 2652 4258 γοῦν
2710 4187 2810 4252 τῆς
2867 4181 3004 4236 κατᾶ
3053 4182 3144 4237 τὸν
3198 4187 3435 4256 Σωτῆρα
3488 4181 3718 4244 πίστεως
3775 4183 3868 4236 ἀντὶ

2242 4277 2412 4327 πᾶσαν
2463 4269 2854 4342 διαδεδομένης
2903 4272 3004 4339 τὴν
3050 4277 3180 4346 γῆν,
3211 4272 3239 4324 ὁ
3277 4270 3510 4346 ἀρχαῖος
3547 4275 3646 4326 τοῦ
3687 4273 3866 4347 γένους

2241 4361 2330 4416 καὶ
2362 4369 2460 4430 τῆς
2494 4359 2768 4435 σωτηρίας
2817 4361 2978 4432 ἡμῶν
3027 4359 3321 4434 πολέμιος,
3375 4365 3602 4435 μηχανῇ
3631 4365 3700 4434 τῇ
3730 4362 3866 4434 πασῃ

2241 4451 2340 4519 τὴν
2406 4448 2661 4519 τηνικάδε
2749 4448 3142 4523 βασιλεύουσαν
3221 4451 3567 4524 προαρπάσαι
3635 4448 3866 4504 σπεύδων

491 4562 644 4615 esset
688 4550 1027 4625 imperium,
1080 4549 1388 4622 prmripere
1437 4553 1612 4621 atque
1663 4565 1948 4620 occupare
1998 4565 2101 4604 con

2242 4539 2426 4606 πόλιν,
2457 4536 2568 4593 ἐκεῖ
2599 4537 2664 4607 δὴ
2714 4537 2806 4592 τὸν
2852 4536 3074 4610 Σίμωνα
3119 4539 3209 4592 τὸν
3260 4537 3368 4592 ἀπὸ
3416 4539 3604 4610 κώμης
3655 4541 3866 4608 Γιτθῶν,

491 4645 760 4708 tendens,
809 4640 1109 4698 Simonem
1151 4637 1272 4696 vico
1311 4637 1546 4695 Gitthon
1579 4643 1792 4708 ortum,
1835 4639 1934 4712 qui
1964 4641 2135 4694 antea

491 4733 790 4791 Orientem
823 4745 1161 4803 peragrans,
1185 4728 1634 4785 incantamentis
1664 4745 1798 4786 eum
1831 4732 2006 4800 atque
2035 4729 2136 4784 im-

491 4821 755 4896 pusturis
803 4819 1214 4891 compleverat,
1262 4835 1330 4874 eo
1382 4819 1580 4888 mittit,
1623 4818 1818 4890 ibique
1849 4817 1946 4874 ille
1976 4817 2130 4874 brevi

403 4903 406 4906 ’
493 4914 646 4967 cives
689 4911 978 4966 Romanos
1021 4909 1248 4982 (paucis
1279 4909 1554 4981 exceptis)
1605 4909 1832 4979 magica
1878 4924 1982 4963 sua
2011 4911 2133 4962 arte

493 4998 738 5056 seducit.
799 5002 876 5056 Eo
928 5003 1121 5055 autem
1178 4997 1492 5068 impietatis
1549 4998 1824 5068 pervenit,
1879 5003 1941 5050 ut
1998 5011 2131 5050 cum

493 5088 639 5144 deus
669 5103 798 5144 esse
827 5088 1173 5154 crederetur,
1209 5095 1330 5142 lum
1365 5090 1560 5142 statua
1593 5085 1902 5158 magnifica
1939 5085 1999 5140 in
2031 5089 2134 5139 ﬂu-

493 5177 652 5232 mine
699 5173 896 5231 Tiberi
947 5176 1095 5230 inter
1141 5176 1290 5230 duos
1334 5179 1536 5245 pontes
1567 5173 1972 5243 honeraretur,
2003 5187 2131 5226 cum

493 5264 866 5335 inscriptione
913 5265 1058 5320 tali:
1101 5265 1312 5322 Simoni
1354 5265 1453 5320 dco
1500 5269 1702 5319 sancto.
1755 5264 1945 5334 Atque
2003 5260 2138 5315 inde

495 5355 642 5411 deus
671 5369 790 5412 non
820 5358 1044 5410 tantum
1071 5355 1227 5426 apud
1255 5353 1672 5410 Samaritanes.
1706 5368 1902 5409 verum
1927 5350 1984 5404 in
2007 5349 2138 5405 aliis

568 5553 649 5624 (1)
679 5552 797 5608 Sub
837 5552 1078 5609 Herodis
1110 5553 1346 5610 nomine
1385 5556 1566 5607 Lucas
1599 5552 1859 5622 Agrippae
1891 5545 2140 5606 senioris

498 5639 705 5681 necem
737 5624 1060 5681 describere
1090 5626 1340 5692 videtur,
1371 5625 1496 5679 Act.
1527 5640 1628 5679 xu.

2241 4630 2333 4684 τὸν
2363 4631 2462 4697 τήν
2513 4631 2626 4686 Ἕω
2671 4625 2952 4683 διελθόντα
2997 4627 3262 4703 πρότερον
3311 4627 3404 4682 καὶ
3451 4631 3562 4682 τῶν
3613 4633 3866 4704 γοητειῶν

2242 4716 2618 4791 ἐμπλήσαντα,
2681 4714 3035 4772 συνελαύνει·
3087 4716 3144 4778 ὃς
3201 4715 3252 4770 ἐν
3305 4717 3368 4772 οὗ
3423 4721 3616 4791 μακρῷ
3671 4717 3866 4792 χρόνῳ,

2239 4805 2389 4876 πλὴν
2446 4803 2678 4881 ἀλίγων,
2735 4803 2863 4867 τοὺς
2919 4805 3233 4876 Ῥωμαίους
3302 4807 3372 4877 τῇ
3433 4801 3664 4884 σφετέρᾳ
3719 4827 3866 4860 συνυ-

2240 4895 2470 4970 πάγεται
2517 4894 2761 4970 γοητεία.
2815 4893 2903 4956 Ἐς
2951 4897 3208 4948 τοσοῦτον
3257 4890 3314 4948 δὲ
3363 4892 3571 4963 ἣλασεν
3616 4891 3864 4962 ἀσεϐείας,

2241 4985 2314 5045 ὡς
2371 4985 2463 5038 καὶ
2522 4984 2640 5046 θεὸς
2716 4982 3064 5054 νομισθῆναι,
3137 4981 3379 5037 ἀναθέσει
3449 5003 3506 5038 τε
3565 4981 3866 5058 ἀνδριάντος

2240 5075 2550 5150 περιφανῶς
2598 5073 2898 5144 τιμηθῆναι
2931 5070 2982 5124 έν
3013 5074 3094 5142 τῷ
3135 5065 3342 5144 Τιϐέρει
3394 5077 3640 5144 ποταμῷ
3690 5071 3866 5144 μεταξῦ

2241 5165 2347 5215 τῶν
2401 5159 2495 5214 δύο
2553 5165 2841 5236 γεφυρῶν·
2893 5160 2944 5214 ἐν
2990 5160 3036 5231 ᾦ
3078 5158 3165 5212 καὶ
3216 5157 3491 5236 ἐπιγραφή
3541 5161 3681 5230 αὕτη
3729 5159 3863 5215 ἐστί·

2244 5250 2498 5322 Σίμωνι
2530 5248 2653 5304 δέω
2684 5250 2944 5323 σάγκτω
2969 5266 2982 5278 ·
3024 5247 3268 5302 τουτέστι
3318 5247 3534 5320 Σίμωνι
3569 5251 3680 5320 θεῷ
3727 5251 3864 5325 ἁγίῳ.

2244 5341 2516 5394 Ἐντεῦθεν
2547 5339 2669 5400 θεὸς
2701 5337 2763 5392 οὐ
2797 5338 2961 5410 μόνον
2995 5339 3142 5410 παρὰ
3183 5335 3570 5410 Σαμαρείταις,
3605 5337 3750 5393 ἀλλὰ
3789 5339 3866 5393 καὶ

2317 5541 2698 5613 (2)C|audius
2729 5543 2928 5613 postea
2950 5539 3225 5613 Agrippae
3261 5537 3485 5613 junieri
3518 5536 3768 5610 Philippi
3793 5545 3866 5594 te-

2245 5610 2562 5671 trarchiam
2591 5611 3063 5670 Trachenitidem
3096 5610 3406 5668 concessit.
