4070 6274
134 372 264 436 789

1193 369 1822 435 ECCLESIASTICAS
1867 375 2264 440 HISTORIIE
2307 374 2456 434 LIB.
2507 369 2582 430 ll.

3471 357 3596 419 790

133 507 192 565 ἒν
257 508 490 570 ἄλλοις
555 506 725 564 ἔθνεσι
787 507 876 561 καὶ
931 509 1150 579 πρῶτος
1230 507 1348 567 θεὸς
1426 511 1831 580 προσκυνεῖται.

1955 528 2186 584 quoque
2234 507 2567 566 nationibus
2615 502 2852 576 primus
2893 499 3052 554 deus
3102 495 3331 552 colitur.
3387 491 3544 558 Quin
3573 506 3605 547 e

137 601 249 656 Καὶ
315 598 540 670 Ἑλένη
599 595 658 653 δέ
710 617 794 658 τις
849 597 1392 670 συμπερινοστνξσασα
1443 598 1642 670 τούτῳ,
1705 597 1836 672 πρό·

134 710 302 765 τερον
338 687 393 744 δ’
431 687 534 744 ἐπὶ
587 691 686 743 τοῦ
741 685 929 762 τέγους
977 687 1232 740 σταθεῖσα
1279 685 1330 740 ἐν
1377 685 1533 762 Τύρῳ
1562 693 1661 756 τῆς
1695 693 1833 742 Φοι-

126 779 182 832 ίι
214 800 314 848 ης,
355 783 486 832 τῶν
559 773 694 831 ἴσων
745 773 894 846 αὐτῷ
947 774 1187 844 ἀξιοῦται
1242 777 1417 850 γερῶν
1448 793 1461 807 ·
1512 775 1574 843 ἢν
1620 795 1720 844 την
1767 749 1857 830 ιΞιπ³

163 865 347 921 αὐτοῦ
407 864 647 941 πρώτην
704 861 911 918 ἔννοιαν
966 861 1210 939 λέγουσι.
1253 867 1434 923 Ταῦτα
1487 862 1538 917 ἐν
1593 867 1662 937 τῇ
1718 865 1855 938 πρὸς

169 957 536 1014 Ἀντωνῖνον
587 954 720 1028 ὑπὲρ
765 956 863 1006 τοῦ
911 953 1028 1006 καθ’
1069 954 1217 1026 ἡμᾶς
1262 950 1537 1028 δόγματος
1585 951 1857 1026 ἀπολογίᾳ

175 1047 206 1100 ὁ
268 1045 328 1100 ἐν
393 1045 642 1118 μάρτυσι
699 1041 1000 1121 φιλόσοφος
1033 1042 1320 1105 Ἰουστῖνος
1381 1039 1633 1114 διέξεισι·
1663 1040 1732 1097 τά
1769 1040 1855 1097 ἴσα

174 1137 205 1191 ‘s
263 1135 362 1191 καὶ
432 1135 737 1211 Εἰρηναῖος
793 1133 822 1187 ὁ
882 1130 1238 1209 Λουγδούνων
1288 1131 1341 1188 ἐν
1385 1137 1464 1205 τῷ
1491 1133 1668 1208 [ἱρὸς
1713 1133 1826 1195 τάς

177 1223 502 1298 αἱρέσεις
547 1223 750 1298 πρώτω
793 1219 946 1295 λόγῳ
975 1222 1163 1294 αὐτοῦ,
1196 1220 1258 1276 οὐ
1290 1219 1432 1276 πολὺ
1463 1224 1569 1276 τῶν
1598 1219 1840 1276 ἀποστό-

167 1311 289 1367 λων
348 1311 583 1386 ὕστεροι
630 1309 950 1387 γεγονότες⁴
983 1309 1107 1384 περὶ
1165 1310 1238 1364 ὧν
1287 1309 1340 1364 ἐν
1395 1313 1476 1381 τῷ
1504 1311 1846 1383 προσήκοντι

147 1401 313 1474 τόπῳ
366 1401 442 1456 τὰ
500 1400 686 1455 είκύτα
737 1397 1064 1472 διέλθωμεν.
1099 1399 1282 1469 Πάσης
1313 1401 1407 1470 μὲν
1437 1397 1532 1452 οὖν
1563 1398 1718 1473 αἱρέσ
1743 1419 1848 1462 εως

145 1491 415 1566 ἀρχηγὸς
482 1490 576 1544 καὶ
632 1494 848 1563 πρῶτος
911 1488 939 1542 6
1013 1486 1197 1561 Σίμων
1277 1488 1410 1542 εἶναι
1482 1487 1842 1542 πιστεύεται·

151 1580 204 1650 ἐξ
237 1581 306 1634 οῦ
370 1579 475 1634 καὶ
540 1577 592 1633 οἱ
649 1577 703 1641 ἐς
762 1575 919 1652 δεῦρο
969 1579 1070 1646 τήν
1123 1575 1288 1632 αὐτοῦ
1349 1579 1619 1650 μετιόντες
1647 1573 1824 1647 δόξαν,

146 1671 252 1738 τὴν
308 1670 586 1746 σώφρονα
635 1668 725 1722 καὶ
774 1661 1078 1737 ἀκίϐδηλον
1108 1672 1207 1736 τῆς
1237 1666 1373 1721 κατά
1403 1667 1638 1740 Χριστὸν
1667 1664 1823 1742 φιλο-

154 1757 356 1834 σοφίας
425 1754 720 1812 πολιτείαν
789 1755 1234 1831 ὑποκρινόμενοι,
1295 1753 1655 1829 ἀπηλλάχθαι
1727 1755 1820 1828 μὲν

1969 579 2178 657 Helena
2211 600 2286 672 (Ι)
2319 597 2582 671 quasdam
2614 609 2809 652 comes
2855 589 3005 660 ejus,
3055 600 3183 657 quae
3213 581 3352 654 Tyri
3383 579 3607 637 Phoeni-

1967 707 2122 760 cum,
2156 695 2291 748 ante
2319 689 2430 746 hac
2461 687 2521 744 in
2553 681 2818 758 lupanari
2849 691 3086 750 corpore
3116 673 3428 747 prostituto
3457 686 3609 742 quaa-

1966 786 2124 836 stum
2157 781 2387 845 fecerat,
2432 791 2626 850 parem
2673 787 2805 829 cum
2853 784 2917 826 eo
2959 766 3239 822 honorem
3271 761 3604 825 consecuta,

1967 872 2165 944 prima:
2197 869 2410 927 mentis
2427 847 2638 924 nomen
2660 861 2902 919 obtinet.
2924 857 3056 912 Herc
3077 853 3160 910 sic
3183 851 3242 907 in
3271 847 3608 906 defensione

1963 937 2066 1034 pro
2075 958 2343 1016 fessionis
2356 960 2565 1014 nostrae
2580 953 2650 1009 ad
2665 948 3021 1007 Antoninum
3039 937 3606 1034 philosophusidem-

1963 1066 2076 1122 que
2106 1050 2319 1120 martyr
2364 1043 2632 1101 Justinus
2664 1035 3102 1097 commemorat.
3135 1028 3358 1095 Quibus
3387 1024 3604 1083 similia

1960 1115 2192 1214 quoque
2243 1115 2443 1195 scribit
2489 1135 2548 1191 in
2599 1132 2787 1205 primo
2829 1143 2936 1186 suo
2969 1125 3168 1214 Contra
3202 1121 3427 1178 haereses
3457 1115 3602 1174 libro

1959 1208 2204 1286 I-renaaus
2259 1221 2666 1298 Lugdunensis
2715 1217 3046 1291 episcopus.
3100 1209 3356 1298 Uterque
3400 1208 3600 1298 autem

1959 1336 2074 1374 non
2106 1318 2279 1388 longe
2306 1294 2440 1388 post
2467 1307 2865 1384 apostolorum
2886 1307 3150 1374 tempora
3171 1295 3352 1388 vixit:
3385 1294 3456 1350 de
3476 1294 3600 1365 qui-

1955 1409 2064 1464 bus
2096 1423 2201 1463 suo
2235 1383 2384 1472 loco,
2432 1383 2560 1474 quas
2592 1415 2696 1471 par
2726 1399 2836 1461 est,
2877 1403 3245 1464 exponemus.
3278 1383 3596 1440 Haeresium

1953 1513 2122 1568 porro
2152 1495 2418 1553 omnium
2442 1473 2557 1546 dux
2586 1495 2642 1544 et
2673 1486 2944 1557 princeps
2965 1479 3168 1536 Simon
3191 1475 3306 1530 iste
3328 1473 3593 1528 habetur.

1955 1564 2113 1642 lJnde
2146 1585 2203 1639 in
2236 1581 2579 1638 hodiernum
2616 1589 2803 1645 usque
2833 1571 3009 1640 diem,
3050 1567 3146 1638 qui
3175 1565 3304 1636 ejus
3333 1564 3473 1618 sunt
3503 1577 3596 1617 se-

1949 1682 2052 1734 ctae
2101 1681 2157 1732 et
2204 1671 2496 1747 Opinionis
2526 1669 2625 1741 (2),
2678 1663 2962 1731 sobrium,
2993 1657 3147 1715 155
3197 1659 3255 1712 et
3297 1654 3592 1711 sincerum

1947 1743 2289 1823 Christianae
2338 1756 2719 1834 philosophia
2778 1752 3118 1810 institutum
3166 1744 3394 1817 egregie
3440 1743 3590 1834 assi-

153 1853 254 1916 τῆς
315 1845 454 1922 περὶ
514 1844 582 1901 τὰ
641 1843 848 1900 εἴδωλα
919 1841 1135 1915 πλάνης
1213 1841 1462 1898 δοκοῦσιν
1495 1861 1510 1875 ⁸
1562 1841 1717 1899 οὐδὲν
1767 1840 1824 1898 δέ

1947 1855 2262 1923 mulantes,
2314 1833 2682 1908 renuntiasse
2713 1844 2947 1917 quidem
2979 1836 3265 1894 idolorum
3299 1834 3480 1890 errori
3507 1833 3589 1887 vi-

154 1938 323 2005 ἦττον
389 1935 604 2004 ταύτης
669 1933 1008 2009 ἀντέχονται,
1055 1931 1259 1990 εἷ’δωλα
1323 1934 1414 1989 καὶ
1467 1931 1674 1996 εἰκόνας
1728 1932 1822 1987 αὐ-

155 2029 252 2080 τοῦ
298 2046 362 2081 τε
407 2025 669 2099 Σίμωνος
715 2023 806 2078 καὶ
853 2021 1082 2094 Ἑλένης
1135 2029 1235 2093 τῆς
1281 2019 1624 2093 δηλωθείσης
1657 2043 1823 2078 σπον-

160 2109 278 2177 δαῖς
335 2113 432 2167 καὶ
493 2109 805 2185 θρησκείαις
864 2109 1179 2184 θρησκεύειν
1249 2109 1656 2184 ἐπιχειροῦντες
1727 2108 1822 2163 αὖ·

157 2201 308 2265 τούς.
347 2200 427 2258 Τά
461 2199 523 2256 δὲ
550 2201 760 2256 τούτων
807 2199 1221 2275 ἀπορῥητότερα
1270 2193 1514 2272 θάμϐους
1557 2198 1632 2260 ὡς
1679 2197 1823 2269 ἀλη-

160 2293 266 2352 θῶς
305 2289 403 2346 καὶ
449 2288 770 2360 ἐκπλήξεως
819 2287 997 2364 γέμει,
1045 2289 1274 2343 τοιαῦτά
1317 2309 1378 2363 γε
1423 2283 1572 2355 ὄντα,
1615 2287 1690 2349 ὡς
1742 2288 1818 2359 μή

164 2385 400 2457 γραφαῖς
461 2377 627 2434 ἱκανά
684 2374 928 2432 δίδοσθαι
980 2377 1153 2432 εἶναι·
1185 2376 1384 2449 πολλῷ
1426 2397 1489 2452 γε
1521 2379 1631 2450 μὴν
1683 2374 1824 2431 ἐνδεῖ

165 2467 468 2545 σωφρόνων
513 2468 729 2543 χείλεσι
775 2464 844 2522 δι’
895 2462 1206 2539 ὑπερϐολὴν
1270 2464 1665 2542 ἀῤῥητοποιίας
1717 2463 1822 2519 λα-

167 2557 404 2616 λεῖσθαι.
434 2560 504 2613 ’Ὀ
550 2578 604 2612 τι
652 2557 784 2612 ποτὶ
831 2554 936 2631 γὰρ
985 2554 1044 2610 ἂν
1092 2555 1150 2629 ᾖ,
1182 2557 1218 2626 ἢ
1259 2553 1594 2625 ἐπινοηθείη,
1626 2555 1821 2616 παντὸς

169 2645 405 2720 αἰσχροῦ
440 2646 810 2720 μιαρώτερον,
839 2649 1002 2699 τοῦτο
1034 2649 1136 2698 πᾶν
1166 2645 1586 2718 ὑπερηκόντισεν
1618 2645 1654 2713 ἡ
1685 2647 1820 2698 τῶν·

172 2732 231 2789 δε
291 2736 655 2811 μυσαρωτάτη
713 2734 939 2810 αἵρεσις,
996 2739 1114 2795 ταῖς
1191 2733 1403 2797 ἀθλίαις
1477 2733 1567 2787 καὶ
1642 2734 1824 2808 ἁμαρ-

173 2823 317 2886 τίαις
379 2821 806 2898 σεσωρευμέναις
872 2823 1111 2899 γυναιξὶν
1169 2823 1567 2898 έμπαιζόντων.
1627 2824 1820 2878 Τοιοῦσ

182 2933 274 2967 τον
330 2914 532 2989 πατέρα
583 2913 673 2968 καὶ
731 2913 982 2988 ἀρχηγὸν
1039 2917 1148 2968 τῶν
1210 2911 1467 2988 μεγάλων
1526 2908 1824 2966 ἀντίπαλον

181 3005 415 3077 Χριστοῦ
477 3004 736 3075 μαθητῶν
788 3002 944 3065 εὐθὺς
1001 3002 1092 3057 καὶ
1149 3001 1210 3057 ἐκ
1264 3001 1574 3076 προοιμίων
1625 3003 1659 3068 ἡ
1717 3006 1820 3068 τῆς

178 3095 282 3145 τῶν
330 3090 631 3166 ἀνθρώπων
683 3090 954 3167 σωτηρίας
1001 3087 1298 3153 ἐπίϐουλος
1349 3090 1440 3145 καὶ
1478 3089 1698 3162 πονηρά
1728 3084 1821 3142 δύο

182 3200 339 3253 ναμις
394 3175 760 3256 προεϐάλετο.
795 3178 960 3238 Ἀλλ’
1007 3182 1041 3249 ἡ
1085 3179 1197 3234 θεία
1257 3181 1420 3258 χάρις
1471 3178 1560 3234 καὶ
1605 3175 1826 3252 ἄμαχος

181 3267 404 3343 δύναμις
450 3274 572 3332 τοῖς
621 3269 835 3341 ἐκείνης
880 3267 1152 3332 διακόνοις
1219 3273 1287 3342 τῇ
1349 3271 1495 3345 σφῶν
1555 3266 1827 3342 παρουσίᾳ

178 3359 271 3427 την
307 3363 416 3414 τῶν
465 3365 650 3416 κακῶν
706 3357 887 3437 φλόγα
945 3364 1227 3434 πανταχοῦ
1300 3355 1652 3434 ῥιπιζομένην
1703 3354 1828 3410 ὅσον

179 3447 342 3524 τάχος
401 3443 671 3519 ἐσϐέννυε,
707 3453 810 3504 πᾶν
865 3447 1068 3522 ὕψωμα
1125 3447 1483 3521 ἐπαιρόμενον
1537 3446 1676 3501 κατά
1729 3450 1829 3513 τῆς

179 3537 424 3610 γνώσεως
480 3541 584 3594 τοῦ
639 3541 773 3593 Θεοῦ
849 3542 1173 3593 ταπεινοῦσα
1223 3536 1312 3592 καὶ
1369 3535 1826 3611 καταρῥίπτουσα.

185 3625 272 3680 Διὸ
342 3627 434 3682 καὶ
513 3623 675 3682 οὐδέν
733 3648 786 3682 τι
845 3632 954 3682 τῶν
1030 3628 1146 3682 κατ’
1195 3625 1430 3688 ἐκείνους
1499 3622 1827 3700 ἐπιφυέντων

185 3714 306 3779 τοὺς
335 3717 574 3791 χρόνους
625 3716 700 3778 εἷς
759 3716 1050 3772 ὑπόστασιν
1097 3713 1284 3794 ἤγετο.
1317 3716 1386 3770 Τὸ
1417 3715 1518 3790 γὰρ
1556 3716 1656 3778 τῆς
1687 3711 1832 3782 ἀλη-

188 3803 325 3866 θείας
419 3803 626 3883 φέγγος
715 3805 1003 3882 ὑπερφυῶς
1096 3805 1316 3878 λάμπον
1408 3802 1768 3876 ἐξήστραπτεν
1812 3817 1828 3834 ⁸

188 3891 471 3966 οὐρανόθεν
503 3895 567 3951 τέ
595 3891 715 3972 ἄρτι
749 3897 1025 3972 αὐγάζων,
1057 3893 1290 3968 ἀκμαῖὸς
1326 3914 1408 3956 τις
1450 3893 1516 3962 ἦν
1566 3893 1653 3946 καὶ
1705 3889 1830 3945 ἀκαο

185 3984 518 4058 ταγώνιστος
579 3987 608 4040 ὁ
666 3983 854 4060 λόγος,
910 3988 980 4058 τῇ
1035 3989 1141 4040 τῶν
1198 3983 1526 4040 ἀποστόλων
1580 3977 1832 4050 πολιτείᾳ

188 4065 630 4148 διαφαινόμενος·
689 4072 806 4129 ὅθεν
865 4077 952 4128 καὶ
1004 4075 1030 4129 ὁ
1081 4071 1368 4148 εῗρημὲνος
1424 4073 1584 4147 γόης,
1615 4073 1830 4144 πρῶτον

187 4155 270 4212 ἐπὶ
303 4160 572 4226 Ἰουδαίας
632 4164 767 4237 πρὸς
823 4167 922 4218 τοῦ
978 4163 1122 4218 θείου
1182 4163 1388 4235 Πέτρου
1449 4161 1523 4222 ὡς
1581 4153 1641 4213 ἔκ
1686 4179 1828 4219 τινος

189 4248 490 4322 κρείττονος
537 4251 742 4330 αἴγλης
797 4253 893 4314 τὰς
951 4260 1048 4322 τῆς
1099 4250 1340 4314 διανοίας
1381 4252 1545 4325 κόρας
1577 4248 1830 4324 πληγεὶς,

189 4338 434 4411 πρίασθαι
463 4345 568 4412 τήν
599 4343 762 4418 χάριν
812 4344 840 4398 6
888 4341 1127 4404 δείλαιος
1178 4340 1406 4412 οἰηθεῖς,
1443 4339 1696 4414 μεγίστην
1742 4340 1830 4393 καὶ

197 4427 547 4503 ὑπερπόντισν
596 4433 819 4508 πορείαν
874 4431 1106 4509 ἀπάρας,
1138 4432 1197 4486 ἐκ
1241 4437 1339 4499 τῆς
1371 4432 1489 4488 "Em
1540 4428 1674 4502 πρὸς
1724 4436 1833 4482 Δυ-

196 4517 328 4588 and:
374 4519 602 4597 ἐχώρει.
635 4522 1045 4599 Προκατασχὼν
1091 4519 1149 4576 δὲ
1197 4523 1296 4590 τὴν
1325 4517 1618 4592 Ῥωμαίων
1647 4518 1834 4586 πόλιν,

1944 1948 2155 2002 dentur
2187 1959 2200 1999 :
2255 1939 2640 1998 nihilominus
2686 1939 2885 1990 tamen
2916 1944 3044 1987 eam
3073 1924 3323 1982 retinere
3351 1929 3591 1980 conten-

1946 2036 2116 2104 dunt,
2165 2030 2481 2088 simulacra
2529 2031 2588 2083 et
2630 2022 2920 2095 imagines
2967 2013 3224 2075 Simonis
3266 2016 3323 2069 et
3361 2011 3588 2104 iielenaa

1929 2097 2114 2176 istius,
2143 2117 2454 2190 erigentes,
2483 2107 2982 2179 libationibusque
3011 2105 3068 2160 et
3097 2097 3459 2158 caeremoniis
3487 2113 3588 2154 eos

1929 2207 2114 2265 colere
2145 2187 2470 2262 stu—dentes.
2504 2198 2720 2254 Horum
2767 2209 2861 2250 res
2890 2187 3246 2262 turpissimis
3277 2189 3576 2258 stuporem

1929 2387 2152 2458 Quippe
2201 2399 2328 2455 quis
2382 2378 2532 2436 tales
2581 2375 2718 2443 sint,
2761 2380 2822 2430 ut
2872 2375 3098 2427 tantum
3145 2365 3299 2423 absit
3331 2367 3396 2458 ut
3427 2361 3581 2434 style

1929 2451 2167 2546 seri-ptis
2197 2451 2349 2528 recte
2377 2465 2643 2526 mandari
2675 2461 2920 2538 possint,
2951 2461 3014 2515 ut
3045 2460 3284 2530 propter
3313 2451 3590 2508 obscenae

1931 2545 2208 2622 {cnditatis
2238 2556 2697 2621 exuberantiam,
2748 2550 2977 2609 nullum
3021 2563 3118 2604 eas
3159 2545 3486 2602 modestum
3513 2557 3570 2606 οι

1931 2722 2279 2815 cogitatione
2308 2733 2534 2806 concipi
2565 2737 2774 2806 potest,
2795 2729 2944 2801 quod
2983 2723 3344 2798 turpitudine
3375 2722 3576 2793 quavis

1932 2813 2356 2903 sitﬁimpurius.
2406 2826 2464 2883 id
2517 2838 2692 2881 omne
2729 2817 2966 2877 haeresis
3007 2817 3120 2873 ista
3148 2813 3413 2872 omnium
3444 2828 3578 2870 sce—

1931 2901 2249 2979 lestissima
2279 2921 2457 2988 atque
2504 2909 2930 2970 nefandissima
2979 2903 3306 2973 hominum,
3337 2901 3442 2974 qui
3466 2903 3581 2957 mi-

1931 3015 2082 3072 seris
2133 3015 2192 3069 et
2249 3008 2503 3083 peccatis
2561 3003 2818 3062 oneratis
2877 2997 3244 3056 mulierculis
3301 2995 3583 3064 illudunt,

1931 3105 2103 3176 longe
2133 3098 2446 3174 superavit.
2497 3097 2752 3152 Tantum
2802 3093 3128 3165 parentem,
3175 3093 3495 3150 auctorem,
3526 3087 3584 3140 et

1938 3174 2172 3260 ducem,
2191 3187 2589 3249 adversarium
2615 3183 2837 3255 magnis
2857 3179 3098 3247 Christi,
3119 3174 3580 3246 discipulis,jam

1937 3283 2075 3340 inde
2103 3283 2173 3338 ab
2205 3279 2372 3336 initio
2421 3279 2689 3334 humanas
2737 3270 2946 3328 salutis
2995 3266 3322 3325 insidiatrix
3350 3267 3582 3322 versuta

1938 3372 2044 3429 illa
2073 3370 2157 3427 vis
2187 3368 2419 3440 obiecit.
2460 3367 2534 3422 At
2564 3363 2759 3420 divina
2789 3376 2818 3416 θ
2858 3359 3088 3415 diverso
3117 3355 3304 3430 gratia
3333 3357 3392 3410 et
3422 3353 3585 3409 inex-

1942 3460 2275 3536 pugnabilis
2306 3457 2514 3525 virtus,
2547 3450 2829 3510 ministris
2877 3449 3005 3521 ipsa
3051 3447 3172 3536 suis
3208 3443 3412 3502 sedulo
3444 3441 3585 3499 assi-

1940 3531 2123 3617 stens,
2155 3551 2452 3606 tantorum
2477 3541 2760 3600 malorum
2790 3538 2974 3593 facem
3009 3535 3225 3607 ubique
3247 3531 3581 3588 incendium

1941 3642 2329 3712 spargentem,
2361 3650 2534 3706 quam
2585 3629 2882 3687 celerrime
2919 3625 3217 3694 exstinxit,
3249 3619 3577 3678 sublimita-

1940 3708 2059 3788 tem
2083 3708 2325 3784 omnem
2361 3739 2490 3795 quas
2535 3737 2596 3778 se
2635 3719 2910 3775 adversus
2939 3713 3333 3786 cognitionem
3363 3708 3464 3766 Dei
3493 3709 3579 3764 ef-

1942 3820 2137 3888 ferret,
2179 3813 2477 3884 disjiciens
2524 3813 2702 3880 atque
2759 3803 3172 3879 pessumdans.
3226 3801 3584 3871 Quapropter

1943 3907 2090 3966 nihil
2120 3920 2322 3964 eorum
2353 3917 2478 3972 qum
2515 3905 2639 3955 tum
2681 3893 2960 3968 temporis
2991 3905 3358 3948 succrescere
3397 3903 3583 3959 cmpe-

1943 4000 2081 4054 runt
2111 3993 2418 4060 malorum,
2451 3989 2520 4045 ad
2547 3990 2766 4044 statum
2797 3987 2855 4040 et
2882 3983 3139 4054 vigorem
3172 3994 3347 4036 suum
3380 3991 3586 4050 perve-

1945 4089 2050 4143 nit.
2070 4081 2345 4140 Veritatis
2362 4078 2520 4136 enim
2542 4075 2733 4148 ipsius
2759 4072 2878 4139 lux,
2911 4069 3156 4127 miriﬁce
3177 4067 3586 4140 resplendens,

1945 4173 2307 4238 coruscabat,
2341 4172 2396 4226 et
2428 4183 2626 4224 recens
2656 4163 2885 4220 caelitus
2915 4159 3183 4216 relucens
3212 4156 3586 4214 ineluctabile

1947 4265 2169 4338 vigebat
2199 4260 2462 4327 verbum,
2493 4254 2890 4328 apostolorum
2921 4249 3299 4306 concionibus
3329 4250 3388 4302 et
3417 4247 3584 4302 insti-

1945 4337 2088 4412 tutis
2120 4349 2305 4421 magis
2349 4347 2650 4420 magisque
2687 4341 3066 4398 invalescens.
3100 4337 3350 4393 Proinde
3377 4339 3438 4392 et
3469 4351 3586 4390 ma-

1946 4459 2056 4517 gus
2093 4442 2222 4511 iste,
2256 4436 2502 4512 gratiam
2551 4434 2727 4490 miser
2768 4429 3031 4488 venalem
3069 4442 3196 4484 esse
3223 4425 3589 4490 existimans,

1949 4511 2205 4607 primum
2238 4511 2298 4583 in
2322 4526 2525 4584 Judaaa
2556 4541 2590 4579 a
2619 4521 2749 4578 divo
2782 4524 2974 4588 Petro,
3013 4522 3294 4588 tanquam
3325 4515 3454 4570 luce
3481 4511 3591 4569 cla-

201 4609 448 4685 συνήργει
497 4609 561 4666 δὲ
602 4609 708 4686 ἄρα
746 4611 894 4684 αὐτῷ
937 4612 1003 4667 τὰ
1053 4610 1278 4685 μέγιστα
1327 4607 1483 4676 καὶὴ
1542 4607 1710 4662 ἐκεῖσε
1745 4627 1831 4662 κα-

1946 4603 2115 4689 riore,
2167 4616 2384 4673 mentis
2445 4611 2648 4669 oculos
2696 4607 3058 4682 perstrictus,
3111 4603 3364 4660 maxima
3409 4617 3594 4674 eaque

199 4691 466 4770 τάρχουσα
496 4699 732 4771 ἐξουσία,
761 4698 814 4755 ἐν
867 4701 1063 4775 βραχεῖ
1092 4701 1350 4753 τοσοῦτον
1397 4697 1548 4767 αὐτῷ
1595 4696 1662 4750 τὰ
1701 4695 1835 4768 πρὸς

203 4781 401 4856 βουλῆς
459 4787 794 4864 ἐπεραίνετο,
829 4789 904 4853 ὡς
954 4793 1125 4843 πᾶσαν
1172 4786 1324 4858 αὐτῷ
1368 4787 1468 4855 τήν
1519 4782 1682 4839 πόλιν
1733 4782 1837 4838 ὑπὸ

203 4875 358 4946 χεῖρα
421 4878 610 4934 θέσθαι
681 4883 801 4940 ταῖς
862 4874 1238 4954 μαγγανείαις,
1295 4872 1383 4930 καὶ
1443 4871 1706 4943 ἀναθέσει,
1767 4869 1839 4932 ὥς

200 4976 260 5042 γε
307 4961 541 5036 εἴρηται,
582 4964 916 5042 ἀνδριάντος,
949 4967 1039 5021 οἷα
1096 4968 1212 5036 Θεῷ
1268 4961 1362 5018 καὶ
1413 4961 1559 5034 αὐτῷ
1615 4963 1683 5016 τά
1736 4965 1834 5029 τῆς

201 5039 434 5122 λατρείας
491 5055 786 5132 ἀφοσιοῦν.
839 5051 993 5112 Ἀλλ’
1043 5053 1144 5108 οὐκ
1191 5052 1266 5114 εἷς
1329 5049 1537 5124 μακράν
1589 5049 1842 5104 ἀπώνατο

201 5138 294 5218 ﬁt:
338 5137 570 5215 ἀπάτης.
601 5143 726 5200 Ἐπὶ
783 5143 888 5218 γὰρ
941 5147 1040 5211 τῆς
1089 5140 1260 5210 αὐτῆς
1311 5137 1612 5214 βασιλείας,
1661 5135 1839 5192 Κλαύ-

211 5216 320 5287 διος
362 5224 419 5284 δὲ
463 5231 568 5309 ἄρα
613 5231 698 5305 ἦν,
941 5229 1112 5286 πάντα
1158 5233 1339 5306 σοφῶς
1388 5226 1478 5282 καὶ
1535 5223 1843 5304 φιλανθρώ-

209 5329 322 5374 πως
381 5313 696 5396 διεξάγουσα
750 5319 981 5396 πρόνοια
1025 5320 1116 5374 τὸν
1183 5317 1478 5396 πρόμαχον
1529 5313 1617 5370 καὶ
1677 5313 1847 5368 οἷονεὶ

216 5397 412 5478 ἀῤῥαγῆ
475 5416 574 5480 τῆς
630 5407 866 5474 πίστεως
919 5404 1223 5484 πρόϐολον,
1271 5406 1362 5462 τὸν
1434 5404 1631 5480 ἀρετῆς
1692 5399 1848 5458 ἕνεκα

287 5525 360 5598 (1)
389 5530 661 5592 Nonnulli
692 5537 841 5593 hanc
871 5535 1028 5591 Salen
1057 5539 1280 5592 vocant.

291 5601 359 5670 (2)
386 5607 636 5677 {heresis
676 5607 936 5665 Simonis
983 5602 1370 5677 spurcissima
1416 5606 1473 5658 et
1511 5601 1851 5677 {mdissilna,

226 5680 347 5737 (lusa
378 5672 585 5738 Christi
615 5679 855 5738 nomine
893 5672 1177 5750 tanquam
1217 5674 1456 5732 obtentu
1487 5679 1544 5731 et
1571 5674 1852 5748 praetextu

1948 4706 2246 4766 maritima
2291 4703 2648 4774 profectione
2696 4699 2986 4768 suscepta,
3031 4710 3102 4750 ex
3148 4692 3381 4748 Oriente
3428 4691 3591 4746 Occi-

1947 4799 2182 4855 dentem
2212 4807 2415 4850 versus
2445 4789 2672 4859 migrat,
2697 4788 3132 4855 Romanamque
3149 4781 3354 4837 urbem
3377 4795 3591 4851 prmon-

1947 4889 2142 4959 cupat.
2173 4884 2360 4955 Atque
2390 4879 2469 4936 ibi
2500 4895 2630 4935 cum
2661 4875 2860 4947 cceptis
2897 4875 3024 4946 ejus
3045 4872 3296 4930 maxime
3316 4886 3592 4942 suprema

1947 4971 2260 5032 inserviret
2289 4971 2572 5043 potestas.
2595 4965 2755 5025 brevi
2774 4964 3092 5021 admodum
3121 4967 3374 5032 tempore
3406 4975 3594 5031 usque

1951 5063 2093 5120 adeo
2123 5075 2214 5118 res
2244 5076 2316 5116 ex
2358 5056 2652 5114 sententia
2697 5054 3044 5119 succedunt,
3087 5055 3158 5108 ut
3187 5065 3320 5108 cum
3350 5049 3461 5105 sibi
3503 5048 3592 5104 in-

1951 5148 2378 5210 cantationibus
2394 5151 2452 5203 et
2471 5143 2782 5219 prastigiis
2804 5145 2984 5200 totam
3000 5139 3336 5198 conciliaret
3358 5155 3416 5192 ur
3430 5138 3591 5192 hem:

1950 5247 2078 5299 tum
2109 5242 2304 5296 statua
2353 5237 2558 5308 posita,
2611 5239 2676 5290 ut
2723 5233 2940 5289 dictum
2990 5233 3100 5296 est,
3140 5227 3320 5285 divini
3365 5227 3414 5280 ei
3463 5231 3598 5280 tan-

1951 5346 2126 5404 quam
2172 5328 2288 5386 Deo
2337 5325 2748 5383 exhiberentur
2803 5320 2994 5378 cultus
3051 5325 3106 5374 et
3160 5317 3428 5372 honores.
3479 5312 3591 5369 Sed

1952 5419 2112 5476 enim
2169 5434 2283 5474 non
2335 5415 2434 5471 diu
2482 5414 2564 5470 ilii
2615 5411 2811 5469 fraude
2860 5427 2927 5466 ea
2967 5407 3049 5465 uti
3078 5419 3423 5464 concessum
3453 5404 3589 5460 est:

1957 5544 2210 5674 3:133:11:
2234 5542 2307 5600 ad
2347 5540 2569 5614 ﬂagitia
2599 5542 2658 5596 et
2703 5536 2914 5609 probra
2942 5531 3140 5592 omnia
3173 5530 3422 5602 tegenda
3448 5528 3597 5586 abu-
