4070 6274
423 346 534 404 791

1719 344 2134 406 NICEPHORI
2178 345 2528 407 CALLISTI

3716 339 3829 402 792

425 496 564 538 nam
613 480 726 536 sub
771 481 968 536 eodem
1014 477 1242 535 Claudii
1289 479 1554 550 imperio,
1585 495 1711 549 quae
1741 477 1937 534 omnia
1966 495 2057 534 sa-

2205 477 2264 532 ,αἶ
2305 479 2639 552 θερμότητος
2678 479 2746 532 τά
2791 481 3030 552 πρωτεῖα
3086 477 3221 532 κατᾶ
3277 477 3493 531 πάντων
3557 479 3678 529 τῶν
3709 473 3829 528 ἀπο-

425 569 654 640 pienter
710 572 941 642 propter
1013 584 1311 622 summum
1371 567 1431 622 in
1497 583 1682 639 genus
1737 567 2061 624 humanum

427 675 686 716 amorem
718 658 915 730 dirigit
941 656 1322 729 providentia,
1347 656 1518 728 quasi
1540 657 1990 728 antesignanum
2013 665 2066 712 et

427 745 821 818 insuperabile
872 741 1044 818 atque
1073 745 1356 801 invictum
1390 745 1526 800 ﬁdei
1556 749 2063 818 propugnatorem,

428 833 531 904 qui
563 833 796 888 virtutis
825 831 1168 904 ardorisque
1197 832 1384 903 gratia
1416 832 1636 903 primas
1663 831 1814 888 inter
1834 837 2066 904 aposto-

428 926 516 984 los
565 925 840 982 divinitus
885 927 1040 984 I56
1087 930 1177 982 est
1223 930 1590 992 consecutus,
1636 925 1872 981 Petrum
1932 942 2068 998 per—

427 1017 564 1072 inde
593 1019 770 1088 atque
800 1017 1000 1072 contra
1030 1015 1210 1070 feram
1243 1023 1530 1088 agrestem
1573 1019 1630 1070 et
1659 1014 2066 1086 perniciosam,

428 1105 718 1162 excitavit.
771 1105 828 1160 ls
876 1119 991 1160 non
1039 1119 1208 1160 secus
1250 1107 1426 1174 atque
1473 1103 1638 1158 fortis
1667 1107 1725 1158 et
1753 1119 2068 1175 generosus

431 1194 530 1252 Dei
563 1194 700 1262 dux,
732 1193 942 1250 divinis
987 1193 1314 1250 instructus
1363 1193 1568 1258 armis,
1615 1192 2070 1249 occidentalibus

428 1301 498 1340 ex
527 1283 759 1340 Oriente
803 1280 1210 1354 supercmleste
1262 1281 1473 1354 perfert
1521 1281 1742 1348 lumen,
1793 1297 2065 1337 arcanum

2175 566 2386 623 στόλων
2418 567 2694 644 ἐσχηκότα
2723 567 2898 622 θεόθεν
2953 569 3176 638 Πέτρον,
3209 567 3284 628 ὡς
3339 564 3429 620 ἐπὶ
3478 565 3616 639 θηρῖ
3662 563 3831 637 ἀγρίῳ

2173 658 2261 712 καὶ
2302 657 2542 730 λυμεῶνι
2601 657 2910 727 ἀνθίστησιν
2947 675 2958 688 ·

2751 745 2915 808 θείοις
3000 742 3195 808 ὅπλοις
3285 745 3653 820 φραξάμενος,
3726 748 3830 801 τοῖς

2177 836 2444 910 ἑσπερίοις
2526 837 2588 891 τὸ
2663 835 3043 911 ὑπερουράνιον
3118 834 3178 890 ἐκ
3253 838 3353 899 τῆς
3419 831 3494 888 ’έω
3551 831 3830 904 διεκόμιζε

2177 930 2310 1002 φῶς,
2341 926 2402 980 τὸ
2446 927 2580 980 κατὰ
2629 927 2861 999 Χριστὸν
2906 923 3162 995 δηλονότι
3211 924 3540 996 μυστήριον,
3594 921 3689 976 καὶ
3739 921 3828 987 τὴν

2173 1019 2282 1070 τῶν
2343 1015 2581 1088 οὐρανῶν
2636 1013 2914 1090 βασιλείαν
2963 1011 3364 1090 εὐηγγελίζετο.
3396 1009 3555 1067 Οὕτω
3621 1007 3682 1064 δε
3738 1013 3825 1062 τοῦ

2177 1103 2526 1179 εὐαγγελικοῦ
2584 1103 2796 1181 λύχνου
2851 1105 2949 1172 τήν
2997 1104 3220 1176 ἑσπέραν
3277 1101 3828 1177 αὖγάσαντος,παρα-

2179 1199 2378 1268 χρῆμα
2509 1194 2604 1264 μέν
2655 1196 2752 1248 τοῦ
2804 1193 3059 1264 Σίμωνος
3109 1189 3313 1261 πλάνη,
3345 1189 3434 1244 καὶ
3483 1187 3656 1250 αὑτὸς
3705 1187 3828 1242 ἐκεῖ.

2181 1303 2272 1344 νος
2306 1277 2583 1337 ἐσϐέννυτό
2610 1304 2670 1337 τε
2694 1282 2780 1336 καὶ
2815 1280 3081 1337 διελύετο.

3020 659 3078 718 ὃς
3139 657 3234 711 οἷά
3287 677 3372 716 τις
3422 659 3683 728 γενναῖος
3708 656 3830 706 Θεοῦ

2175 747 2478 821 στρατηγὸς
2561 751 2676 806 τοῖς

429 1371 654 1429 scilicet
681 1373 754 1428 de
781 1371 1008 1428 Christo
1039 1371 1402 1444 mysterium,
1433 1375 1492 1426 et
1521 1386 1764 1441 regnum
1795 1370 2074 1426 cmlorum
2124 1371 2250 1428 lzeto
2301 1373 2626 1445 promulgant
2659 1375 2881 1428 nuntio.
2918 1376 3102 1443 Atque
3132 1372 3198 1428 ad
3236 1372 3389 1426 hunc
3425 1371 3671 1428 modum
3707 1386 3830 1423 cum

436 1461 496 1517 in
549 1461 862 1518 Occidente
914 1460 1252 1532 evangelica
1300 1459 1585 1516 reluceret
1633 1459 1893 1528 lucerna,
1941 1459 2116 1516 illicet
2180 1463 2382 1519 Simon
2429 1463 2552 1534 ipse
2610 1480 2727 1518 una
2774 1480 2905 1520 cum
2961 1462 3164 1518 fraude
3221 1467 3276 1518 et
3330 1461 3678 1519 seductione
3715 1476 3830 1527 sun,

433 1551 740 1608 confestim
770 1550 1086 1608 exstinctus
1115 1549 1370 1606 evanuit.

1055 1658 1286 1715 CAPUT
1323 1657 1453 1716 XV.

437 1751 511 1804 De
549 1749 843 1821 Evangelia
889 1747 1188 1804 secundum
1233 1747 1502 1821 Marcum,
1548 1756 1600 1802 et
1640 1753 1702 1821 ιιι
1750 1748 1812 1802 in
1848 1751 2078 1821 /Egyplo

507 1827 562 1876 et
589 1818 934 1876 Alexandria
961 1821 1030 1876 ab
1061 1835 1120 1876 eo
1145 1818 1397 1892 primum
1434 1819 1828 1876 monachorum
1871 1818 2079 1876 vita—sil

508 1893 779 1950 instituta.

512 1998 766 2053 Tantum
811 2000 1005 2052 autem
1036 1997 1096 2052 in
1127 1997 1454 2054 auditorum
1485 1997 1694 2054 animis
1725 1997 1956 2069 pietatis
1987 2014 2075 2053 re-

440 2086 612 2158 liquit
641 2085 836 2142 lumen
874 2088 1100 2155 Petrus,
1132 2089 1199 2142 ut
1227 2085 1443 2142 auditis
1476 2087 1733 2142 contenti
1763 2103 1911 2154 esse,
1934 2092 1992 2144 et
2020 2087 2080 2142 in

441 2175 513 2230 iis
543 2191 668 2246 quae
698 2175 825 2231 sine
853 2175 1090 2247 scripto,
1115 2176 1185 2231 de
1217 2175 1412 2231 divino
1442 2175 1615 2231 verbo
1636 2175 2080 2243 addidicissent,

442 2279 780 2338 permanere
811 2280 927 2320 non
957 2268 1214 2336 possent.
1239 2265 1420 2330 Quam
1440 2265 1512 2322 ob
1535 2280 1772 2321 causam
1795 2265 2080 2332 Marcum,

442 2354 688 2425 quicum
705 2353 1038 2426 apostolum
1053 2353 1744 2425 consectabatur,magna
1756 2353 2081 2409 animorum

443 2443 816 2499 contentione
847 2442 1238 2510 obtestantur,
1279 2450 1341 2498 ut
1380 2447 1820 2498 monumentum
1853 2441 2082 2512 aliquod

446 2533 678 2589 traditae
711 2534 838 2588 sine
867 2532 1084 2605 scripto
1115 2532 1462 2604 disciplinae,
1483 2531 1544 2588 in
1574 2532 1796 2588 litteras
1819 2531 2086 2602 relatum,

447 2623 529 2679 eis
560 2621 945 2694 relinqueret:
982 2638 1168 2694 neque
1189 2623 1352 2694 prius
1385 2623 1519 2677 inde
1541 2621 1880 2690 discederet,
1909 2638 2084 2693 quam

448 2711 505 2767 id
531 2711 685 2782 quod
710 2715 952 2782 rogatus
981 2715 1156 2779 esset,
1188 2711 1548 2783 perfecisset.
1567 2713 1687 2776 Quo
1715 2711 1942 2783 cognito
1963 2727 2090 2782 apo-

449 2801 656 2870 stolus,
688 2799 866 2855 divini
916 2801 1194 2857 instinctu
1237 2801 1509 2871 Spiritus,
1541 2817 1822 2872 perquam
1855 2802 1944 2856 est
1971 2803 2086 2854 tam

449 2889 664 2946 eximia
691 2905 894 2945 eorum
923 2889 1180 2946 virorum
1213 2889 1532 2945 delectatus
1570 2889 1869 2945 voluntate
1897 2891 1955 2944 et
1984 2904 2091 2944 cu-

453 2979 694 3052 piditate
719 2995 731 3032 :
756 2977 1118 3051 proindeque
1143 2979 1426 3050 scriptum
1460 2977 1516 3033 id
1539 2977 1766 3049 judicio
1797 2994 1902 3033 suo
1933 2993 2089 3032 com-

453 3067 736 3138 probavit,
787 3069 844 3124 et
890 3070 954 3122 ut
999 3067 1058 3122 in
1111 3066 1376 3122 Ecclesiis
1433 3066 1717 3137 legeretur
1771 3065 2087 3122 constituit.

455 3153 616 3210 Hanc
647 3155 861 3226 quippe
890 3169 1127 3209 causam
1173 3152 1372 3224 scripti
1417 3171 1452 3208 a
1490 3153 1678 3209 Marco
1710 3151 1998 3224 Evangelii
2029 3168 2094 3208 ex

455 3242 694 3310 stitisse,
745 3242 1012 3300 Clemens
1078 3243 1138 3298 in
1195 3246 1352 3299 sexto
1405 3243 1836 3314 Dispositionum
1893 3239 2092 3297 tradit.

457 3335 645 3404 Atque
672 3332 765 3388 his
812 3349 1068 3388 consona
1099 3331 1566 3404 Hierapolitanus
1604 3330 1910 3402 episcOpus
1939 3347 2094 3386 com-

458 3424 738 3477 memorat
769 3421 999 3492 Papias.
1031 3423 1460 3492 Proptereaque
1490 3419 1666 3487 Petri,
1699 3420 1852 3492 quod
1886 3435 2093 3476 secun-

457 3511 600 3566 dum
655 3511 914 3566 Marcum
966 3517 1072 3579 est,
1127 3510 1341 3567 dicitur
1379 3509 1778 3582 Evangelium.
1832 3508 2100 3564 Meminit

461 3617 632 3672 porro
678 3599 853 3655 Marci
904 3599 965 3655 in
1013 3599 1204 3671 priore
1241 3600 1496 3670 Epistola
1525 3615 1630 3656 sua
1659 3600 1884 3667 Petrus,
1919 3614 2096 3669 quam

453 3689 863 3761 Romaalagens
893 3689 1296 3758 composuisse
1345 3690 1544 3758 fertur,
1592 3689 1652 3744 in
1683 3705 1800 3760 qua
1825 3689 2000 3744 etiam
2033 3689 2096 3742 ti-

455 3785 658 3850 gurate
687 3777 1313 3851 Romam:_Babylonem
1349 3779 1634 3848 nominat,
1667 3779 1748 3833 ita
1779 3777 2053 3849 inquiens
2079 3790 2092 3830 :

457 3868 679 3922 Salutat
727 3883 815 3923 vos
870 3883 934 3922 ea
977 3883 1100 3939 quae
1156 3870 1216 3924 in
1267 3869 1543 3940 Babylone
1595 3875 1696 3936 est,
1749 3867 1996 3934 coelecla,
2045 3871 2098 3920 et

454 3957 666 4010 Marcus
693 3955 842 4024 ﬁlius
871 3972 1024 4011 meus
1054 3955 1122 4012 ’7.
1155 3959 1327 4022 Quem
1361 3957 1540 4012 Lucas
1571 3971 1806 4027 quoque
1849 3957 1903 4010 in
1937 3953 2094 4009 Actis

452 4043 738 4097 Joannem
788 4049 970 4098 vocat.
1048 4044 1253 4098 Dicunt
1311 4049 1586 4115 praeterea
1633 4043 1895 4099 divinum
1941 4043 2095 4097 hunc

454 4133 736 4200 Marcum,
787 4131 1038 4203 primum
1096 4133 1156 4188 in
1204 4133 1513 4204 ngyptum
1574 4137 1632 4188 et
1687 4133 2093 4188 Alexandriam

457 4221 730 4291 missum,
761 4220 1135 4290 Evangelium
1169 4222 1322 4293 quod
1357 4221 1706 4294 conscripsit
1737 4221 2093 4292 praedicasse,

454 4309 746 4366 Ecclesiae
777 4309 1100 4377 ordinasse,
1131 4311 1388 4382 atquezei
1421 4327 1551 4382 qua:
1588 4310 1666 4367 ibi
1698 4317 1786 4366 est
1815 4311 2094 4366 Christia-

2103 1664 2150 1728 Β

2797 1666 3049 1718 ΚΕΦΑΛ.
3091 1663 3192 1719 ΙΕ’.

2185 1749 2344 1827 Περὶ
2382 1755 2505 1827 τοῦ.
2529 1751 2690 1827 κατὰ
2723 1753 2989 1827 Μάρκον
3013 1752 3222 1827 ,ὀργίλου
3255 1749 3549 1827 Εὐαγγελ
3577 1747 3832 1827 ίου’καῖ

2257 1819 2340 1882 ὡς
2375 1821 2440 1896 ,ἐν
2480 1822 2799 1896 Αἰγύπτῳ
2833 1819 2943 1876 καὶ
2979 1819 3833 1896 Ἀλέξανδρειαῦπξέκεὶνῳ

2256 1894 2494 1967 πρώτῳ
2517 1893 2694 1963 ἡτῶν
2732 1893 3049 1968 μήοναχῶν
3078 1893 3404 1949 πολιτεία
3431 1893 3828 1968 κατήρξατο.

2256 2003 2523 2056 Τοσοῦτον
2569 1998 2616 2054 δ’
2661 1999 2817 2066 ἐνῆκε
2861 2005 2980 2064 ταῖς
3027 2005 3133 2056 τῶν
3193 2000 3472 2074 ἀκροατῶν
3517 2003 3728 2074 ψυχαῖς
3771 1997 3828 2050 τὸ

2185 2085 2286 2154 τῆς
2332 2082 2606 2148 εὐσεϐείας
2665 2088 2857 2164 φέγγος
2914 2089 2942 2141 ὁ
2995 2085 3220 2160 Πέτρος,
3279 2088 3354 2149 ὡς
3415 2087 3492 2160 μὴ
3551 2085 3826 2159 αὐτάρκως

2189 2171 2333 2248 ἔχειν
2374 2180 2490 2236 τοῖς
2539 2176 2919 2249 ἠκουσμένοις,
2957 2173 3100 2250 μηδὲ
3144 2181 3224 2247 τῷ
3270 2175 3500 2252 ἀγράφῳ
3548 2179 3652 2230 τοῦ
3690 2173 3824 2228 (la-Iov;

2192 2264 2363 2339 λόγου
2416 2264 2590 2320 θέλειν
2648 2265 2934 2338 ἐμμένειν’
2987 2263 3434 2340 προσλιπαρῆσαι
3485 2262 3542 2319 δὲ
3587 2264 3823 2339 Μάρκον,

2191 2351 2250 2413 ὃς
2297 2356 2376 2423 τῷ
2433 2351 2724 2425 ἀποστόλῳ
2771 2351 3028 2422 τηνικάδε
3072 2351 3386 2426 παρείπετο,
3434 2348 3738 2424 ὑπόμνημά
3779 2368 3826 2401 τι

2191 2445 2292 2509 τῆς
2340 2441 2580 2514 ἀγράφου
2641 2438 3016 2511 διδασκαλίας,
3061 2441 3150 2496 καὶ
3200 2438 3289 2495 διὰ
3343 2447 3556 2516 γραφῆς
3613 2439 3823 2498 ἐκείνοις

2199 2529 2320 2600 ἐᾷν·
2368 2530 2456 2584 καὶ
2507 2531 2584 2602 μὴ
2646 2529 2906 2605 πρότερον
2959 2528 3418 2598 ἀπαλλάττεσθαι,
3463 2525 3570 2598 ἓῳς
3625 2528 3689 2582 οὗ
3745 2525 3826 2580 τὸν

2198 2616 2364 2692 ἄνδρα
2418 2619 2518 2687 τὴν
2593 2617 2810 2688 ἀξίωσιν
2893 2620 3348 2694 κατεργάσασθαι·
3404 2619 3434 2672 ’ὁ
3491 2617 3680 2692 γνόντα
3741 2615 3824 2670 τὸν

2199 2705 2502 2762 ἀπόστολον
2552 2711 2648 2761 τοῦ
2697 2707 2844 2761 θείου
2891 2709 3196 2780 μυήσαντος
3245 2706 3578 2780 Πνεύμάτος,
3607 2706 3823 2775 ἡσθῆναι

2196 2800 2266 2860 τῆ
2313 2801 2420 2851 τῶν
2473 2795 2677 2872 ἀνδρῶν
2737 2796 3038 2869 προθυμίᾳ,
3090 2797 3179 2851 καὶ
3237 2795 3288 2866 ἐξ
3348 2795 3554 2850 ἐκείνου
3602 2799 3820 2868 κυρῶσαι

2200 2887 2300 2955 τὴν
2348 2887 2558 2961 γραφὴν
2611 2892 2729 2948 ταῖς
2776 2885 3125 2954 Ἰἰκκλησίαις
3172 2885 3636 2959 ἀναγινώσκεσθαι.
3689 2880 3814 2940 Ταύ-

2199 2996 2300 3044 την
2359 2973 2532 3028 αἰτίαν
2593 2978 2690 3029 τοῦ
2751 2973 2886 3028 κατᾶ
2943 2973 3160 3047 Μάρκον
3219 2973 3556 3050 Εὖαγγελίου
3601 2972 3812 3042 Κλήμης

2204 3064 2256 3120 ἐν
2292 3063 2436 3137 ἕκτῳ
2477 3069 2583 3118 τῶν
2623 3065 3148 3118 ’Υποτυπώσεων
3203 3065 3430 3138 ἱστορεῖ.
3467 3063 3720 3140 Σύμφωνα
3759 3054 3812 3111 δὲ

2203 3153 2351 3226 αὐτῷ
2393 3153 2482 3207 καὶ
2515 3156 2543 3208 6
2575 3152 2950 3227 Ἱεραπολίτης
3003 3151 3295 3215 ἐπίσκοπος
3347 3149 3566 3226 διέξεισι
3611 3147 3815 3207 Παπίας.

2207 3243 2304 3297 Διά
2351 3263 2437 3296 τοι
2482 3246 2644 3297 τοῦτο
2682 3242 2772 3296 καὶ
2822 3244 3032 3315 Πέτρου
3075 3243 3136 3296 τὸ
3185 3241 3319 3296 κατὰ
3351 3239 3570 3314 Μάρκον
3605 3237 3815 3311 Εύαγγέ·

2207 3330 2325 3386 λιον
2357 3331 2594 3405 λέγεται,
2627 3331 2906 3404 Μέμνηται
2940 3327 2998 3384 δὲ
3023 3333 3122 3384 τοῦ
3165 3331 3389 3405 Μάρκου
3437 3327 3489 3384 ἐν
3537 3333 3607 3403 τῇ
3649 3326 3816 3402 πρώτῃ

2205 3419 2368 3474 αὐτοῦ
2399 3419 2666 3493 ἐπιστολῇ
2701 3421 2730 3474 6
2763 3420 2986 3494 Πέτρος,
3015 3421 3077 3488 ἣν
3126 3417 3180 3475 ἐν
3209 3418 3398 3492 Ῥώμῃ
3452 3415 3696 3494 διάγοντα
3738 3412 3821 3468 λό-

2205 3531 2302 3585 γος
2350 3503 2464 3584 ἔχει
2513 3509 2798 3579 συντάξαι·
2849 3508 2900 3563 ἐν
3033 3513 3312 3582 τροπικῶς
3353 3507 3444 3562 καὶ
3490 3509 3592 3575 τήν
3625 3505 3821 3577 Ῥώμην

2209 3593 2505 3652 Βαϐυλῶνα
2535 3596 2694 3652 καλεῖ
2723 3597 2866 3652 οὕτω
2899 3592 3112 3673 λέγωνί
3147 3596 3540 3666 Ἀσπάζεται
3593 3596 3752 3669 ὑμᾶς

2207 3685 2269 3740 ἐν
2321 3682 2654 3742 Βαϐυλῶνι
2705 3685 3135 3757 συνεκλεκτὴ,
3168 3686 3279 3740 καὶ
3321 3687 3584 3759 Μάρκος
3625 3685 3652 3738 6
3685 3681 3822 3757 ξυίός

2209 3798 2351 3848 μου.
2382 3779 2475 3832 Ὃν
2519 3782 2728 3840 Λουκᾶς
2777 3775 2830 3831 ἐν
2877 3782 2997 3838 ταῖς
3047 3777 3274 3848 Πράξεσι
3318 3775 3409 3829 καὶ
3460 3777 3710 3844 Ἰωάννην
3751 3789 3824 3824 κα-

2206 3865 2295 3920 λ-..
2473 3867 2486 3881 ε
2542 3865 2583 3883 Μ
2677 3867 2691 3883 \
2925 3864 2936 3884 ρ
3178 3864 3190 3883 r
3452 3865 3466 3882 ς
3603 3868 3628 3879 ο
3703 3885 3714 3898 ἢ
3757 3857 3775 3876 ι
3813 3859 3825 3876 ’

2247 3888 2310 3922 ει.
2349 3871 2488 3920 Φασι
2538 3882 2595 3920 οε
2640 3887 2731 3920 τον
2783 3868 3060 3920 θεσπεσιον
3108 3873 3348 3938 Μαρκον,
3379 3885 3468 3918 και
3519 3884 3729 3938 πρωτοθ
3756 3879 3811 3913 επ

2210 3955 2490 4030 Λῖγόπτου
2536 3956 2627 4010 καὶ
2677 3952 3086 4029 Ἀλεξανδρείας
3137 3953 3515 4025 στειλάμενον,
3563 3952 3623 4006 τὸ
3673 3950 3824 4022 Εὐαγ-

2210 4043 2396 4121 γέλιον
2445 4044 2674 4119 κηρῦξαι
2721 4045 2750 4098 ’ὀ
2809 4043 3199 4118 συνεγράψατο,
3251 4039 3577 4110 Ἐκκλησίας
3633 4062 3690 4096 τε
3743 4059 3823 4091 σν-

2210 4136 2524 4205 στήσασθαι,
2575 4134 2664 4188 καὶ
2711 4135 2811 4202 τὴν
2862 4132 3034 4187 ἐκεῖσε
3080 4137 3184 4186 τῶν
3226 4135 3563 4205 Χριστιανῶν
3610 4147 3819 4202 μοναχι-

2211 4225 2311 4292 κήν
2379 4221 2664 4276 πολιτείαν
2719 4223 3104 4294 νομοθετῆσαι.
3162 4219 3406 4288 Τοσαύτη
3468 4217 3525 4272 δὲ
3581 4213 3818 4292 συνερρύη

2211 4310 2424 4380 πληθὺς
2474 4308 2681 4382 ἀνδρῶν
2729 4331 2787 4364 τε
2827 4310 2914 4364 καὶ
2945 4313 3211 4382 γυναικῶν
3241 4307 3300 4362 ἐκ
3329 4310 3576 4382 πρώτης,
3607 4307 3637 4360 ὅ
3667 4324 3818 4382 φασιν,

455 4415 667 4454 norum
699 4399 1119 4456 monachorum
1171 4399 1442 4456 solitarize
1497 4401 1624 4456 vitae
1657 4400 1810 4472 leges
1851 4401 2086 4457 dedisse.

2205 4397 2486 4470 εἰσϐολῆς,
2517 4399 2590 4460 ὡς
2648 4398 2737 4452 καὶ
2795 4398 2896 4466 τὴν
2957 4395 3026 4451 δι’
3057 4397 3337 4466 ἀσκήσεως
3386 4395 3563 4450 αὐτῶν
3611 4395 3816 4473 φιλοσο-

455 4490 642 4544 Tanta
671 4493 866 4546 autem
894 4491 1146 4546 virorum
1179 4494 1237 4546 et
1269 4489 1580 4546 mulierum
1615 4507 1648 4545 a
1678 4490 1864 4562 primo
1895 4491 2124 4552 statim,

455 4581 622 4638 initio
671 4582 956 4640 conﬂuxit
1005 4582 1343 4650 multitudo,
1387 4587 1454 4638 ut
1499 4582 1753 4638 exercitii
1803 4581 2100 4652 studiique

453 4687 654 4727 eorum
689 4670 1142 4742 philosophiam,
1195 4671 1555 4738 institutum,
1595 4671 1742 4728 157
1779 4687 1990 4737 mores,
2022 4669 2100 4724 vi-

451 4764 594 4830 tam,
626 4763 1031 4831 rationemque
1061 4761 1516 4818 conservationis
1548 4776 1802 4826 omnem,
1849 4757 2100 4835 inscri-

450 4853 616 4922 ptum
653 4848 932 4913 retalerit,
965 4849 1312 4922 in'utroque
1355 4849 1734 4921 philosophia:
1777 4864 1983 4921 genere
2013 4864 2098 4905 ce-

2207 4490 2330 4565 φίαν
2380 4487 2468 4542 καὶ
2516 4488 2768 4563 ἀγωγὴν,
2799 4484 3006 4540 δίαιτάν
3049 4507 3107 4541 τε
3156 4485 3246 4539 καὶ
3289 4481 3596 4558 διατριϐἡν,
3627 4481 3819 4543 καίτῇν

2208 4579 2490 4649 σύμπασαν
2561 4575 2843 4630 πολιτείαν
2913 4572 3254 4650 ἀνάγραπτον
3326 4574 3496 4628 θεῖναι
3553 4573 3640 4626 τὸν
3694 4588 3816 4642 περι-

2207 4662 2406 4736 ϐόητον
2455 4663 2538 4720 ἐπ’
2567 4662 2899 4741 ἀμφοτέραις
2948 4661 3298 4740 φιλοσοφίαις
3348 4661 3610 4717 Φίλωνα·
3655 4663 3710 4716 ὃν
3747 4655 3820 4710 ῐιέ-

2205 4777 2319 4830 τρῳ
2349 4753 2485 4809 κατᾶ
2514 4753 2732 4826 Ῥώμην
2761 4751 2854 4808 τὰν
2906 4753 3048 4806 θεῖον
3093 4750 3259 4827 λόγον
3307 4749 3634 4826 κηρύττοντι
3682 4747 3820 4820 λόγος

2207 4838 2324 4918 ἔχει
2353 4843 2439 4897 καὶ
2475 4840 2552 4904 είς
2584 4841 2808 4914 ὁμιλίαν
2837 4837 3038 4896 ἐλθεῖν.

450 4937 797 4994 leberrimus
828 4937 1040 4995 Philo:
1074 4955 1245 5009 quem
1297 4940 1367 4995 ad
1418 4938 1770 5010 colloquium
1818 4939 1990 5006 Petri,
2043 4937 2237 4994 Remis
2285 4933 2547 4989 divinum
2597 4930 2852 4988 Verbum
2901 4928 3294 5002 praedicantis,
3333 4927 3492 4985 fama
3533 4932 3623 4985 est
3652 4938 3822 5000 perre—

451 5029 630 5085 niese.

1060 5139 1290 5196 CAPUT
1329 5139 1482 5194 XVI.

451 5228 650 5297 Qualia
695 5228 1142 5299 sapientissimus
1189 5230 1384 5283 Philan
1439 5227 1717 5283 memoriae
1763 5226 2090 5299 prodidelit,

520 5301 586 5356 de
612 5302 692 5356 eis
721 5297 819 5371 qni
843 5302 1085 5372 primum
1119 5301 1177 5355 in
1200 5303 1433 5370 .Egyplo
1461 5300 1661 5354 Chrisli
1687 5297 2094 5371 philosOphium

519 5373 750 5442 professi
775 5375 888 5427 sint
915 5377 968 5428 et
997 5374 1364 5428 exercuerim.

523 5477 652 5535 Non
681 5480 915 5537 tantum
943 5496 1078 5536 vero
1109 5481 1159 5535 is
1181 5478 1566 5534 dirinalaude
1597 5483 1655 5534 et
1687 5476 2093 5548 przedioatione

453 5565 616 5623 ellert
656 5567 986 5624 institutum
1039 5569 1166 5638 ejus
1219 5567 1496 5638 temporis
1537 5566 1994 5638 apostolicorum
2026 5583 2093 5620 ex

519 5692 568 5729 ³⁷
593 5693 620 5752 l
651 5694 805 5754 Petr.
835 5709 892 5764 ν,
927 5695 1012 5749 13.

2812 5131 3070 5184 ΚΕΦΑΛ.
3116 5127 3232 5199 ις’.

2370 5224 2382 5238 ρ
2584 5219 2595 5238 r
2861 5215 2971 5238 ιικ
3125 5215 3264 5238 i,-\,
3314 5214 3530 5238 -3..._!
3621 5214 3691 5238 ιν

2203 5226 2323 5279 Οἷα
2363 5224 2390 5275 ὁ
2432 5219 2814 5296 σοφώτατος
2857 5215 3079 5273 Φίλιον
3117 5237 3191 5270 πε
3250 5215 3266 5268 ἱ
3312 5217 3435 5266 τῶν
3477 5214 3573 5278 είς
3610 5214 3822 5288 Αἴγυπ.

2273 5317 2382 5343 τον
2422 5295 2541 5343 τὶν
2578 5291 2742 5343 κατὰ
2789 5290 3075 5343 Χοιστὸν
3127 5234 3536 5343 φιλοσοφίαν
3586 5283 3822 5341 ἀσκούν-

2273 5317 2382 5350 τον
2422 5285 2541 5360 τὴν
2578 5291 2752 5365 κατδιΔ
2789 5290 3075 5365 Χριστὸν
3127 5285 3536 5365 φιλοσοφίαν
3586 5285 3824 5341 ἀσκούν-

2271 5388 2396 5422 των
2440 5368 2705 5440 πρῶτος
2739 5361 3083 5434 Ἱστίύρησε.

2274 5473 2348 5527 Οὐ
2405 5467 2566 5543 μόνον
2616 5468 2799 5524 τοίνυν
2849 5465 3076 5536 θειάζων
3126 5465 3234 5520 ἐστὶ
3276 5465 3375 5533 τὴν
3407 5460 3687 5519 πολιτείαν
3739 5463 3822 5515 τῶν

2204 5564 2328 5618 τότε
2386 5558 2764 5615 ἂποστολικῶν
2821 5555 3030 5633 ἀνδρῶν
3089 5556 3139 5625 ἐξ
3200 5549 3490 5628 Ἑϐραίων,
3551 5553 3629 5616 ὡς
3679 5548 3824 5614 ἔοικε,
