4070 6274
227 382 363 441 793
1292 379 1909 442 ECCLESIASTICA‘I
1950 378 2343 440 HISTOBLE
2389 378 2530 439 LIB.
2579 377 2656 437 ll.
3549 379 3668 438 794

227 515 598 592 γεγονότων,
682 512 826 568 ἀλλά
907 515 995 568 καὶ
1082 511 1658 588 προσαποδεχόμενος,
1711 511 1901 588 καίπερ

2015 513 2257 580 Judzeis,
2311 519 2372 568 ut
2427 513 2672 580 videtur,
2727 509 3158 582 progenitorum
3211 510 3519 567 virorum:
3563 513 3663 567 sed

1063 600 1372 659 Ἰουδαϊκῶν
1444 602 1579 658 ἐθῶν
1658 599 1901 672 τηνικάδ¹

2013 601 2575 674 id'quoquejudicio
2617 616 2721 656 suo
2753 599 3110 670 comprobat,
3170 600 3431 670 quamvis
3486 601 3661 658 etiam

1737 689 1905 764 μηδέν
2013 698 2138 747 tum
2181 692 2466 764 plurimas
2513 699 2772 746 veterum
2819 689 3153 768 Judaeorum
3207 689 3662 745 consuetudines

2013 781 2404 838 observarent.
2440 781 2744 836 Asseverat
2773 795 3003 850 quoque
3041 779 3234 835 verbis
3283 779 3536 847 disertis,
3573 780 3662 834 ni-

2012 869 2095 925 hil
2127 886 2188 926 se
2226 869 2466 928 veritate
2505 869 2716 924 ducere
2763 869 2925 940 prius
2959 871 3061 924 aut
3115 867 3438 938 antiquius,
3472 884 3661 940 neque

227 602 500 659 πλεῖστα
553 605 660 658 τῶν
721 601 968 658 παλαιῶν

227 691 698 768 ἔπισυρομένων.
757 692 1202 768 ’Λπισχυρίζεται
1251 690 1309 747 δὲ
1353 697 1432 764 τῷ
1479 691 1658 768 λόγῳ,

229 804 286 838 τι
320 791 436 852 τῆς
481 782 746 853 ἀληθείας
796 782 1190 858 προτιμότερον
1243 784 1448 851 θέσθαι,
1501 779 1633 854 μηδ’
1680 783 1730 852 ἐξ
1780 783 1909 836 ἑαυ-

228 876 336 926 τοῦ
371 893 432 926 τι
470 871 818 944 προστιθέναι
870 873 1155 946 αἱρεῖσθαι.
1205 873 1375 942 Σώζει
1417 891 1480 947 γε
1531 873 1638 943 μὴν
1683 871 1746 925 τὸ
1777 870 1907 946 σύγ-

233 981 502 1036 γραμμα
559 962 869 1039 ἀκραιφνεῖς
925 959 1052 1022 τοὺς
1108 958 1269 1015 εἰσέτι
1328 965 1422 1014 νῦν
1471 963 1541 1033 τῇ
1609 957 1908 1030 Ἐκκλησία

233 1047 720 1128 πεφυλαγμένους
776 1049 1026 1110 κανόνας.
1074 1049 1138 1107 Ἥ
1193 1046 1239 1103 δ’
1282 1047 1556 1124 ἐπιγραφή
1617 1049 1766 1119 αὐτῷ
1809 1051 1906 1101 τοῦ

240 1138 459 1216 λόγου,
520 1139 674 1212 Περὶ
727 1137 881 1214 βίου
929 1139 1376 1214 θεωρητικοῦ,
1408 1138 1442 1207 ἢ
1475 1136 1624 1212 περὶ
1668 1138 1906 1192 ἱκετῶν

239 1228 389 1298 ἐστι,
426 1229 766 1302 θεραπευτὰς
795 1225 980 1282 καλῶν
1009 1227 1135 1290 τοὺς
1174 1229 1274 1298 τήν
1318 1226 1576 1297 τοιαύτην
1623 1227 1904 1282 πολιτείαν

243 1319 756 1398 μετερχομένους·
813 1319 847 1388 ἢ
902 1322 983 1389 τῷ
1039 1317 1210 1380 οὕτως
1267 1315 1524 1388 τηνικάδε
1599 1318 1904 1386 καλεῖσθαι,

243 1409 432 1480 μήπω
464 1414 571 1476 τῆς
603 1411 938 1480 Χριστιανῶν
991 1405 1245 1478 κλήσεως
1291 1403 1370 1463 ἔτι
1400 1406 1861 1481 πεπλατυσμένης
1887 1427 1900 1439 ·

239 1496 278 1567 ἢ
345 1497 440 1552 ὅτι
501 1503 606 1567 τῆς
653 1495 776 1572 περὶ
824 1494 886 1552 τὸ
939 1499 1081 1552 θεῖον
1130 1499 1367 1572 καθαρᾶς
1433 1497 1524 1552 καὶ
1572 1497 1904 1572 εἰλικρινοῦς

239 1586 553 1660 θεραπείας
599 1584 772 1655 ἕνεκα,
812 1588 847 1658 ἢ
889 1591 990 1658 τῷ,
1038 1587 1134 1649 τὰς
1181 1591 1288 1642 τῶν
1338 1587 1678 1662 προσιόντων
1725 1587 1906 1662 ψυχὰς

240 1674 718 1738 ἀπαλλάττοντας
776 1680 884 1732 τῶν
942 1676 1050 1732 ἀπὸ
1095 1676 1282 1738 κακίας
1328 1678 1536 1746 παθῶν,
1583 1677 1771 1750 οἷάπερ
1821 1675 1904 1731 ία-

239 1767 417 1840 τροῦς
499 1765 750 1820 ἀκεῖσθαι
833 1765 920 1820 καὶ
1007 1766 1317 1841 θεραπεύειν
1361 1783 1377 1798 ⁶
1445 1767 1480 1836 ἢ
1549 1763 1907 1836 ὁπωσδήποτε

241 1852 444 1916 ἄλλως
512 1853 657 1929 ἔχει,
715 1851 832 1909 οῦτι
880 1875 968 1908 πω
1027 1851 1380 1919 διατείνεσθαι
1437 1855 1743 1930 ἀναγκαῖον.
1804 1853 1907 1918 Οῦς

243 1943 547 2018 καταρχὰς
597 1947 705 1998 τῶν
766 1943 980 2000 οἰκείων
1057 1943 1355 2015 έξίστασθαι
1428 1943 1578 2022 λέγει
1653 1944 1742 1998 καὶ
1796 1947 1903 1998 τῶν

243 2035 580 2108 προσόντων
639 2035 826 2098 αὐτοῖς
879 2036 1198 2111 φιλοσοφεῖν
1244 2035 1575 2111 ἀρχομένοις
1611 2052 1623 2065 '
1685 2036 1800 2088 εἶτα
1846 2031 1904 2089 δὲ

247 2124 339 2178 καὶ
370 2124 580 2186 πάσαις
623 2123 868 2202 φροντίσι
923 2125 1210 2200 βιωτικαῖς
1258 2124 1541 2202 ἀποταγὴν
1593 2124 1906 2196 ποιησαμέ-

247 2232 403 2283 νους,
454 2209 562 2284 ἔξω
610 2234 666 2268 τε
713 2219 914 2289 τειχῶν
974 2215 1240 2289 γενέσθαι,
1299 2213 1390 2268 καὶ
1449 2212 1504 2269 ἔν
1571 2235 1678 2268 τισι
1741 2234 1908 2286 μονα-

247 2301 430 2376 γρίοις
491 2301 584 2356 καί
642 2303 866 2372 κήποις,
915 2301 950 2370 ἢ
996 2305 1085 2356 καὶ
1133 2299 1280 2378 ὄρεσί
1321 2323 1430 2357 τισι
1483 2301 1576 2364 τὰς
1626 2298 1906 2376 διατριϐὰς

249 2393 558 2456 ποιεῖσθαι,
617 2391 711 2453 τὰς
766 2395 873 2445 τῶν
923 2389 1200 2465 ἀνομοίων
1248 2389 1522 2464 ἐπιμιξίας
1574 2392 1649 2454 ὡς
1710 2386 1904 2464 βλσιϐε⁴

258 2481 355 2554 ρὰς
453 2477 622 2542 οὔσας
699 2479 1151 2554 ἐκτρεπομένους,
1214 2482 1306 2536 τὸν
1371 2481 1710 2558 προφητικὸν
1787 2481 1907 2554 βὶον

255 2567 484 2624 ἂσκοῦσί
529 2591 588 2624 τε
632 2571 723 2624 καὶ
759 2568 993 2640 ζηλοῦσι
1042 2569 1220 2625 πίστει
1263 2570 1477 2644 ζεούσῃ.
1529 2568 1602 2625 Οῦ
1650 2567 1814 2643 μόνον
1848 2566 1905 2623 δὲ

259 2656 394 2725 ἐκεῖ,
455 2659 604 2714 ἀλλὰ
653 2660 742 2715 καὶ
799 2658 1056 2733 ἀλλαχοῦ
1111 2667 1210 2728 τῆς
1265 2666 1368 2735 γῆς
1421 2664 1582 2714 τοῦτο
1635 2659 1698 2714 τὸ
1749 2660 1905 2735 γένας

261 2745 400 2799 εἶναί
449 2769 648 2824 φησιν·
701 2745 807 2802 ἔδει
852 2749 955 2822 γὰρ
1002 2749 1205 2824 ἀγαθοῦ
1247 2746 1458 2802 τελείου
1501 2747 1590 2802 καὶ
1637 2749 1734 2817 τὴν
1767 2746 1903 2803 Ἑλ-

266 2833 412 2890 λάδα
441 2837 530 2890 καὶ
559 2837 658 2906 τήν
711 2833 987 2912 Βάρϐαρον
1037 2842 1344 2912 μετασχεῖν.
1403 2838 1491 2892 Ἐν
1539 2837 1806 2911 Αἰγύπτῳ
1851 2833 1907 2890 δὲ

269 2927 357 2978 καί
415 2924 655 2997 μάλιστα
704 2925 1005 2996 πλεονάζον
1067 2929 1256 3001 ὁρᾶται
1303 2927 1425 2999 περί
1492 2927 1590 2996 τήν
1647 2924 1899 2995 Ἀλεξάν-

265 3010 467 3083 δρειαν.
504 3016 606 3069 Καὶ
653 3016 704 3068 έν
752 3015 950 3090 ἑκάστῃ
1001 3013 1058 3070 δε
1101 3021 1265 3088 μονιᾷ
1312 3014 1523 3088 οἷ’κημα
1571 3016 1714 3086 ἱερὸν
1761 3011 1902 3069 ἔστιν

266 3099 396 3156 ἰδεῖν
429 3122 442 3134 ⁸
495 3104 526 3158 ’ὀ
588 3108 836 3176 σεμνεῖον
895 3102 1126 3158 καλοῦσι
1184 3103 1274 3158 καὶ
1337 3105 1727 3177 μοναστήριον,
1777 3102 1828 3155 ἐν

263 3191 605 3265 μονούμενοι
630 3193 697 3246 τὰ
722 3195 821 3247 τοῦ
851 3197 1050 3266 σεμνοῦ
1103 3193 1224 3268 βίου
1275 3195 1546 3266 μυστήρια
1597 3197 1850 3265 μυοῦνται
1887 3211 1899 3223 ·

2015 958 2339 1030 quidquam
2371 973 2440 1013 ex
2461 974 2522 1014 se
2552 957 2678 1029 ipso
2739 956 2817 1012 rei
2851 955 2962 1028 ipsi
3009 957 3216 1013 addere
3265 958 3655 1014 constituisse.

2013 1051 2372 1120 Quapropter
2393 1047 2676 1119 scriptum
2707 1047 2787 1114 id,
2821 1062 3071 1102 canones
3117 1051 3174 1102 et
3220 1047 3474 1118 regulas,
3528 1064 3658 1119 quze

2015 1135 2189 1192 etiam
2222 1153 2377 1191 nunc
2409 1135 2466 1190 in
2497 1135 2752 1191 Ecclesia
2777 1138 3107 1204 servantur,
3133 1135 3354 1207 liquido
3377 1137 3654 1192 continet.

2018 1224 2322 1296 Inscriptio
2353 1229 2540 1280 autem
2573 1223 2704 1279 libri
2757 1227 2866 1290 est,
2900 1227 2957 1279 et
3013 1223 3234 1280 titulus.
3278 1227 3352 1280 De
3383 1227 3496 1281 vita
3519 1241 3656 1281 con-

2017 1315 2376 1386 templatrice,
2427 1313 2545 1369 sive
2590 1313 2656 1369 de
2715 1312 3075 1384 supplicibus.
3138 1317 3244 1369 Eos
3300 1318 3496 1369 autem
3555 1315 3656 1388 qui

2015 1405 2192 1460 vitam
2231 1403 2582 1474 ejuscemodi
2631 1401 2880 1475 amplexi
2935 1407 3152 1472 essent,
3183 1403 3508 1476 θεραπευτὰς
3553 1405 3652 1476 (1),

2015 1494 2124 1550 hoc
2162 1500 2268 1564 est,
2316 1493 2569 1549 cultores
2608 1509 2709 1548 seu
2760 1495 3052 1549 curatores
3101 1497 3314 1549 vocat:
3367 1493 3453 1550 vel
3499 1495 3653 1565 quod

2015 1583 2098 1639 ita
2121 1587 2242 1639 tum
2277 1581 2729 1654 appellarentur,
2764 1583 3023 1638 nondum
3061 1581 3524 1639 Christianorum
3559 1600 3656 1637 no-

2014 1673 2174 1729 mine
2214 1673 2328 1728 late
2367 1672 2577 1728 diffuso
2611 1689 2624 1727 :
2659 1671 2744 1727 vel
2789 1676 3023 1744 pr0pter
3069 1687 3284 1744 purum
3329 1673 3652 1729 sincerum-

2015 1778 2128 1834 que
2150 1761 2250 1818 Dei
2281 1760 2544 1818 cultnm:
2578 1760 2663 1818 vel
2693 1761 2848 1833 quod
2893 1764 3172 1834 tanquam
3224 1761 3456 1828 medici,
3495 1777 3655 1817 exer-

2016 1855 2234 1921 cerent,
2265 1854 2553 1918 curarent,
2585 1854 2760 1922 atque
2789 1849 3042 1906 colerent
3071 1865 3270 1906 eorum
3302 1849 3402 1923 qui
3451 1851 3518 1905 ad
3557 1866 3654 1906 eos

2013 1942 2331 2008 venissent,
2383 1942 2634 2011 animos,
2681 1941 2842 1996 omni
2886 1956 2983 1996 eos
3029 1941 3296 1996 vitiorum
3349 1940 3654 2012 perturba-

2013 2031 2172 2086 tione
2199 2029 2512 2085 liberantes
2547 2045 2560 2084 :
2593 2029 2679 2084 vel
2711 2029 2886 2084 aliam
2927 2045 3336 2101 quamcunque
3390 2030 3464 2085 ob
3509 2045 3654 2084 cau—

2014 2136 2142 2176 sam
2175 2135 2399 2192 :ncque
2437 2117 2590 2175 enim
2641 2119 2712 2176 de
2748 2134 2815 2175 eo
2859 2118 3208 2174 contendere
3258 2118 3652 2175 necessarium

2013 2216 2118 2267 est.
2151 2210 2267 2266 Hos
2299 2225 2332 2265 a
2373 2207 2680 2282 principio,
2721 2225 2855 2264 cum
2903 2207 3230 2264 Christiana
3287 2207 3656 2281 phil050phia

2015 2299 2399 2368 initiarentur,
2449 2297 2612 2365 dicit,
2672 2313 2791 2354 rem
2843 2293 3184 2352 familiarem
3235 2295 3653 2368 facultatesque

2015 2405 2155 2444 suas
2195 2386 2519 2458 relinquere
2569 2385 2774 2442 solitos
2818 2401 2947 2440 esse
2999 2401 3014 2440 :
3067 2401 3134 2442 ac
3191 2384 3398 2440 deinde
3449 2385 3652 2440 nuntio

2015 2479 2291 2536 omnibus
2337 2477 2465 2532 vitae
2503 2476 2680 2547 hujus
2721 2475 2876 2531 curis
2925 2479 2980 2531 et
3011 2474 3507 2532 sollicitudinibus
3565 2491 3653 2530 re-

2016 2568 2211 2636 misso,
2245 2570 2405 2623 extra
2435 2581 2634 2621 muros
2677 2565 2736 2620 in
2767 2565 3005 2620 semotis
3053 2563 3348 2637 aliquibus
3405 2564 3563 2636 agris
3596 2567 3654 2619 et

2014 2657 2216 2725 hortis,
2251 2656 2556 2712 autetiam
2607 2655 2906 2712 montibus
2951 2653 3165 2710 versari
3217 2657 3394 2725 atque
3439 2653 3650 2719 vivere,

2013 2745 2506 2817 dissimiliumque
2561 2745 2825 2801 omnium
2857 2743 3337 2800 consuetudinem
3375 2747 3651 2814 tanquam

2013 2839 2400 2911 perniciosam
2415 2841 2769 2903 aversantes,
2786 2836 2961 2892 vitam
2977 2833 3368 2907 propheticam
3383 2833 3650 2906 ﬂagranti

2014 2932 2189 3000 atque
2221 2926 2461 2984 ferventi
2505 2927 2619 2981 ﬁde
2660 2925 2925 2982 meditari
2976 2928 3150 2996 atque
3195 2922 3476 2980 aemulari.
3525 2923 3650 2978 Non

2015 3017 2201 3075 solum
2235 3019 2429 3073 autem
2460 3031 2526 3072 eo
2557 3017 2616 3071 in
2640 3015 2786 3086 loco,
2809 3030 3008 3070 verum
3040 3014 3212 3070 etiam
3257 3013 3396 3068 alibi
3419 3013 3475 3068 in
3515 3014 3651 3069 orbe

2012 3113 2303 3165 terrarum
2326 3107 2434 3165 hoc
2465 3124 2650 3180 genus
2683 3107 2861 3163 fuisse
2885 3107 3109 3164 scribit.
3165 3105 3406 3162 Docebat
3436 3105 3652 3177 quippe

2013 3199 2230 3255 summi
2265 3197 2401 3254 boni
2431 3202 2489 3254 et
2519 3197 2800 3254 Graeciam
2849 3201 2906 3252 et
2954 3195 3291 3252 Barbariem
3343 3194 3650 3266 participes

261 3276 311 3330 ἐν
343 3280 389 3350 ᾧ
429 3279 592 3336 οὐδέν
645 3280 936 3356 εἷ’σάγεται,
985 3279 1047 3336 οῦ
1095 3279 1292 3351 σιτίον,
1343 3283 1408 3336 οὐ
1457 3282 1644 3346 ποτὸν,
1697 3279 1820 3336 οὐδέ
1849 3303 1900 3335 τι

2017 3289 2160 3359 ﬁeri,
2194 3289 2250 3344 in
2283 3290 2522 3362 .Egypto
2573 3293 2766 3344 tamen
2817 3299 2870 3342 et
2915 3287 3164 3342 maxime
3211 3287 3366 3342 circa
3405 3284 3652 3342 Alexan-

259 3365 402 3422 ἄλλο
452 3376 562 3425 τῶν
611 3371 748 3442 πρὸς
793 3370 887 3432 τὰς
937 3372 1250 3442 σωματικὰς
1299 3369 1490 3446 χρείας
1541 3367 1899 3440 ἐπιτηδείων·

261 3453 406 3512 ἀλλᾶ
435 3460 642 3536 λόγους
669 3480 727 3514 τε
755 3460 845 3514 καὶ
875 3463 1102 3533 νόμους,
1145 3462 1330 3535 ῥήσεις
1361 3481 1418 3515 τε
1467 3465 1765 3538 προφητῶν
1815 3460 1903 3514 καὶ

259 3543 456 3618 ὕμνους
513 3549 927 3619 θεοπνεύστους,
987 3549 1075 3603 καὶ
1130 3547 1275 3604 ἄλλα
1333 3551 1420 3613 οῖς
1477 3549 1754 3622 ἐπιστήμη
1812 3548 1901 3602 καὶ

259 3632 502 3692 εὐσέϐεια
545 3638 623 3698 εἰς
673 3635 892 3709 αὔξησιν
942 3636 1200 3710 ἥκουσαι,
1256 3638 1412 3700 τέλος
1462 3636 1679 3710 ἄριστον
1727 3642 1904 3692 κτῶν-

257 3744 363 3783 ται.
416 3727 487 3782 Τὸ
538 3725 588 3782 δ’
637 3728 686 3797 ἐξ
733 3725 806 3782 ’ἑω
859 3728 1023 3803 μέχρι
1073 3727 1140 3798 δὴ
1201 3729 1287 3783 καί
1339 3727 1567 3802 ἑσπέρας
1625 3725 1902 3800 διάστημα

257 3810 482 3884 ἄσκησίς
542 3816 687 3872 ἐστιν
742 3815 944 3878 αὐτοῖς.
1004 3823 1130 3880 Ταῖς
1189 3820 1293 3895 γὰρ
1363 3817 1532 3892 ἱεραῖς
1600 3814 1869 3894 ἐμφιλοσο

261 3907 483 3978 φοῦντες
545 3910 782 3980 Γραφαῖς
830 3907 930 3976 τήν
989 3908 1218 3981 πάτριον
1259 3907 1620 3986 φιλοσοφοῦσι
1673 3905 1902 3983 φιλυσο-

257 3989 402 4064 φίαν.
453 3996 666 4069 ’Ὠσπερ
719 3996 817 4068 γάρ
877 4017 998 4050 τινα
1053 3993 1296 4070 κρηπῖδα
1353 3997 1578 4070 πρώτην
1625 4015 1900 4068 προκατα-

257 4072 600 4154 6αλλόμενοι
645 4086 744 4152 τὴν
786 4082 1114 4157 ἐγκράτειαν,
1160 4087 1252 4146 τὰς
1301 4085 1496 4146 λοιπὰς
1545 4089 1651 4139 τῶν
1698 4083 1901 4159 ἀρετῶν

257 4165 719 4245 ἐποικοδομοῦσιν
773 4171 928 4243 αὐτῇ.
965 4173 1063 4227 Καὶ
1104 4173 1204 4247 γὰρ
1243 4172 1423 4229 οὐδενὶ
1474 4174 1648 4228 αὐτῶν
1702 4173 1899 4246 ἐξέσται

259 4257 360 4328 πρὸ
402 4258 574 4328 ἡλίου
625 4259 882 4324 δύνοντος
928 4262 1102 4318 σιτίον
1142 4263 1176 4331 ἢ
1209 4263 1375 4318 ποτὸν
1423 4262 1898 4336 προσενέγκασθαι.

255 4345 328 4398 Τὸ
359 4348 463 4420 γὰρ
495 4351 623 4423 περί
651 4352 844 4424 ἀρετὴν
899 4350 1217 4428 φιλοσοφεῖν
1273 4351 1454 4429 φωτὸς
1483 4351 1630 4421 ἄξιον
1678 4351 1903 4412 ἐκείνοις

261 4432 332 4495 ὡς
363 4435 505 4500 εἰκὸς
536 4439 796 4514 κρίνεται.
850 4444 1086 4504 Σκότους
1135 4439 1192 4495 δὲ
1219 4443 1282 4496 τὸ
1328 4440 1452 4512 περὶ
1495 4441 1590 4502 τὰς
1639 4446 1736 4496 τοῦ
1791 4441 1898 4494 σώο

261 4543 426 4592 ματος
481 4528 722 4604 ἀνάγκας
773 4527 1084 4605 έστράφθαι.
1144 4529 1258 4584 Εἰσὶ
1309 4527 1365 4584 δέ
1397 4529 1449 4584 οἳ
1478 4530 1569 4584 καὶ
1600 4527 1688 4584 διὰ
1729 4533 1896 4604 τριῶν

2008 3381 2196 3436 driam
2239 3379 2576 3434 institutum
2608 3378 2715 3434 hoc
2769 3378 3134 3449 frequentari.
3176 3379 3239 3432 In
3301 3391 3651 3448 unaquaque

2008 3473 2201 3524 autem
2226 3468 2504 3536 solitaria,
2535 3467 2746 3539 inquit,
2789 3467 3092 3523 mansione
3129 3481 3358 3522 sacram
3409 3464 3647 3520 domum

2008 3558 2281 3631 reperias,
2331 3574 2507 3628 quam
2572 3559 2818 3628 σεμνεῖον
2871 3556 2969 3628 (2),
3032 3555 3140 3610 hoc
3197 3558 3284 3609 est
3331 3553 3649 3610 honestatis

2007 3647 2421 3719 gravitatisque
2463 3646 2654 3701 locum
2703 3649 2758 3700 et
2808 3644 3229 3700 monasterium
3274 3646 3528 3698 vocant:
3587 3643 3646 3696 in

2007 3755 2122 3810 quo
2154 3735 2373 3792 scilicet
2412 3735 2486 3790 ab
2517 3733 2648 3790 aliis
2697 3733 2944 3805 sejuncli
2995 3737 3050 3788 et
3079 3731 3342 3798 solitarii,
3395 3731 3645 3787 honestas

2007 3831 2340 3897 sanctasque
2361 3824 2490 3880 vitae
2523 3823 2818 3896 mysteriis
2847 3820 3214 3878 imbuuntur.
3251 3821 3329 3876 Eo
3379 3819 3521 3876 nihil
3555 3819 3650 3875 in-

2008 3917 2193 3972 fertur
2221 3913 2304 3969 vel
2338 3912 2633 3980 frumenti,
2667 3912 2753 3968 vel
2797 3914 2994 3985 petus,
3045 3910 3130 3967 vel
3179 3911 3357 3966 etiam
3404 3909 3647 3966 alterius

2007 4004 2087 4060 rei
2134 4005 2204 4060 ad
2266 4002 2657 4060 necessarium
2741 4001 3000 4072 corporis
3049 4017 3221 4056 usum
3279 3999 3646 4072 pertinentis.

2017 4091 2179 4147 I58
2225 4092 2533 4147 Sermones
2591 4093 2817 4145 tantum
2867 4093 2923 4144 et
2979 4089 3151 4161 leges,
3201 4089 3470 4160 dictaque
3518 4105 3650 4159 pro—

2013 4183 2318 4253 pbctarum
2369 4185 2541 4251 atque
2585 4180 2833 4252 hymnos
2883 4179 3159 4234 divinitus
3211 4178 3525 4250 inspiratos
3575 4177 3651 4233 ibi

2012 4271 2386 4336 meditantur,
2437 4273 2612 4340 atque
2667 4269 2842 4324 etiam
2902 4267 3034 4332 alia,
3106 4267 3322 4338 quibus
3387 4267 3655 4324 doctrina

2009 4369 2063 4416 et
2095 4362 2278 4432 pietas
2310 4375 2648 4428 augescens,
2674 4374 2976 4414 summum
3000 4357 3380 4428 consequitur
3411 4357 3646 4412 bonum.

2011 4449 2390 4506 lulervallum
2437 4465 2602 4518 porro
2663 4448 2942 4519 temporis
2987 4447 3058 4502 ab
3105 4446 3232 4518 ipso
3273 4446 3531 4502 diluculo
3579 4446 3648 4500 ad

2013 4555 2313 4610 vesperam
2349 4552 2557 4608 usque,
2597 4536 2654 4592 in
2705 4536 2978 4593 exercitio
3017 4551 3114 4592 eos
3153 4535 3430 4591 conlinel.
3461 4535 3651 4590 Sacris

259 4611 347 4664 κᾶἱ
401 4614 676 4672 πλειόνων
730 4619 1250 4692 ὑπομιμνήσκονται
1304 4625 1535 4696 τροφῆς,
1569 4621 1652 4680 οἷς
1697 4617 1897 4672 πλείων

2013 4629 2168 4686 enim
2203 4627 2611 4683 incumbentes
2643 4628 2890 4696 Litteris,
2921 4627 2978 4682 in
3013 4626 3198 4697 patria
3245 4623 3446 4680 scdulo
3477 4624 3652 4679 desu-

259 4697 286 4750 ὁ
331 4700 500 4768 πόθος
549 4712 654 4775 τῆς
712 4705 1024 4779 ἐπιστήμης
1083 4705 1370 4782 ἐνίδρυται.
1429 4709 1578 4769 Τινὲς
1629 4705 1675 4762 δ’
1725 4706 1898 4769 οὕτως

261 4783 695 4868 ἐνευφραίνονται
746 4795 836 4850 καὶ
892 4799 1165 4872 τρυφῶσιν
1229 4796 1332 4851 ὑπὸ
1394 4797 1584 4874 σοφίας
1637 4797 1898 4870 ἑστιώμε-

258 4893 363 4961 γοι,
411 4878 616 4958 ἄφθονα
667 4885 1022 4960 χορηγούσης
1066 4886 1135 4939 τὰ
1181 4883 1450 4961 δόγματα,
1501 4886 1576 4948 ὡς
1626 4885 1715 4940 καὶ
1763 4886 1898 4958 πρὸς

261 4958 576 5028 διπλασίονα
609 4958 811 5048 χρόνον
841 4972 1106 5048 ἀντέχειν,
1148 4975 1239 5028 καὶ
1259 4958 1438 5047 ’μόλις
1471 4972 1543 5028 δι’
1584 4971 1639 5047 ἓξ
1671 4975 1893 5048 ἡμερῶν

259 5059 458 5132 τροφῆς
523 5061 822 5138 ἀναγκαίας
889 5061 1139 5136 μετέχειν
1217 5064 1655 5138 προσεθισθῆναι.
1716 5061 1787 5119 A'i
1834 5083 1898 5140 γε

329 5186 404 5268 (1)
428 5189 597 5250 Jesus
628 5194 906 5268 Hebraico
947 5210 1218 5268 sermone
1241 5201 1470 5250 curator
1517 5195 1750 5262 dicitur,
1780 5194 1900 5268 sive

261 5259 514 5317 medicus
543 5269 599 5322 et
639 5265 938 5322 salvator:
987 5269 1043 5320 et
1073 5266 1144 5320 ab
1194 5267 1304 5322 hoc
1363 5269 1605 5322 fortasse
1664 5259 1898 5320 nomine

258 5323 451 5385 .lessaai
485 5338 645 5408 prius
677 5337 813 5392 dicti
846 5340 1006 5400 sunt,
1059 5353 1230 5408 quam
1279 5338 1741 5393 Christianorum
1795 5353 1897 5392 co—

261 5407 720 5484 gpouienﬁdeles
751 5407 1148 5464 obtinuerunt.
1177 5409 1581 5484 Ab‘Antiochia
1620 5424 1895 5484 namque,

262 5475 754 5556 gaicutbveritatis
799 5485 1212 5556 argumentum
1241 5479 1464 5556 -ba_bet_,_
1513 5475 1792 5556 discipuli
1845 5487 1899 5556 el

262 5536 507 5626 Ecclesia
563 5551 660 5626 Dei
722 5536 990 5626 univcrsa
1044 5549 1366 5626 Christiani
1410 5536 1894 5626 (licigccnperunt.

264 5605 527 5693 Reperias
556 5623 684 5693 ejus
716 5622 797 5693 rei
821 5605 1260 5693 argumentum,
1321 5623 1370 5676 si
1427 5605 1689 5678 Philonis
1742 5639 1899 5677 com-

265 5687 570 5749 mentarios
583 5687 802 5766 legeris
833 5687 1071 5750 in'libro
1101 5690 1228 5766 eius
1259 5707 1430 5764 quem
1462 5694 1536 5751 De
1564 5693 1782 5752 lamis
1813 5693 1900 5750 in-

2014 4719 2152 4774 dant
2179 4715 2568 4789 philos0phia.
2603 4719 2680 4773 Ac
2710 4717 2881 4790 quasi
2923 4717 3370 4771 fundamentum
3400 4712 3648 4785 primum

2002 4807 2286 4880 jacientes
2315 4805 2503 4876 ipsam
2545 4805 2985 4873 continentiam,
3035 4804 3292 4874 reliquas
3337 4801 3389 4858 ei
3445 4817 3653 4872 super-

2008 4901 2246 4953 struunt
2275 4894 2552 4962 virtutes;
2587 4911 2773 4968 ncque
2803 4898 2935 4950 ante
2961 4894 3101 4951 solis
3148 4907 3416 4948 occasum
3477 4890 3652 4946 alicui

2007 5003 2074 5042 ex
2117 4985 2202 5040 eis
2243 5000 2452 5057 panem
2491 4988 2594 5042 aut
2650 4992 2849 5058 potum
2908 4997 3137 5040 sumere
3199 4980 3350 5037 licet.
3401 4979 3652 5036 Virtutis

2011 5073 2168 5130 enim
2199 5072 2608 5130 studiumluce
2639 5073 2902 5146 dignum,
2935 5073 3015 5128 ita
3048 5075 3112 5128 ut
3143 5087 3246 5143 par
3284 5073 3370 5126 est
3399 5085 3414 5124 :
3449 5075 3650 5126 contra

2007 5198 2260 5270 scripsit.
2295 5199 2404 5263 Qui
2444 5201 2650 5255 horum
2685 5201 2814 5256 vitai
2834 5196 3313 5270 consuetudinem
3345 5199 3402 5270 et
3445 5195 3652 5251 laudes

2007 5268 2323 5341 exponens,
2355 5276 2412 5326 et
2440 5273 2792 5328 monasteria
2823 5289 2944 5342 qua:
2971 5270 3023 5324 in
3056 5268 3291 5340 regione
3328 5268 3480 5342 circa
3525 5270 3652 5342 Ma-

2009 5337 2104 5395 ria:
2150 5337 2340 5397 lacum
2392 5343 2642 5398 habuere
2720 5337 3209 5406 com-memorans,
3272 5355 3386 5394 non
3419 5339 3488 5393 de
3514 5337 3648 5392 aliis

2009 5429 2182 5484 quam
2209 5413 2577 5486 Christianis,
2601 5412 3142 5486 primis,bistoriam
3165 5411 3372 5481 texuit,
3404 5409 3546 5466 locis
3567 5409 3650 5464 eis

2009 5485 2347 5556 peragratis.
2379 5484 2616 5556 (Epiphl
2645 5502 2723 5552 ix,
2756 5487 2828 5541 De
2865 5484 3190 5556 Nazoravis.)

2077 5551 2420 5626 (2)“Σεμνεῖα
2453 5551 2565 5611 non
2597 5551 2786 5612 solum
2823 5551 3263 5626 monachorum,
3295 5555 3395 5610 sed
3453 5551 3650 5609 homi-

2007 5642 2150 5682 num
2181 5627 2639 5684 uhristianorum
2673 5628 2936 5684 omnium
2967 5627 3239 5684 oratoria.
