4070 6274
393 319 510 377 ’795

1663 329 1716 386 Ν
1722 326 2091 390 lGEPHOBI
2133 325 2505 389 CALLISTI.

3681 311 3805 375 796

391 459 586 509 autem
617 453 688 510 ad
719 455 988 512 tenebras
1020 457 1304 529 pertinere
1323 475 1446 529 eas,
1475 475 1598 531 quas
1627 462 1696 518 ad
1756 477 2031 518 necessa-

2163 461 2254 530 ιὴν
2285 465 2392 515 τῶν
2430 459 2592 532 ἱερῶν
2623 456 2906 530 ἐξηγήσεις
2939 450 3143 526 λογίων
3193 450 3243 505 ἐν
3277 448 3648 522 ἀλληγορίαις
3707 448 3804 497 αὖε

393 542 544 599 rinm
577 544 832 614 corporis
860 562 1033 602 usum
1082 557 1478 610 summuntur,
1527 566 1696 608 curas
1739 551 2027 621 judicant.

393 632 540 687 Sunt
567 635 761 688 autem
781 635 879 704 qui
911 638 1043 704 post
1070 638 1187 694 tres
1229 643 1332 693 aut
1387 639 1585 709 plures
1623 640 1748 696 dies
1795 641 2030 697 demum

388 721 503 777 cibi
533 721 1010 791 reminiscuutur,
1037 725 1249 796 quibus
1281 727 1546 785 videlicet
1593 731 1774 801 major
1817 731 2030 788 doctri-

391 827 480 865 nae
518 811 668 866 inest
715 811 1025 882 cupiditas.
1072 814 1351 872 Nonnulli
1398 817 1576 874 etiam
1615 819 1697 875 ita
1739 819 2030 888 laetantur,

388 897 718 970 deliciisque
749 901 1002 958 afﬂuunt
1031 903 1185 960 circa
1225 905 1526 978 sapientiae
1571 908 1799 980 epulas,
1839 909 2030 981 pluri-

391 1004 516 1042 mas
545 989 988 1059 suppeditantes
1006 991 1323 1055 doctrinas.
1340 998 1404 1050 ut
1425 996 1826 1068 dupplicatum
1851 999 2028 1056 etiam

387 1075 444 1130 id
473 1080 706 1152 tempus
735 1093 798 1133 se
824 1078 1181 1152 abstineant,
1210 1086 1269 1137 et
1297 1087 1458 1140 sexto
1480 1085 1569 1140 vix
1599 1087 1692 1142 die
1720 1088 1792 1144 de
1831 1105 2031 1144 neces-

388 1163 540 1220 sario
575 1151 858 1222 alimento
915 1151 1263 1241 participare
1317 1175 1743 1232 consueverint.
1793 1177 2032 1249 Exposi-

388 1254 578 1311 tiones
609 1272 780 1327 porro
807 1273 1110 1314 sacrorum
1155 1261 1524 1319 oraculorum
1573 1281 1677 1336 per
1721 1267 2032 1339 allegorias

388 1359 629 1399 arcanas
659 1345 1034 1419 occultasque
1062 1349 1407 1420 sententias,
1457 1356 1516 1408 et
1561 1371 1852 1428 anagogas
1909 1357 2031 1412 sive

389 1432 890 1505 contemplatrices
936 1440 996 1492 et
1049 1437 1322 1510 mysticae
1397 1439 1810 1516 intelligentiae
1861 1446 2032 1502 insti-

390 1526 584 1578 tuunt.
615 1523 880 1580 Studium
905 1525 1217 1598 siquidem,
1240 1533 1297 1584 et
1325 1531 1492 1600 quasi
1522 1531 1610 1588 lex
1659 1533 2032 1606 philosopho-

390 1627 521 1666 rum
555 1611 806 1668 istorum
836 1613 1116 1671 animanti
1147 1619 1438 1690 persimile
1461 1624 1572 1690 est,
1611 1623 1782 1694 cujus
1818 1641 2031 1697 corpus

393 1701 551 1756 nuda
586 1702 761 1758 verba
787 1703 926 1773 sint,
958 1704 1158 1762 anima
1188 1710 1382 1766 autem
1402 1709 1709 1770 abstrusus
1748 1713 1946 1772 inillis
1976 1719 2033 1772 et

2135 553 2252 611 τοῖς
2285 547 2354 603 δι’
2394 549 2663 602 ὑπονοιῶν
2703 545 2794 600 καὶ
2835 544 3146 618 ἀναγωγαῖς
3185 539 3407 596 ἐννοιῶν
3455 534 3808 593 κατασκευά-

2139 644 2346 708 ζονται.
2403 639 2468 692 Ἠ
2529 635 2632 710 γὰρ
2679 632 2976 706 νομοθεσία
3031 635 3150 693 τοῖς
3198 627 3525 704 φιλοσόφοις
3571 623 3810 683 τούτοις

2141 727 2266 800 ζώῳ
2323 728 2712 800 προσείκασται
2742 743 2757 757 ·
2804 723 2895 776 καὶ
2946 724 3104 794 σῶμα
3147 717 3294 790 αὐτῷ
3336 720 3372 787 ἡ
3407 715 3548 792 ῥητή
3607 713 3802 784 λέξις·

2137 819 2292 891 ψυγὴ
2326 814 2385 871 δέ
2422 815 2565 872 ἐστιν
2614 817 2643 870 ὁ
2685 811 3096 885 ἐναποκείμενος
3136 807 3306 882 ταῦτῃ
3358 807 3591 880 ἀόρατος
3646 825 3802 864 νους.

2239 877 2257 890 Β
2609 905 2625 912 μ
2702 903 2712 912 ι
2950 901 2964 912 ι
3155 904 3179 912 ,ι
3445 895 3457 912 1
3790 893 3802 908 I

2139 905 2259 962 Είσὶ
2308 905 2364 960 δὲ
2420 907 2548 979 παρ’
2607 903 2832 966 ἐκείνοις
2881 901 2969 956 καί
3016 904 3268 974 γυναῖκες
3325 901 3657 969 μονάστριαι
3711 901 3805 948 καί

2137 993 2515 1070 θεραπευτίδες
2571 991 2930 1066 καλούμεναι,
3005 991 3106 1060 τήν
3163 987 3330 1056 αὐτήν
3409 987 3557 1060 ἱερὰν
3627 983 3802 1038 πολι-

2135 1077 2283 1140 τείαν
2322 1086 2408 1140 καὶ
2459 1086 2784 1138 καταστασιν
2837 1080 3270 1155 μετερχόμεναι·
3321 1077 3396 1130 ὧν
3444 1076 3501 1130 αἱ
3554 1073 3802 1134 πλείους

2136 1177 2283 1251 γήρᾳ
2371 1177 2707 1245 κοσμοῦνται
2797 1171 3058 1246 σώφρονι,
3137 1167 3229 1222 καὶ
3311 1164 3606 1270 παρθενίαν
3707 1163 3800 1270 καί

2138 1263 2365 1339 ἁγνείαν,
2416 1263 2517 1316 οὐκ
2565 1261 2796 1337 ἀνάγκῃ,
2845 1257 2972 1314 ἀλλ’
3014 1256 3074 1312 ἐκ
3116 1257 3485 1330 προαιρέσεως
3537 1253 3800 1308 ἑκουσίου

2138 1352 2382 1420 ἀσκοῦσι,
2414 1349 2644 1405 καὶτῶν
2694 1349 2816 1419 περὶ
2851 1347 2914 1401 τὸ
2955 1352 3114 1420 σῶμα
3162 1343 3374 1414 ἡδονῶν
3419 1341 3797 1419 ἀλογήσασαι,

2138 1441 2203 1496 οὐ
2256 1442 2489 1510 θνητῶν,
2547 1437 2676 1493 ἀλλ’
2734 1437 3012 1492 ἀθανάτων
3072 1435 3307 1509 ἐκγόνων
3355 1432 3733 1510 ὠρέχθησανο
3766 1432 3800 1482 ἃ

2139 1531 2276 1604 μόνα
2328 1529 2531 1584 τίκτειν
2590 1529 2682 1606 ἀφ’
2741 1527 2933 1594 ἑαυτῆς
2991 1523 3091 1578 οἶα
3142 1525 3201 1579 τέ
3257 1533 3399 1579 εστιν
3439 1524 3474 1591 ἡ
3522 1519 3798 1597 θεοφιλής

2136 1621 2316 1697 ψυχή.
2355 1617 2453 1674 Καὶ
2489 1617 2670 1672 τοίνυν
2706 1614 2802 1671 δύο
2841 1614 3136 1671 πολιτειῶν
3163 1619 3243 1686 τῷ
3276 1612 3379 1689 βίῳ
3414 1617 3523 1667 τῶν
3575 1611 3796 1686 ἀνθρὼ-

2135 1730 2254 1764 πων
2295 1709 2500 1777 οὐσῶν,
2545 1711 2673 1781 μιᾶς
2724 1707 2817 1778 μὲν
2867 1704 2960 1760 καὶ
3013 1701 3377 1777 μετριωτὲρας
3407 1707 3506 1770 τῆς
3538 1701 3592 1756 ἐν
3631 1699 3794 1775 γάμῳ

393 1789 704 1848 invisibilis
735 1807 959 1848 sensus.
994 1795 1146 1850 Sunt
1171 1813 1402 1870 quoque
1433 1802 1589 1872 apud
1619 1819 1718 1860 eos
1749 1807 1805 1860 et
1833 1805 2033 1862 mulie-

2163 1798 2448 1874 Βιαγωγῆς,
2507 1797 2690 1872 ἒτέρας
2751 1793 2808 1850 δὲ
2861 1797 2959 1860 τῆς
3011 1792 3379 1869 ὑπερκοσμίου
3427 1793 3518 1846 καί
3566 1789 3798 1895 ἀγγελι-

395 1895 487 1934 res
517 1880 808 1950 solitariae,
838 1881 1238 1958 θεράπευτίδες,
1282 1887 1387 1944 hoc
1415 1894 1505 1946 est
1536 1891 1806 1950 cultrices
1852 1895 2037 1965 dictae,

396 1983 521 2038 quis
548 1984 770 2025 sacram
801 1970 952 2027 hanc
982 1973 1162 2030 vitam
1202 1979 1262 2032 et
1306 1977 1639 2037 institutum
1695 1987 1992 2042 sectantur
2023 2001 2039 2042 :

399 2072 645 2128 quarum
721 2057 1009 2132 plerisque
1062 2063 1326 2122 modesta
1391 2071 1448 2122 et
1502 2069 1692 2126 sobria
1746 2077 2042 2130 senectute

401 2150 640 2218 ornata,
673 2151 988 2220 puritatem
1019 2155 1076 2208 et
1103 2152 1493 2226 virginitatem
1526 2176 1642 2216 non
1674 2163 2041 2234 necessitate,

401 2235 504 2290 sed
527 2243 847 2308 spontanee
876 2240 1054 2296 animi
1095 2242 1484 2304 destinatione
1503 2248 1762 2320 collunt;
1795 2253 2044 2310 nullam-

403 2339 512 2395 que
541 2326 801 2397 corporis
833 2327 1193 2400 voluptatum
1217 2350 1414 2391 curam
1465 2341 1568 2393 aut
1596 2339 1882 2398 rationem
1929 2343 2043 2400 ha-

402 2414 762 2484 bentes,non
778 2419 1139 2489 mortalium,
1163 2424 1264 2478 sed
1282 2425 1706 2486 immortalium
1730 2429 2045 2489 liberorum

403 2504 834 2576 gignendorum
864 2509 1242 2580 cupiditatem
1265 2515 1558 2589 obtinent,
1589 2522 1796 2592 quales
1836 2523 2049 2581 liberos

403 2593 529 2649 sola
556 2611 624 2649 ex
653 2595 848 2668 seipse
868 2597 968 2654 Dei
1001 2615 1206 2658 amans
1243 2605 1440 2662 anima
1483 2624 1785 2679 procreare
1838 2617 2045 2684 potest.

401 2683 615 2740 Verum
635 2687 930 2744 enimvero
961 2707 1096 2746 cum
1126 2693 1242 2750 duo
1287 2695 1407 2753 sint
1429 2697 1738 2758 hominum
1787 2683 1913 2762 vita:
1960 2704 2051 2761 in-

414 2772 601 2830 stituti
630 2789 843 2847 genera
872 2795 886 2834 :
923 2779 1100 2837 unius
1131 2782 1432 2852 nimirum,
1481 2789 1721 2862 ejusque
1762 2793 2054 2852 inferioris

416 2862 742 2935 conjugalis
789 2870 1279 2929 consuetudinis:
1321 2875 1562 2933 alterius
1610 2885 1804 2936 autem
1853 2899 2056 2954 super-

420 2953 728 3008 mundanm
757 2958 816 3012 et
846 2958 1138 3028 angelicas.
1174 2961 1284 3018 Deo
1314 2963 1582 3022 videlicet
1617 2967 1839 3026 dilectae
1882 2953 2055 3043 virgi-

422 3039 636 3107 uitatis,
696 3057 762 3098 ac
817 3045 1090 3103 solitariae
1147 3050 1510 3125 puriorisque
1541 3039 2001 3116 conversationis
2039 3079 2054 3118 :

420 3127 466 3184 si
500 3129 635 3199 quis
681 3129 1010 3202 legitimum
1042 3153 1108 3192 ac
1139 3137 1512 3211 impollutam
1543 3151 1828 3216 sequatur
1857 3149 2049 3206 matri-

2147 1895 2274 1958 κῆς,
2302 1893 2401 1954 τῆς
2453 1883 2742 1964 θεοφιλοῦς
2787 1879 3001 1954 δηλαδὴ
3046 1881 3368 1956 παρθενίας·
3408 1887 3510 1950 τῆς
3559 1876 3798 1952 μοναδι-

2147 1984 2250 2048 κῆς
2297 1973 2514 2047 δηλαδὴ
2544 1974 2635 2030 καὶ
2683 1975 2918 2048 καθαρᾶς
2969 1973 3250 2048 βιώσεως’
3286 1967 3333 2026 ε”ί
3361 1991 3444 2032 τις
3492 1971 3586 2026 τὸν
3637 1964 3797 2024 ἔννο-

2154 2089 2252 2140 μον
2282 2066 2373 2122 καὶ
2404 2065 2668 2138 ἀμίαντον
2697 2060 2884 2120 ἕλοιτο
2915 2065 3116 2138 γάμον,
3153 2062 3412 2136 μέμψεως
3445 2061 3541 2133 μὶν
3575 2057 3793 2135 πόῤῥω,

2149 2155 2296 2226 πλὴν
2353 2155 2597 2226 ἡττόνων
2655 2153 3014 2232 χαρισμάτων
3061 2150 3329 2226 ἐπιτυχὴς
3377 2149 3623 2224 γίνεται·
3678 2170 3792 2204 σω-

2459 2245 2471 2254 .
2636 2244 2648 2254 .
2739 2244 2764 2254 ..
2914 2243 2941 2254 Α
3006 2245 3032 2254 -
3117 2241 3173 2254 ς.
3475 2240 3489 2254 .
3549 2237 3565 2254 ι
3759 2238 3772 2254 .

2151 2247 2365 2324 φρόνως
2412 2245 2515 2321 γὰρ
2564 2244 2653 2300 καὶ
2703 2244 2858 2306 οὗτος
2913 2243 3066 2316 βιοῦν
3117 2241 3354 2315 λέγεται,
3403 2240 3493 2294 καὶ
3547 2237 3600 2294 ἐν
3646 2238 3801 2312 τριά-

2153 2356 2313 2391 νοντα
2363 2335 2456 2390 τὸν
2492 2337 2590 2404 τῆς
2641 2333 2837 2408 ἀρετῆς
2885 2336 3224 2408 καρποφορεῖ
3295 2331 3534 2408 ἄσταχυν
3563 2349 3578 2363 ο
3634 2328 3800 2402 μόλις

2154 2427 2258 2500 γὰρ
2316 2423 2368 2479 ἐν
2429 2423 2692 2495 ἑξήκαντα
2724 2443 2737 2454 ·
2799 2424 2845 2495 ᾧ
2905 2419 2962 2476 δὲ
3031 2419 3266 2494 μετιέναι
3324 2419 3641 2498 ἀκραιφνῶς
3699 2419 3802 2486 τὴν

2155 2512 2452 2591 ἀγγελικὴν
2497 2514 2643 2582 ζωὴν
2682 2509 2916 2587 γένοιτο,
2969 2509 3016 2565 εί
3062 2511 3154 2565 καὶ
3199 2506 3432 2584 τραχεῖά
3469 2529 3554 2568 τις
3585 2508 3678 2562 καὶ
3709 2507 3802 2562 ἂν·

2159 2605 2342 2676 άντης,
2402 2599 2588 2678 ῥᾴδιόν
2647 2623 2709 2676 γε
2764 2599 2911 2656 ἔσται
2959 2599 3049 2654 καὶ
3109 2599 3160 2653 ἐν
3219 2599 3478 2668 ἑξήκοντα
3527 2617 3803 2676 καρποφο-

2163 2701 2324 2768 ρῆσαι
2353 2693 2441 2746 καὶ
2495 2691 2706 2762 ἑκατὸν,
2757 2688 2814 2744 εὖ
2873 2686 3024 2763 μάλα
3067 2690 3168 2752 τῆς
3215 2685 3564 2756 τελειότητος
3617 2686 3800 2741 εὐστο-

2163 2785 2419 2858 χήσαντι.
2494 2780 2905 2856 Συγγράμματα
2962 2775 3020 2832 δὲ
3078 2779 3264 2840 αὐτοῖς
3338 2778 3473 2832 εἶναι
3548 2774 3796 2830 παλαιῶν

2163 2870 2374 2946 ἀνδρῶν
2419 2869 2586 2947 λέγει,
2627 2868 2681 2924 ο’ί
2709 2869 2952 2943 ἀρχηγοὶ
2997 2874 3098 2936 τῆς
3149 2867 3325 2922 αὐτῶν
3374 2863 3530 2936 δόξης
3573 2866 3795 2940 γενόμε-

2161 2983 2268 3030 νοι,
2298 2959 2486 3016 πολλᾶ
2525 2964 2770 3033 μνημεῖα
2811 2963 2909 3027 τῆς
2958 2957 3085 3031 παρ’
3132 2955 3317 3018 αὐτοῖς
3368 2953 3785 3030 ἂλληγορουμέ-

2165 3074 2260 3123 νης
2294 3050 2438 3112 tam
2480 3049 2783 3104 ὰπέλιπον·
2825 3050 2911 3109 οἷς
2963 3047 3053 3101 οἷαί
3099 3066 3236 3102 τισιν
3283 3045 3609 3146 ἂρχετόποις
3632 3043 3786 3146 χρώῖ

2171 3162 2347 3214 μενοι,
2402 3141 2494 3194 τὸν
2548 3135 2750 3214 τρόπον
2811 3140 3126 3211 μιμοῦνται.
3188 3133 3398 3208 Οῗομαι
3465 3131 3513 3188 δ’
3562 3134 3689 3188 εἶναι
3730 3131 3799 3184 τα

419 3216 702 3286 monium,
736 3217 908 3292 longe
939 3223 1034 3280 ille
1063 3202 1299 3297 quidem
1329 3247 1363 3285 a
1393 3202 1842 3304 reprehensione
1858 3202 2054 3302 abest.

2167 3202 2283 3286 θεῖα
2333 3202 2443 3284 τῶν
2499 3202 2818 3284 ἀποστόλων
2875 3225 3210 3301 Εὗαγγὲλια,
3263 3224 3355 3278 καὶ
3423 3222 3517 3286 τὰς
3584 3220 3800 3278 Παύλου

418 3306 519 3362 sed
571 3307 842 3378 pauciora
889 3311 940 3367 ei
980 3315 1324 3386 contingunt
1379 3319 1732 3381 charismata
1779 3329 1836 3383 et
1882 3328 2055 3385 dona.

417 3395 616 3487 Sobria
646 3399 802 3455 enim
835 3403 1160 3477 pudiceque
1207 3415 1262 3463 et
1291 3409 1342 3464 is
1369 3409 1558 3468 vivere
1601 3415 1832 3487 dicitur,
1876 3422 1934 3474 et
1963 3419 2062 3475 tri-

415 3486 725 3559 gecuplum
766 3490 998 3550 virtutis
1028 3495 1141 3552 t'ert
1195 3497 1470 3569 fructum,
1530 3486 1847 3563 difficulter
1911 3514 2064 3566 certe

417 3575 654 3646 quidem
687 3585 1158 3657 sexagecuplum.
1193 3589 1350 3645 159
1380 3592 1484 3648 Cui
1525 3609 1658 3652 vero
1705 3595 1927 3654 sincere
1965 3616 2066 3654 an-

415 3664 664 3759 gelicam
696 3669 880 3728 vitam
909 3675 1119 3748 degere
1149 3677 1228 3733 sit
1250 3680 1474 3750 datum,
1502 3682 1676 3740 etiam
1699 3685 1749 3740 si
1771 3701 1839 3743 ea
1859 3703 2066 3759 aspera

418 3753 496 3811 sit
523 3760 581 3813 et
601 3761 802 3829 ardua,
840 3763 1008 3821 facile
1040 3771 1237 3825 tamen
1273 3771 1325 3826 ei
1369 3771 1544 3829 fuerit
1597 3753 2067 3849 sexagecuplum:

419 3849 596 3918 atque
625 3849 799 3906 etiam
823 3854 1162 3927 centuplum
1180 3858 1326 3916 ferre
1351 3861 1634 3934 fructum,
1661 3869 1818 3923 certo
1846 3867 2072 3936 scilicet

420 3937 492 3992 ad
523 3937 938 4007 perfectionem
987 3951 1040 4000 et
1087 3961 1395 4005 summum
1445 3951 1662 4008 bonum
1719 3955 2070 4014 collimanti.

425 4024 650 4095 Scripta
679 4031 874 4086 autem
908 4031 980 4087 iis
1009 4047 1136 4090 esse
1163 4035 1304 4092 dicit
1341 4043 1623 4109 veterum,
1659 4044 1759 4114 qui
1809 4051 2074 4104 auctores

426 4115 486 4168 et
532 4112 713 4170 duces
762 4116 1142 4186 professionis
1211 4138 1410 4180 eorum
1459 4112 1745 4198 exstitere,
1794 4135 1852 4186 et
1889 4133 2076 4190 multa

425 4209 800 4262 monumenta
836 4205 979 4263 ideas
1009 4213 1067 4264 et
1097 4210 1297 4270 formas
1343 4214 1469 4284 ejus
1499 4231 1626 4286 quae
1657 4219 1946 4292 allegoriis
1973 4225 2070 4280 de-

425 4291 671 4349 lectatur
700 4303 830 4366 post
858 4313 920 4352 se
950 4298 1335 4373 reliquerunt,
1367 4305 1620 4363 virorum
1646 4324 1660 4362 :
1689 4309 1762 4364 iis
1786 4291 1880 4366 illi
1905 4302 2072 4384 quaei

426 4381 784 4457 archetypis,
830 4387 1157 4462 primisque
1197 4393 1623 4468 exemplaribus
1671 4381 2082 4471 utentes,vmo'

429 4487 554 4530 rem
587 4475 946 4549 modumque
977 4494 1113 4536 eum
1163 4481 1490 4542 imitantur.
1526 4485 1607 4544 Ea
1648 4505 1818 4560 porro
1866 4509 2077 4549 monu-

2167 3319 2456 3382 ἐπιστολὰς
2513 3317 2801 3392 ἑρμηνείαν
2878 3319 3100 3393 γραφῶν
3174 3314 3554 3389 παλαιοτέρων
3614 3311 3802 3415 (iunci:

2168 3410 2263 3473 κὸς
2296 3407 2648 3484 διηγούμεναι.
2690 3407 2768 3464 Οὐ
2803 3405 2965 3480 μόνον
3010 3403 3068 3460 δὲ
3105 3405 3391 3479 θεωροῦσι,
3425 3405 3616 3482 φησὶν,
3664 3400 3802 3457 ἀλλὰ

2169 3499 2261 3556 καὶ
2311 3499 2519 3573 ὕμνους
2575 3497 2724 3560 νέους
2779 3500 3052 3563 ποιοῦσιν,
3111 3496 3325 3568 ἄσματα
3379 3495 3470 3548 καὶ
3530 3489 3677 3565 ᾠδὰς
3732 3489 3803 3552 εἷς

2173 3591 2302 3647 Θεὸν
2344 3589 2434 3645 διὰ
2475 3587 2746 3644 παντοίων
2801 3587 3010 3662 μέτρων
3062 3585 3156 3640 καὶ
3203 3586 3425 3659 ῥυθμῶν
3472 3583 3810 3657 σεμνοτέρων

2177 3683 2562 3757 χαράσσοντες.
2616 3678 2677 3734 Εἰ
2730 3675 2787 3733 δέ
2833 3698 2912 3750 τῳ
2960 3674 3100 3748 δόξει
3154 3676 3232 3749 μή
3276 3673 3366 3728 τὸν
3412 3671 3645 3729 Φίλωνα
3688 3672 3808 3745 περὶ

2175 3777 2274 3841 τῆς
2313 3771 2448 3826 κατὰ
2493 3769 2556 3824 τὸ
2607 3765 2944 3844 Εὐαγγὲλιον
3003 3763 3290 3828 πολιτείας
3341 3768 3510 3820 ταῦτα
3565 3761 3810 3833 διεξιέναι

2177 3859 2466 3936 ἁρμόττειν
2523 3857 2579 3914 δὲ
2636 3859 2726 3913 καὶ
2788 3854 2985 3918 ἄλλοις
3040 3851 3332 3910 δύνασθαιο
3385 3851 3538 3909 ἀλλά
3591 3873 3655 3928 γε
3703 3855 3809 3925 μὴν

2180 3949 2411 4006 πειθέτω
2466 3949 2876 4023 ἀναμφήριστον
2927 3947 3080 4014 εἶναι,
3123 3945 3196 4007 ὡς
3227 3945 3325 4013 τήν
3376 3945 3536 4017 ἡμῶν
3589 3939 3813 4019 διαγράο

2181 4061 2335 4120 φεται
2386 4037 2703 4094 πολιτείαν*
2755 4037 2828 4099 ὡς
2873 4035 2963 4090 καὶ
3008 4033 3060 4097 ἐς
3110 4032 3268 4108 δεῦρο
3319 4035 3396 4107 μή
3445 4035 3572 4107 παρ’
3619 4029 3815 4093 ἄλλοις

2182 4129 2328 4185 ἀλλὰ
2377 4129 2502 4203 παρ’
2555 4129 2718 4198 ἡμῶν
2776 4124 2964 4198 μόνοις
3020 4121 3214 4180 τούσδε
3269 4121 3396 4186 τοὺς
3449 4122 3672 4184 κανόνας
3725 4121 3816 4176 καὶ

2183 4219 2310 4282 τοὺς
2368 4219 2600 4292 τρόπους
2655 4223 2755 4284 τῆς
2811 4211 3092 4276 πολιτείας
3159 4210 3554 4287 διατηρεῖσθαι,
3610 4213 3704 4273 τᾶς
3762 4231 3816 4266 τε

2187 4309 2275 4366 ἐπὶ
2331 4308 2522 4364 ταυτὸν
2581 4303 2860 4371 συνόδους,
2918 4302 3144 4366 καὶτὰς
3211 4299 3320 4373 ἰδίᾳ
3371 4301 3464 4374 μὲν
3521 4305 3816 4374 γυναικῶν,

2188 4397 2299 4469 ἰδίᾳ
2330 4395 2387 4452 δὲ
2433 4393 2643 4470 ἀνδρῶν
2691 4387 3008 4468 διατριϐάς·
3059 4391 3149 4446 καὶ
3197 4391 3290 4452 τὰς
3335 4387 3385 4459 ἐξ
3434 4387 3588 4452 ἔθους
3639 4389 3815 4460 ἀσκή-

2187 4509 2296 4550 σεις
2345 4483 2423 4542 ἔτι
2467 4489 2558 4540 νῦν
2607 4485 2732 4560 παρ’
2769 4487 2905 4556 ἡμῖν
2951 4482 3136 4556 μόνοις
3200 4480 3566 4554 τελουμένας’
3621 4476 3682 4542 ἃς
3727 4479 3816 4534 καὶ

429 4566 629 4622 menta
688 4564 884 4624 divina
941 4569 1336 4641 apostolorum
1408 4574 1738 4648 Evangelia,
1796 4584 1854 4636 et
1909 4581 2048 4638 Paul

2184 4574 2398 4651 μᾶλλον
2449 4574 2685 4644 ἀσιτίας,
2714 4573 2803 4629 καὶ
2853 4570 3087 4643 δεήσεις,
3136 4571 3226 4624 καί
3273 4571 3397 4646 περὶ
3443 4567 3507 4624 τὰ
3555 4569 3674 4624 θεῖα
3714 4566 3818 4623 λό-

430 4652 716 4724 Epistolas
747 4673 878 4715 esse
917 4661 1076 4729 puto.
1130 4661 1659 4734 interpretationem
1702 4668 2070 4742 antiquarum

431 4741 865 4816 Scripturarum
897 4751 1114 4805 rectam
1162 4752 1540 4812 continentes.
1579 4757 1703 4814 Non
1754 4741 1944 4832 solum
1976 4777 2076 4817 au-

430 4835 572 4904 tem,
603 4834 1540 4915 inquit,contemplationivacant,
1563 4848 1664 4904 sed
1697 4865 1876 4906 novos
1895 4849 2070 4906 etiam

431 4920 702 4996 hymnos,
733 4926 1011 4998 carmina,
1042 4931 1100 4985 et
1126 4929 1328 4988 laudes
1365 4933 1428 4990 in
1459 4935 1644 4993 Deum
1675 4939 1835 4996 omni
1864 4954 2076 5011 genere

433 5011 763 5084 graviorum
810 5033 1189 5076 numerorum
1249 5025 1419 5094 atque
1464 5025 1869 5099 rhythmorum
1913 5044 2072 5087 com-

435 5107 686 5174 ponunt.
715 5103 1021 5165 Videbitur
1046 5108 1292 5168 fortasse
1317 5113 1594 5186 cuipiam,
1624 5116 1924 5174 Philonem
1959 5135 2074 5176 non

434 5190 557 5248 haec
603 5194 676 5250 de
703 5195 1041 5268 evangelicae
1097 5197 1222 5255 vitae
1261 5200 1544 5260 institutis
1575 5204 1812 5276 dixisse,
1847 5210 1910 5262 ut
1952 5224 2074 5279 quae

438 5279 569 5338 aliis
607 5299 840 5356 quoque
887 5289 1311 5346 accommodari
1341 5296 1560 5364 queant
1591 5309 1604 5350 :
1637 5295 1738 5350 sed
1771 5293 1819 5351 is
1857 5299 2075 5353 certum

436 5369 948 5448 indubitatumque
960 5393 1088 5434 esse
1108 5377 1218 5434 sibi
1231 5383 1600 5452 persuadeat,
1619 5387 1878 5442 nostram
1899 5385 2078 5456 illum

441 5459 775 5530 depinxisse
805 5464 1032 5524 vivendi
1053 5470 1555 5528 consuetudinem.
1579 5471 1723 5529 Cum
1757 5475 1830 5530 ad
1862 5473 2083 5532 hodier-

442 5565 580 5604 num
605 5566 791 5621 usque
819 5553 975 5611 diem
1027 5574 1140 5614 non
1183 5559 1336 5630 apud
1367 5559 1512 5618 alios
1555 5579 1730 5634 quam
1791 5565 1945 5636 apud
1980 5581 2084 5620 no-

442 5643 596 5698 stros
646 5640 910 5701 homines
981 5649 1209 5720 regulas
1280 5651 1426 5709 tales
1491 5654 1837 5728 vivendique
1897 5672 2086 5714 mores

2184 4687 2277 4742 για
2307 4664 2520 4740 σχολὴν
2555 4662 2608 4719 ἐν
2638 4661 2978 4724 ὁλονυκτίοις
3013 4664 3369 4736 προσευχαῖς,
3416 4659 3556 4714 κατὰ
3582 4661 3683 4728 τήν
3722 4659 3818 4712 τοῦ

2186 4755 2464 4829 σωτηρίου
2513 4751 2714 4814 πάθους
2763 4750 2954 4824 ἑορτὴν
3005 4748 3095 4804 καὶ
3124 4747 3230 4823 πρό
3268 4767 3329 4823 γε
3357 4745 3531 4802 αὐτῶν
3582 4744 3817 4802 ἐκτελεῖν

2183 4843 2474 4916 εἰώθαμεν.
2536 4843 2622 4896 Ἐν
2681 4843 2764 4902 οἷς
2820 4843 3170 4914 προσιστορεῖ
3227 4837 3256 4892 ὁ
3313 4833 3584 4908 δηλωθείς
3654 4833 3822 4912 σοφὸς

2176 4933 2304 4995 τούς
2331 4953 2390 4988 τε
2441 4931 2698 5006 λέγεσθαι
2746 4927 3006 4992 εἰωθότας
3057 4927 3184 5002 παρ’
3231 4927 3390 5001 ἡμῶν
3437 4925 3683 4998 ὕμνους·
3731 4921 3822 4978 καὶ

2185 5025 2260 5088 ὡς
2291 5023 2402 5084 ἑνὸς
2457 5019 2594 5096 μετὰ
2641 5019 2851 5098 ῥυθμοῦ
2897 5017 3140 5092 κοσμίως
3183 5012 3588 5091 ἐπιψάλλοντος
3619 5015 3674 5069 οἱ
3709 5011 3826 5068 λοι-

2179 5113 2272 5168 ποὶ
2301 5112 2419 5166 καθ’
2471 5108 2705 5186 ἡσυχίαν
2756 5106 3096 5183 ἀκροώμενοι
3141 5109 3248 5162 τῶν
3295 5104 3479 5177 ὕμνων
3507 5105 3576 5158 τὰ
3614 5102 3829 5178 ἆκροτι·

2184 5200 2375 5258 λεότια
2405 5199 2760 5274 συνεξηχοῦσι
2788 5216 2801 5230 ·
2835 5199 2922 5252 καὶ
2959 5198 3031 5259 ὡς
3072 5197 3188 5252 κατ’
3235 5193 3396 5250 αὐτόν
3425 5193 3474 5268 γ’
3505 5192 3708 5247 ἐκεῖνον
3735 5193 3829 5248 τὸν

2184 5291 2393 5365 καιρὸν,
2449 5288 2539 5345 ἐπὶ
2598 5283 2865 5344 στιϐάδων
2923 5289 3340 5366 χαμευνοῦντες,
3399 5279 3548 5337 οἷ’νου
3613 5283 3709 5355 μὲν
3767 5284 3830 5338 τὸ

2183 5381 2460 5454 παράπαν,
2503 5379 2580 5441 ὡς
2627 5377 2788 5440 αὐτὸς
2839 5376 3026 5438 αὐτοῖς
3077 5376 3316 5450 ῥήμασιν
3361 5371 3685 5446 ἐπέγραψεν,
3729 5369 3832 5427 οὖ-

2188 5469 2246 5526 δὲ
2274 5468 2633 5546 ἀπογεύονται
2658 5487 2670 5500 ·
2705 5465 2834 5523 ἀλλ’
2873 5463 2998 5522 οὐδὲ
3027 5469 3136 5521 τῶν
3168 5462 3398 5537 ἐναίμων
3437 5459 3591 5524 τινός
3614 5479 3628 5494 ⁶
3680 5457 3830 5534 ὕδωρ

2193 5558 2252 5615 δὲ
2311 5559 2478 5633 μόνον
2522 5552 2666 5613 ἔστιν
2717 5555 2899 5617 αὐτοῖς
2950 5555 3141 5611 ποτόνο
3191 5553 3279 5608 καὶ
3331 5551 3667 5626 προσεψημα
3714 5553 3828 5623 μετ’

2191 5649 2360 5728 ἄρτου
2407 5646 2533 5712 ἅλες
2583 5648 2672 5704 καί
2721 5647 2997 5706 ὕσσωπον.
3047 5644 3168 5702 Ἐπὶ
3221 5643 3437 5704 τούτοις
3487 5641 3578 5698 τὸν
3633 5640 3834 5726 τρόπον
