  <div class='ocr_page' id='page_1' title='image "/cluster/home/n/w/nwhite01/storage/ocr_20150623/145/mdp.39015061167048/406.png"; bbox 0 0 4070 6274; ppageno 0'>
   <div class='ocr_carea' id='block_1_1' title="bbox 223 358 359 424">
    <p class='ocr_par' dir='ltr' id='par_1_1' title="bbox 223 358 359 424">
     <span class='ocr_line' id='line_1_1' title="bbox 223 358 359 424; baseline 0.037 -5"><span class='ocrx_word' id='word_1_1' title='bbox 223 358 359 424; x_wconf 79' lang='lat'>797</span> 
     </span>
    </p>
   </div>
   <div class='ocr_carea' id='block_1_2' title="bbox 1255 367 2612 432">
    <p class='ocr_par' dir='ltr' id='par_1_2' title="bbox 1255 367 2612 432">
     <span class='ocr_line' id='line_1_2' title="bbox 1255 367 2612 432; baseline 0.001 -6"><span class='ocrx_word' id='word_1_2' title='bbox 1255 367 1866 430; x_wconf 63' lang='lat' dir='ltr'>ECCLESIAS&#39;I‘ICIE</span> <span class='ocrx_word' id='word_1_3' title='bbox 1907 367 2297 432; x_wconf 76' lang='lat' dir='ltr'>HlS&#39;l‘ORl/E</span> <span class='ocrx_word' id='word_1_4' title='bbox 2337 368 2484 428; x_wconf 90' lang='lat' dir='ltr'>LIB.</span> <span class='ocrx_word' id='word_1_5' title='bbox 2533 367 2612 428; x_wconf 87' lang='lat' dir='ltr'>II.</span> 
     </span>
    </p>
   </div>
   <div class='ocr_carea' id='block_1_3' title="bbox 3529 357 3650 418">
    <p class='ocr_par' dir='ltr' id='par_1_3' title="bbox 3529 357 3650 418">
     <span class='ocr_line' id='line_1_3' title="bbox 3529 357 3650 418; baseline 0 -1"><span class='ocrx_word' id='word_1_6' title='bbox 3529 357 3650 418; x_wconf 82' lang='grc'>⁸798</span> 
     </span>
    </p>
   </div>
   <div class='ocr_carea' id='block_1_4' title="bbox 224 495 1879 580">
    <p class='ocr_par' dir='ltr' id='par_1_4' title="bbox 224 496 1879 580">
     <span class='ocr_line' id='line_1_4' title="bbox 224 496 1879 580; baseline 0.004 -29"><span class='ocrx_word' id='word_1_7' title='bbox 224 497 438 576; x_wconf 72' lang='grc' dir='ltr'>γράφει</span> <span class='ocrx_word' id='word_1_8' title='bbox 483 503 583 567; x_wconf 78' lang='grc' dir='ltr'>τῆς</span> <span class='ocrx_word' id='word_1_9' title='bbox 633 496 981 574; x_wconf 78' lang='grc' dir='ltr'>προστασίας,</span> <span class='ocrx_word' id='word_1_10' title='bbox 1030 503 1136 553; x_wconf 85' lang='grc' dir='ltr'>τῶν</span> <span class='ocrx_word' id='word_1_11' title='bbox 1194 499 1288 562; x_wconf 74' lang='grc' dir='ltr'>τὰς</span> <span class='ocrx_word' id='word_1_12' title='bbox 1346 499 1670 573; x_wconf 79' lang='grc' dir='ltr'>Ἐκκλησίας</span> <span class='ocrx_word' id='word_1_13' title='bbox 1725 503 1879 580; x_wconf 80' lang='grc' dir='ltr'>ἐγκε-</span> 
     </span>
    </p>
   </div>
   <div class='ocr_carea' id='block_1_5' title="bbox 1991 495 3644 580">
    <p class='ocr_par' dir='ltr' id='par_1_5' title="bbox 1995 495 3644 574">
     <span class='ocr_line' id='line_1_5' title="bbox 1995 495 3644 574; baseline -0.007 -13"><span class='ocrx_word' id='word_1_14' title='bbox 1995 503 2326 561; x_wconf 87' lang='lat' dir='ltr'>conservari</span> <span class='ocrx_word' id='word_1_15' title='bbox 2375 503 2733 574; x_wconf 87' lang='lat' dir='ltr'>compertum</span> <span class='ocrx_word' id='word_1_16' title='bbox 2782 499 2895 556; x_wconf 84' lang='lat' dir='ltr'>sit:</span> <span class='ocrx_word' id='word_1_17' title='bbox 2948 499 3271 553; x_wconf 85' lang='lat' dir='ltr'>conventus</span> <span class='ocrx_word' id='word_1_18' title='bbox 3329 495 3547 551; x_wconf 76' lang='lat' dir='ltr'>scilicet</span> <span class='ocrx_word' id='word_1_19' title='bbox 3585 495 3644 550; x_wconf 88' lang='lat' dir='ltr'>in</span> 
     </span>
    </p>
   </div>
   <div class='ocr_carea' id='block_1_6' title="bbox 227 586 1884 662">
    <p class='ocr_par' dir='ltr' id='par_1_6' title="bbox 227 586 1884 662">
     <span class='ocr_line' id='line_1_6' title="bbox 227 586 1884 662; baseline 0.004 -21"><span class='ocrx_word' id='word_1_20' title='bbox 227 587 648 662; x_wconf 80' lang='grc' dir='ltr'>χειρισμένων·</span> <span class='ocrx_word' id='word_1_21' title='bbox 681 587 775 648; x_wconf 85' lang='grc' dir='ltr'>τάς</span> <span class='ocrx_word' id='word_1_22' title='bbox 833 609 890 642; x_wconf 88' lang='grc' dir='ltr'>τε</span> <span class='ocrx_word' id='word_1_23' title='bbox 949 586 1124 651; x_wconf 75' lang='grc' dir='ltr'>ἄλλοις</span> <span class='ocrx_word' id='word_1_24' title='bbox 1179 587 1475 660; x_wconf 82' lang='grc' dir='ltr'>διακονίας,</span> <span class='ocrx_word' id='word_1_25' title='bbox 1505 590 1596 647; x_wconf 79' lang='grc' dir='ltr'>καὶ</span> <span class='ocrx_word' id='word_1_26' title='bbox 1651 595 1746 654; x_wconf 75' lang='grc' dir='ltr'>τὰς</span> <span class='ocrx_word' id='word_1_27' title='bbox 1798 592 1884 648; x_wconf 76' lang='grc' dir='ltr'>ἐπὶ</span> 
     </span>
    </p>
   </div>
   <div class='ocr_carea' id='block_1_7' title="bbox 220 677 1888 759">
    <p class='ocr_par' dir='ltr' id='par_1_7' title="bbox 220 677 1888 759">
     <span class='ocr_line' id='line_1_7' title="bbox 220 677 1888 759; baseline 0.004 -28"><span class='ocrx_word' id='word_1_28' title='bbox 220 683 403 732; x_wconf 80' lang='grc' dir='ltr'>πᾶσιν</span> <span class='ocrx_word' id='word_1_29' title='bbox 459 677 718 734; x_wconf 70' lang='grc' dir='ltr'>ἀνωτάτω</span> <span class='ocrx_word' id='word_1_30' title='bbox 766 685 866 748; x_wconf 78' lang='grc' dir='ltr'>τῆς</span> <span class='ocrx_word' id='word_1_31' title='bbox 926 677 1229 748; x_wconf 79' lang='grc' dir='ltr'>ἐπισκοπῆς</span> <span class='ocrx_word' id='word_1_32' title='bbox 1286 679 1600 754; x_wconf 83' lang='grc' dir='ltr'>προεδρίας.</span> <span class='ocrx_word' id='word_1_33' title='bbox 1661 684 1780 736; x_wconf 83' lang='grc' dir='ltr'>’Ότι</span> <span class='ocrx_word' id='word_1_34' title='bbox 1827 703 1888 759; x_wconf 88' lang='grc' dir='ltr'>γε</span> 
     </span>
    </p>
   </div>
   <div class='ocr_carea' id='block_1_8' title="bbox 226 767 1883 842">
    <p class='ocr_par' dir='ltr' id='par_1_8' title="bbox 226 767 1883 842">
     <span class='ocr_line' id='line_1_8' title="bbox 226 767 1883 842; baseline 0.004 -21"><span class='ocrx_word' id='word_1_35' title='bbox 226 767 345 840; x_wconf 71' lang='grc' dir='ltr'>μὴν</span> <span class='ocrx_word' id='word_1_36' title='bbox 401 767 524 842; x_wconf 83' lang='grc' dir='ltr'>περέ</span> <span class='ocrx_word' id='word_1_37' title='bbox 571 770 680 822; x_wconf 88' lang='grc' dir='ltr'>τῶν</span> <span class='ocrx_word' id='word_1_38' title='bbox 731 767 964 842; x_wconf 81' lang='grc' dir='ltr'>πρώτων</span> <span class='ocrx_word' id='word_1_39' title='bbox 1011 767 1264 842; x_wconf 82' lang='grc' dir='ltr'>κηρύκων</span> <span class='ocrx_word' id='word_1_40' title='bbox 1316 776 1419 839; x_wconf 81' lang='grc' dir='ltr'>τῆς</span> <span class='ocrx_word' id='word_1_41' title='bbox 1470 767 1764 840; x_wconf 76' lang='grc' dir='ltr'>εὗσεϐεἰας,</span> <span class='ocrx_word' id='word_1_42' title='bbox 1792 773 1883 827; x_wconf 81' lang='grc' dir='ltr'>καὶ</span> 
     </span>
    </p>
   </div>
   <div class='ocr_carea' id='block_1_9' title="bbox 221 854 1886 932">
    <p class='ocr_par' dir='ltr' id='par_1_9' title="bbox 221 854 1886 932">
     <span class='ocr_line' id='line_1_9' title="bbox 221 854 1886 932; baseline 0.003 -22"><span class='ocrx_word' id='word_1_43' title='bbox 221 859 342 910; x_wconf 84' lang='grc' dir='ltr'>τῶν</span> <span class='ocrx_word' id='word_1_44' title='bbox 406 857 533 928; x_wconf 80' lang='grc' dir='ltr'>παρ’</span> <span class='ocrx_word' id='word_1_45' title='bbox 589 854 814 918; x_wconf 84' lang='grc' dir='ltr'>ἐκείνοις</span> <span class='ocrx_word' id='word_1_46' title='bbox 873 855 1111 932; x_wconf 76' lang='grc' dir='ltr'>ἀρχῆθεν</span> <span class='ocrx_word' id='word_1_47' title='bbox 1169 855 1620 932; x_wconf 71' lang='grc' dir='ltr'>παραδεδομένων</span> <span class='ocrx_word' id='word_1_48' title='bbox 1667 857 1821 929; x_wconf 81' lang='grc' dir='ltr'>ἐθῶν,</span> <span class='ocrx_word' id='word_1_49' title='bbox 1858 861 1886 915; x_wconf 98' lang='lat'>6</span> 
     </span>
    </p>
   </div>
   <div class='ocr_carea' id='block_1_10' title="bbox 225 939 1884 1023">
    <p class='ocr_par' dir='ltr' id='par_1_10' title="bbox 225 939 1884 1023">
     <span class='ocr_line' id='line_1_10' title="bbox 225 939 1884 1023; baseline 0.001 -23"><span class='ocrx_word' id='word_1_50' title='bbox 225 942 430 1000; x_wconf 79' lang='grc' dir='ltr'>Φίλων</span> <span class='ocrx_word' id='word_1_51' title='bbox 473 947 622 1000; x_wconf 80' lang='grc' dir='ltr'>ταῦτ’</span> <span class='ocrx_word' id='word_1_52' title='bbox 651 939 900 1021; x_wconf 76' lang='grc' dir='ltr'>ἔγραφεν,</span> <span class='ocrx_word' id='word_1_53' title='bbox 930 941 1164 1014; x_wconf 70' lang='grc' dir='ltr'>εὔδηλον</span> <span class='ocrx_word' id='word_1_54' title='bbox 1189 964 1203 978; x_wconf 96' lang='grc'>·</span> <span class='ocrx_word' id='word_1_55' title='bbox 1257 944 1311 1000; x_wconf 84' lang='grc' dir='ltr'>εἷ’</span> <span class='ocrx_word' id='word_1_56' title='bbox 1348 968 1427 1019; x_wconf 85' lang='grc' dir='ltr'>τῳ</span> <span class='ocrx_word' id='word_1_57' title='bbox 1480 949 1596 1020; x_wconf 89' lang='grc' dir='ltr'>μετ’</span> <span class='ocrx_word' id='word_1_58' title='bbox 1625 943 1884 1023; x_wconf 71' lang='grc' dir='ltr'>ἀκριϐοῦς</span> 
     </span>
    </p>
   </div>
   <div class='ocr_carea' id='block_1_11' title="bbox 225 1031 1885 1113">
    <p class='ocr_par' dir='ltr' id='par_1_11' title="bbox 225 1031 1885 1113">
     <span class='ocr_line' id='line_1_11' title="bbox 225 1031 1885 1113; baseline 0.004 -25"><span class='ocrx_word' id='word_1_59' title='bbox 225 1031 554 1096; x_wconf 80' lang='grc' dir='ltr'>ἐπιστασίας</span> <span class='ocrx_word' id='word_1_60' title='bbox 597 1036 696 1104; x_wconf 77' lang='grc' dir='ltr'>τήν</span> <span class='ocrx_word' id='word_1_61' title='bbox 755 1031 1095 1105; x_wconf 81' lang='grc' dir='ltr'>δηλωθεῖσαν</span> <span class='ocrx_word' id='word_1_62' title='bbox 1151 1033 1394 1112; x_wconf 78' lang='grc' dir='ltr'>ἱστορίαν</span> <span class='ocrx_word' id='word_1_63' title='bbox 1441 1035 1668 1113; x_wconf 83' lang='grc' dir='ltr'>τάνδρὸς</span> <span class='ocrx_word' id='word_1_64' title='bbox 1717 1036 1885 1094; x_wconf 82' lang='grc' dir='ltr'>ἐπελ-</span> 
     </span>
    </p>
   </div>
   <div class='ocr_carea' id='block_1_12' title="bbox 225 1123 618 1198">
    <p class='ocr_par' dir='ltr' id='par_1_12' title="bbox 225 1123 618 1198">
     <span class='ocr_line' id='line_1_12' title="bbox 225 1123 618 1198; baseline 0.005 -21"><span class='ocrx_word' id='word_1_65' title='bbox 225 1123 350 1178; x_wconf 84' lang='grc' dir='ltr'>θεῖν</span> <span class='ocrx_word' id='word_1_66' title='bbox 383 1123 618 1198; x_wconf 88' lang='grc' dir='ltr'>γένοιτο.</span> 
     </span>
    </p>
   </div>
   <div class='ocr_carea' id='block_1_13' title="bbox 1999 583 3645 664">
    <p class='ocr_par' dir='ltr' id='par_1_13' title="bbox 1999 583 3645 664">
     <span class='ocr_line' id='line_1_13' title="bbox 1999 583 3645 664; baseline -0.009 -14"><span class='ocrx_word' id='word_1_67' title='bbox 1999 609 2202 661; x_wconf 89' lang='lat' dir='ltr'>unum,</span> <span class='ocrx_word' id='word_1_68' title='bbox 2226 596 2284 648; x_wconf 85' lang='lat' dir='ltr'>et</span> <span class='ocrx_word' id='word_1_69' title='bbox 2305 591 2547 649; x_wconf 87' lang='lat' dir='ltr'>seorsim</span> <span class='ocrx_word' id='word_1_70' title='bbox 2572 589 2806 664; x_wconf 84' lang='lat' dir='ltr'>quidem</span> <span class='ocrx_word' id='word_1_71' title='bbox 2839 587 3176 645; x_wconf 87' lang='lat' dir='ltr'>mulierum,</span> <span class='ocrx_word' id='word_1_72' title='bbox 3201 584 3439 641; x_wconf 86' lang='lat' dir='ltr'>scorsim</span> <span class='ocrx_word' id='word_1_73' title='bbox 3473 583 3645 639; x_wconf 82' lang='lat' dir='ltr'>etiam</span> 
     </span>
    </p>
   </div>
   <div class='ocr_carea' id='block_1_14' title="bbox 1995 672 3652 752">
    <p class='ocr_par' dir='ltr' id='par_1_14' title="bbox 1995 672 3652 752">
     <span class='ocr_line' id='line_1_14' title="bbox 1995 672 3652 752; baseline -0.007 -15"><span class='ocrx_word' id='word_1_74' title='bbox 1995 683 2254 738; x_wconf 88' lang='lat' dir='ltr'>virorum</span> <span class='ocrx_word' id='word_1_75' title='bbox 2278 681 2674 752; x_wconf 79' lang='lat' dir='ltr'>frequentatae</span> <span class='ocrx_word' id='word_1_76' title='bbox 2705 675 3202 742; x_wconf 88' lang='lat' dir='ltr'>conversationes,</span> <span class='ocrx_word' id='word_1_77' title='bbox 3251 672 3540 744; x_wconf 87' lang='lat' dir='ltr'>solitaque</span> <span class='ocrx_word' id='word_1_78' title='bbox 3594 675 3652 726; x_wconf 90' lang='lat' dir='ltr'>et</span> 
     </span>
    </p>
   </div>
   <div class='ocr_carea' id='block_1_15' title="bbox 1995 765 3646 843">
    <p class='ocr_par' dir='ltr' id='par_1_15' title="bbox 1995 765 3646 843">
     <span class='ocr_line' id='line_1_15' title="bbox 1995 765 3646 843; baseline -0.007 -15"><span class='ocrx_word' id='word_1_79' title='bbox 1995 775 2148 829; x_wconf 85' lang='lat' dir='ltr'>stata</span> <span class='ocrx_word' id='word_1_80' title='bbox 2177 772 2471 840; x_wconf 85' lang='lat' dir='ltr'>exercitia,</span> <span class='ocrx_word' id='word_1_81' title='bbox 2502 789 2626 843; x_wconf 84' lang='lat' dir='ltr'>quae</span> <span class='ocrx_word' id='word_1_82' title='bbox 2678 770 2852 826; x_wconf 85' lang='lat' dir='ltr'>etiam</span> <span class='ocrx_word' id='word_1_83' title='bbox 2903 783 3062 823; x_wconf 89' lang='lat' dir='ltr'>nunc</span> <span class='ocrx_word' id='word_1_84' title='bbox 3115 782 3223 821; x_wconf 88' lang='lat' dir='ltr'>nos</span> <span class='ocrx_word' id='word_1_85' title='bbox 3255 765 3385 834; x_wconf 86' lang='lat' dir='ltr'>soli,</span> <span class='ocrx_word' id='word_1_86' title='bbox 3417 767 3474 819; x_wconf 90' lang='lat' dir='ltr'>et</span> <span class='ocrx_word' id='word_1_87' title='bbox 3514 779 3646 817; x_wconf 88' lang='lat' dir='ltr'>ma-</span> 
     </span>
    </p>
   </div>
   <div class='ocr_carea' id='block_1_16' title="bbox 1993 853 3646 929">
    <p class='ocr_par' dir='ltr' id='par_1_16' title="bbox 1993 853 3646 929">
     <span class='ocr_line' id='line_1_16' title="bbox 1993 853 3646 929; baseline -0.007 -12"><span class='ocrx_word' id='word_1_88' title='bbox 1993 861 2150 919; x_wconf 80' lang='lat' dir='ltr'>xime</span> <span class='ocrx_word' id='word_1_89' title='bbox 2195 878 2310 917; x_wconf 87' lang='lat' dir='ltr'>una</span> <span class='ocrx_word' id='word_1_90' title='bbox 2366 878 2498 918; x_wconf 88' lang='lat' dir='ltr'>cum</span> <span class='ocrx_word' id='word_1_91' title='bbox 2547 859 2741 916; x_wconf 88' lang='lat' dir='ltr'>inedia</span> <span class='ocrx_word' id='word_1_92' title='bbox 2803 857 3034 929; x_wconf 92' lang='lat' dir='ltr'>cibique</span> <span class='ocrx_word' id='word_1_93' title='bbox 3091 853 3462 918; x_wconf 78' lang='lat' dir='ltr'>abstinentia,</span> <span class='ocrx_word' id='word_1_94' title='bbox 3514 867 3646 907; x_wconf 85' lang='lat' dir='ltr'>cum</span> 
     </span>
    </p>
   </div>
   <div class='ocr_carea' id='block_1_17' title="bbox 1996 941 3652 1023">
    <p class='ocr_par' dir='ltr' id='par_1_17' title="bbox 1996 941 3652 1023">
     <span class='ocr_line' id='line_1_17' title="bbox 1996 941 3652 1023; baseline -0.007 -16"><span class='ocrx_word' id='word_1_95' title='bbox 1996 951 2289 1023; x_wconf 80' lang='lat' dir='ltr'>precibus,</span> <span class='ocrx_word' id='word_1_96' title='bbox 2347 954 2404 1007; x_wconf 88' lang='lat' dir='ltr'>et</span> <span class='ocrx_word' id='word_1_97' title='bbox 2461 967 2592 1006; x_wconf 91' lang='lat' dir='ltr'>cum</span> <span class='ocrx_word' id='word_1_98' title='bbox 2623 949 2955 1004; x_wconf 89' lang='lat' dir='ltr'>divinorum</span> <span class='ocrx_word' id='word_1_99' title='bbox 3005 942 3372 1001; x_wconf 81' lang='lat' dir='ltr'>oraculorum</span> <span class='ocrx_word' id='word_1_100' title='bbox 3406 941 3652 996; x_wconf 86' lang='lat' dir='ltr'>medita-</span> 
     </span>
    </p>
   </div>
   <div class='ocr_carea' id='block_1_18' title="bbox 1995 1029 3646 1112">
    <p class='ocr_par' dir='ltr' id='par_1_18' title="bbox 1995 1029 3646 1112">
     <span class='ocr_line' id='line_1_18' title="bbox 1995 1029 3646 1112; baseline -0.009 -14"><span class='ocrx_word' id='word_1_101' title='bbox 1995 1043 2172 1109; x_wconf 82' lang='lat' dir='ltr'>tione,</span> <span class='ocrx_word' id='word_1_102' title='bbox 2204 1044 2258 1097; x_wconf 86' lang='lat' dir='ltr'>et</span> <span class='ocrx_word' id='word_1_103' title='bbox 2286 1039 2606 1112; x_wconf 77' lang='lat' dir='ltr'>pervigiliis</span> <span class='ocrx_word' id='word_1_104' title='bbox 2635 1041 2691 1095; x_wconf 88' lang='lat' dir='ltr'>et</span> <span class='ocrx_word' id='word_1_105' title='bbox 2729 1035 3114 1101; x_wconf 82' lang='lat' dir='ltr'>orationibus,</span> <span class='ocrx_word' id='word_1_106' title='bbox 3165 1030 3471 1088; x_wconf 65' lang='lat' dir='ltr'>salutiferae</span> <span class='ocrx_word' id='word_1_107' title='bbox 3504 1029 3646 1084; x_wconf 89' lang='lat' dir='ltr'>Pas-</span> 
     </span>
    </p>
   </div>
   <div class='ocr_carea' id='block_1_19' title="bbox 1993 1119 3648 1200">
    <p class='ocr_par' dir='ltr' id='par_1_19' title="bbox 1993 1119 3648 1200">
     <span class='ocr_line' id='line_1_19' title="bbox 1993 1119 3648 1200; baseline -0.007 -14"><span class='ocrx_word' id='word_1_108' title='bbox 1993 1131 2173 1187; x_wconf 88' lang='lat' dir='ltr'>sionis</span> <span class='ocrx_word' id='word_1_109' title='bbox 2199 1130 2380 1197; x_wconf 84' lang='lat' dir='ltr'>feriis,</span> <span class='ocrx_word' id='word_1_110' title='bbox 2416 1133 2592 1200; x_wconf 88' lang='lat' dir='ltr'>atque</span> <span class='ocrx_word' id='word_1_111' title='bbox 2625 1127 2800 1185; x_wconf 85' lang='lat' dir='ltr'>etiam</span> <span class='ocrx_word' id='word_1_112' title='bbox 2851 1128 2983 1180; x_wconf 92' lang='lat' dir='ltr'>ante</span> <span class='ocrx_word' id='word_1_113' title='bbox 3025 1139 3123 1179; x_wconf 88' lang='lat' dir='ltr'>eas</span> <span class='ocrx_word' id='word_1_114' title='bbox 3153 1121 3326 1178; x_wconf 86' lang='lat' dir='ltr'>ferias</span> <span class='ocrx_word' id='word_1_115' title='bbox 3355 1119 3648 1176; x_wconf 87' lang='lat' dir='ltr'>celebrare</span> 
     </span>
    </p>
   </div>
   <div class='ocr_carea' id='block_1_20' title="bbox 223 1207 3645 1292">
    <p class='ocr_par' dir='ltr' id='par_1_20' title="bbox 223 1207 3645 1292">
     <span class='ocr_line' id='line_1_20' title="bbox 223 1207 3645 1292; baseline -0.002 -22"><span class='ocrx_word' id='word_1_116' title='bbox 223 1213 664 1272; x_wconf 86' lang='lat' dir='ltr'>consuevimus.</span> <span class='ocrx_word' id='word_1_117' title='bbox 687 1215 865 1271; x_wconf 86' lang='lat' dir='ltr'>Addit</span> <span class='ocrx_word' id='word_1_118' title='bbox 893 1215 1131 1287; x_wconf 83' lang='lat' dir='ltr'>insuper</span> <span class='ocrx_word' id='word_1_119' title='bbox 1164 1215 1326 1273; x_wconf 89' lang='lat' dir='ltr'>Philo</span> <span class='ocrx_word' id='word_1_120' title='bbox 1355 1221 1412 1274; x_wconf 91' lang='lat' dir='ltr'>et</span> <span class='ocrx_word' id='word_1_121' title='bbox 1442 1217 1624 1273; x_wconf 90' lang='lat' dir='ltr'>illud:</span> <span class='ocrx_word' id='word_1_122' title='bbox 1674 1217 1869 1275; x_wconf 86' lang='lat' dir='ltr'>Solere</span> <span class='ocrx_word' id='word_1_123' title='bbox 1919 1220 2078 1292; x_wconf 90' lang='lat' dir='ltr'>apud</span> <span class='ocrx_word' id='word_1_124' title='bbox 2128 1237 2235 1276; x_wconf 90' lang='lat' dir='ltr'>nos</span> <span class='ocrx_word' id='word_1_125' title='bbox 2290 1220 2374 1276; x_wconf 92' lang='lat' dir='ltr'>ita</span> <span class='ocrx_word' id='word_1_126' title='bbox 2421 1218 2644 1274; x_wconf 87' lang='lat' dir='ltr'>cantari</span> <span class='ocrx_word' id='word_1_127' title='bbox 2692 1216 2962 1287; x_wconf 79' lang='lat' dir='ltr'>hymnos,</span> <span class='ocrx_word' id='word_1_128' title='bbox 3013 1217 3078 1268; x_wconf 91' lang='lat' dir='ltr'>ut</span> <span class='ocrx_word' id='word_1_129' title='bbox 3123 1227 3258 1266; x_wconf 90' lang='lat' dir='ltr'>cum</span> <span class='ocrx_word' id='word_1_130' title='bbox 3292 1226 3446 1266; x_wconf 88' lang='lat' dir='ltr'>unus</span> <span class='ocrx_word' id='word_1_131' title='bbox 3475 1207 3645 1264; x_wconf 87' lang='lat' dir='ltr'>certis</span> 
     </span>
    </p>
   </div>
   <div class='ocr_carea' id='block_1_21' title="bbox 221 1299 3643 1381">
    <p class='ocr_par' dir='ltr' id='par_1_21' title="bbox 221 1299 3643 1381">
     <span class='ocr_line' id='line_1_21' title="bbox 221 1299 3643 1381; baseline -0.001 -23"><span class='ocrx_word' id='word_1_132' title='bbox 221 1305 585 1360; x_wconf 81' lang='lat' dir='ltr'>conservatis</span> <span class='ocrx_word' id='word_1_133' title='bbox 632 1305 917 1374; x_wconf 87' lang='lat' dir='ltr'>numeris,</span> <span class='ocrx_word' id='word_1_134' title='bbox 985 1305 1094 1361; x_wconf 88' lang='lat' dir='ltr'>rite</span> <span class='ocrx_word' id='word_1_135' title='bbox 1159 1309 1331 1376; x_wconf 82' lang='lat' dir='ltr'>atque</span> <span class='ocrx_word' id='word_1_136' title='bbox 1377 1306 1648 1363; x_wconf 83' lang='lat' dir='ltr'>decenter</span> <span class='ocrx_word' id='word_1_137' title='bbox 1695 1311 1928 1380; x_wconf 65' lang='lat' dir='ltr'>praeut,</span> <span class='ocrx_word' id='word_1_138' title='bbox 1980 1309 2188 1381; x_wconf 89' lang='lat' dir='ltr'>reliqui</span> <span class='ocrx_word' id='word_1_139' title='bbox 2237 1309 2409 1366; x_wconf 89' lang='lat' dir='ltr'>tacite</span> <span class='ocrx_word' id='word_1_140' title='bbox 2453 1308 2616 1364; x_wconf 89' lang='lat' dir='ltr'>illum</span> <span class='ocrx_word' id='word_1_141' title='bbox 2668 1307 2994 1373; x_wconf 87' lang='lat' dir='ltr'>audientes,</span> <span class='ocrx_word' id='word_1_142' title='bbox 3027 1303 3376 1376; x_wconf 81' lang='lat' dir='ltr'>hymnorum</span> <span class='ocrx_word' id='word_1_143' title='bbox 3411 1299 3643 1355; x_wconf 80' lang='lat' dir='ltr'>tandem</span> 
     </span>
    </p>
   </div>
   <div class='ocr_carea' id='block_1_22' title="bbox 219 1387 3648 1470">
    <p class='ocr_par' dir='ltr' id='par_1_22' title="bbox 219 1387 3648 1470">
     <span class='ocr_line' id='line_1_22' title="bbox 219 1387 3648 1470; baseline -0.001 -22"><span class='ocrx_word' id='word_1_144' title='bbox 219 1397 520 1450; x_wconf 85' lang='lat' dir='ltr'>extremas</span> <span class='ocrx_word' id='word_1_145' title='bbox 576 1402 767 1464; x_wconf 86' lang='lat' dir='ltr'>partes</span> <span class='ocrx_word' id='word_1_146' title='bbox 823 1394 1156 1452; x_wconf 88' lang='lat' dir='ltr'>concinant.</span> <span class='ocrx_word' id='word_1_147' title='bbox 1220 1396 1502 1452; x_wconf 82' lang='lat' dir='ltr'>Praeterea</span> <span class='ocrx_word' id='word_1_148' title='bbox 1545 1397 1904 1470; x_wconf 89' lang='lat' dir='ltr'>temporibus</span> <span class='ocrx_word' id='word_1_149' title='bbox 1979 1398 2104 1454; x_wconf 88' lang='lat' dir='ltr'>suis</span> <span class='ocrx_word' id='word_1_150' title='bbox 2153 1399 2285 1454; x_wconf 89' lang='lat' dir='ltr'>illos</span> <span class='ocrx_word' id='word_1_151' title='bbox 2335 1398 2495 1455; x_wconf 86' lang='lat' dir='ltr'>humi</span> <span class='ocrx_word' id='word_1_152' title='bbox 2559 1398 2616 1453; x_wconf 89' lang='lat' dir='ltr'>in</span> <span class='ocrx_word' id='word_1_153' title='bbox 2679 1395 2948 1453; x_wconf 88' lang='lat' dir='ltr'>stibadiis</span> <span class='ocrx_word' id='word_1_154' title='bbox 3007 1393 3260 1464; x_wconf 87' lang='lat' dir='ltr'>terisque</span> <span class='ocrx_word' id='word_1_155' title='bbox 3305 1387 3648 1445; x_wconf 87' lang='lat' dir='ltr'>strumineis</span> 
     </span>
    </p>
   </div>
   <div class='ocr_carea' id='block_1_23' title="bbox 208 1477 3646 1560">
    <p class='ocr_par' dir='ltr' id='par_1_23' title="bbox 208 1477 3646 1560">
     <span class='ocr_line' id='line_1_23' title="bbox 208 1477 3646 1560; baseline -0.001 -24"><span class='ocrx_word' id='word_1_156' title='bbox 208 1482 418 1552; x_wconf 85' lang='lat' dir='ltr'>jacere</span> <span class='ocrx_word' id='word_1_157' title='bbox 447 1482 672 1549; x_wconf 86' lang='lat' dir='ltr'>solitos,</span> <span class='ocrx_word' id='word_1_158' title='bbox 701 1483 904 1540; x_wconf 88' lang='lat' dir='ltr'>vinum</span> <span class='ocrx_word' id='word_1_159' title='bbox 937 1501 1198 1556; x_wconf 87' lang='lat' dir='ltr'>prorsus,</span> <span class='ocrx_word' id='word_1_160' title='bbox 1232 1489 1296 1541; x_wconf 85' lang='lat' dir='ltr'>ut</span> <span class='ocrx_word' id='word_1_161' title='bbox 1325 1486 1517 1557; x_wconf 86' lang='lat' dir='ltr'>ipsius</span> <span class='ocrx_word' id='word_1_162' title='bbox 1567 1486 1758 1542; x_wconf 88' lang='lat' dir='ltr'>verbis</span> <span class='ocrx_word' id='word_1_163' title='bbox 1801 1491 1952 1555; x_wconf 88' lang='lat' dir='ltr'>utar,</span> <span class='ocrx_word' id='word_1_164' title='bbox 1987 1504 2100 1543; x_wconf 90' lang='lat' dir='ltr'>non</span> <span class='ocrx_word' id='word_1_165' title='bbox 2150 1493 2441 1560; x_wconf 80' lang='lat' dir='ltr'>gustasse,</span> <span class='ocrx_word' id='word_1_166' title='bbox 2479 1502 2666 1558; x_wconf 86' lang='lat' dir='ltr'>neque</span> <span class='ocrx_word' id='word_1_167' title='bbox 2697 1485 3016 1557; x_wconf 74' lang='lat' dir='ltr'>quidquam</span> <span class='ocrx_word' id='word_1_168' title='bbox 3053 1479 3356 1552; x_wconf 85' lang='lat' dir='ltr'>sanguinei</span> <span class='ocrx_word' id='word_1_169' title='bbox 3387 1477 3646 1548; x_wconf 84' lang='lat' dir='ltr'>attigisse</span> 
     </span>
    </p>
   </div>
   <div class='ocr_carea' id='block_1_24' title="bbox 219 1564 3648 1648">
    <p class='ocr_par' dir='ltr' id='par_1_24' title="bbox 219 1564 3648 1648">
     <span class='ocr_line' id='line_1_24' title="bbox 219 1564 3648 1648; baseline -0.001 -23"><span class='ocrx_word' id='word_1_170' title='bbox 219 1569 422 1627; x_wconf 76' lang='lat' dir='ltr'>reteri.</span> <span class='ocrx_word' id='word_1_171' title='bbox 455 1571 658 1627; x_wconf 88' lang='lat' dir='ltr'>Polum</span> <span class='ocrx_word' id='word_1_172' title='bbox 699 1573 913 1644; x_wconf 90' lang='lat' dir='ltr'>quippe</span> <span class='ocrx_word' id='word_1_173' title='bbox 943 1571 1060 1627; x_wconf 86' lang='lat' dir='ltr'>illis</span> <span class='ocrx_word' id='word_1_174' title='bbox 1093 1572 1272 1630; x_wconf 81' lang='lat' dir='ltr'>fuisse</span> <span class='ocrx_word' id='word_1_175' title='bbox 1301 1590 1514 1646; x_wconf 88' lang='lat' dir='ltr'>aquam</span> <span class='ocrx_word' id='word_1_176' title='bbox 1569 1577 1824 1644; x_wconf 89' lang='lat' dir='ltr'>tantum,</span> <span class='ocrx_word' id='word_1_177' title='bbox 1883 1576 2076 1632; x_wconf 89' lang='lat' dir='ltr'>cibum</span> <span class='ocrx_word' id='word_1_178' title='bbox 2125 1582 2322 1634; x_wconf 88' lang='lat' dir='ltr'>autem</span> <span class='ocrx_word' id='word_1_179' title='bbox 2355 1593 2491 1633; x_wconf 88' lang='lat' dir='ltr'>cum</span> <span class='ocrx_word' id='word_1_180' title='bbox 2543 1591 2690 1648; x_wconf 86' lang='lat' dir='ltr'>pane</span> <span class='ocrx_word' id='word_1_181' title='bbox 2719 1573 2898 1631; x_wconf 87' lang='lat' dir='ltr'>salem</span> <span class='ocrx_word' id='word_1_182' title='bbox 2934 1578 2992 1628; x_wconf 87' lang='lat' dir='ltr'>et</span> <span class='ocrx_word' id='word_1_183' title='bbox 3021 1570 3356 1643; x_wconf 78' lang='lat' dir='ltr'>hyssopum.</span> <span class='ocrx_word' id='word_1_184' title='bbox 3391 1565 3476 1622; x_wconf 83' lang='lat' dir='ltr'>Ad</span> <span class='ocrx_word' id='word_1_185' title='bbox 3519 1564 3648 1620; x_wconf 68' lang='lat' dir='ltr'>haec</span> 
     </span>
    </p>
   </div>
   <div class='ocr_carea' id='block_1_25' title="bbox 217 1653 3646 1737">
    <p class='ocr_par' dir='ltr' id='par_1_25' title="bbox 217 1653 3646 1737">
     <span class='ocr_line' id='line_1_25' title="bbox 217 1653 3646 1737; baseline -0.002 -23"><span class='ocrx_word' id='word_1_186' title='bbox 217 1675 452 1716; x_wconf 90' lang='lat' dir='ltr'>morem</span> <span class='ocrx_word' id='word_1_187' title='bbox 485 1676 706 1731; x_wconf 88' lang='lat' dir='ltr'>quoque</span> <span class='ocrx_word' id='word_1_188' title='bbox 752 1659 1025 1716; x_wconf 88' lang='lat' dir='ltr'>Ecclesiis</span> <span class='ocrx_word' id='word_1_189' title='bbox 1087 1661 1521 1733; x_wconf 69' lang='lat' dir='ltr'>praesidentium</span> <span class='ocrx_word' id='word_1_190' title='bbox 1574 1663 1892 1736; x_wconf 67' lang='lat' dir='ltr'>prmsulum</span> <span class='ocrx_word' id='word_1_191' title='bbox 1942 1665 2258 1722; x_wconf 84' lang='lat' dir='ltr'>describit:</span> <span class='ocrx_word' id='word_1_192' title='bbox 2313 1669 2490 1737; x_wconf 89' lang='lat' dir='ltr'>atque</span> <span class='ocrx_word' id='word_1_193' title='bbox 2549 1665 2608 1720; x_wconf 91' lang='lat' dir='ltr'>in</span> <span class='ocrx_word' id='word_1_194' title='bbox 2662 1663 2756 1732; x_wconf 88' lang='lat' dir='ltr'>iis,</span> <span class='ocrx_word' id='word_1_195' title='bbox 2789 1679 2924 1718; x_wconf 87' lang='lat' dir='ltr'>cum</span> <span class='ocrx_word' id='word_1_196' title='bbox 2975 1663 3316 1718; x_wconf 75' lang='lat' dir='ltr'>cmterorum</span> <span class='ocrx_word' id='word_1_197' title='bbox 3348 1653 3646 1710; x_wconf 88' lang='lat' dir='ltr'>ministro-</span> 
     </span>
    </p>
   </div>
   <div class='ocr_carea' id='block_1_26' title="bbox 221 1743 3650 1828">
    <p class='ocr_par' dir='ltr' id='par_1_26' title="bbox 221 1743 3650 1828">
     <span class='ocr_line' id='line_1_26' title="bbox 221 1743 3650 1828; baseline -0.002 -23"><span class='ocrx_word' id='word_1_198' title='bbox 221 1765 354 1806; x_wconf 88' lang='lat' dir='ltr'>rum</span> <span class='ocrx_word' id='word_1_199' title='bbox 422 1752 644 1822; x_wconf 87' lang='lat' dir='ltr'>munia,</span> <span class='ocrx_word' id='word_1_200' title='bbox 704 1755 826 1808; x_wconf 86' lang='lat' dir='ltr'>tum</span> <span class='ocrx_word' id='word_1_201' title='bbox 885 1767 1134 1808; x_wconf 64' lang='lat' dir='ltr'>summae</span> <span class='ocrx_word' id='word_1_202' title='bbox 1191 1754 1460 1810; x_wconf 89' lang='lat' dir='ltr'>omnium</span> <span class='ocrx_word' id='word_1_203' title='bbox 1517 1753 1870 1827; x_wconf 83' lang='lat' dir='ltr'>episcopalis</span> <span class='ocrx_word' id='word_1_204' title='bbox 1927 1755 2229 1828; x_wconf 84' lang='lat' dir='ltr'>dignitatis</span> <span class='ocrx_word' id='word_1_205' title='bbox 2279 1755 2726 1812; x_wconf 84' lang='lat' dir='ltr'>sublimitatem.</span> <span class='ocrx_word' id='word_1_206' title='bbox 2787 1753 2950 1818; x_wconf 87' lang='lat' dir='ltr'>Quod</span> <span class='ocrx_word' id='word_1_207' title='bbox 3004 1766 3139 1807; x_wconf 90' lang='lat' dir='ltr'>vero</span> <span class='ocrx_word' id='word_1_208' title='bbox 3191 1747 3311 1804; x_wconf 68' lang='lat' dir='ltr'>hinc</span> <span class='ocrx_word' id='word_1_209' title='bbox 3367 1743 3528 1800; x_wconf 87' lang='lat' dir='ltr'>Philo</span> <span class='ocrx_word' id='word_1_210' title='bbox 3579 1743 3650 1799; x_wconf 91' lang='lat' dir='ltr'>de</span> 
     </span>
    </p>
   </div>
   <div class='ocr_carea' id='block_1_27' title="bbox 222 1838 3645 1916">
    <p class='ocr_par' dir='ltr' id='par_1_27' title="bbox 222 1838 3645 1916">
     <span class='ocr_line' id='line_1_27' title="bbox 222 1838 3645 1916; baseline -0.001 -23"><span class='ocrx_word' id='word_1_211' title='bbox 222 1839 440 1908; x_wconf 86' lang='lat' dir='ltr'>primis</span> <span class='ocrx_word' id='word_1_212' title='bbox 497 1840 726 1912; x_wconf 89' lang='lat' dir='ltr'>pietatis</span> <span class='ocrx_word' id='word_1_213' title='bbox 785 1842 1146 1912; x_wconf 69' lang='lat' dir='ltr'>prmeonibus</span> <span class='ocrx_word' id='word_1_214' title='bbox 1200 1850 1254 1898; x_wconf 88' lang='lat' dir='ltr'>et</span> <span class='ocrx_word' id='word_1_215' title='bbox 1315 1843 1546 1899; x_wconf 81' lang='lat' dir='ltr'>traditis</span> <span class='ocrx_word' id='word_1_216' title='bbox 1599 1843 1673 1900; x_wconf 85' lang='lat' dir='ltr'>ab</span> <span class='ocrx_word' id='word_1_217' title='bbox 1738 1845 1823 1900; x_wconf 91' lang='lat' dir='ltr'>eis</span> <span class='ocrx_word' id='word_1_218' title='bbox 1895 1845 2213 1916; x_wconf 86' lang='lat' dir='ltr'>antiquitus</span> <span class='ocrx_word' id='word_1_219' title='bbox 2292 1845 2550 1902; x_wconf 86' lang='lat' dir='ltr'>moribus</span> <span class='ocrx_word' id='word_1_220' title='bbox 2603 1842 2921 1914; x_wconf 85' lang='lat' dir='ltr'>scripserit,</span> <span class='ocrx_word' id='word_1_221' title='bbox 2989 1839 3127 1897; x_wconf 83' lang='lat' dir='ltr'>satis</span> <span class='ocrx_word' id='word_1_222' title='bbox 3191 1838 3242 1896; x_wconf 89' lang='lat' dir='ltr'>ei</span> <span class='ocrx_word' id='word_1_223' title='bbox 3299 1849 3645 1908; x_wconf 87' lang='lat' dir='ltr'>persuasum</span> 
     </span>
    </p>
   </div>
   <div class='ocr_carea' id='block_1_28' title="bbox 227 1928 2985 2007">
    <p class='ocr_par' dir='ltr' id='par_1_28' title="bbox 227 1928 2985 2007">
     <span class='ocr_line' id='line_1_28' title="bbox 227 1928 2985 2007; baseline 0.002 -23"><span class='ocrx_word' id='word_1_224' title='bbox 227 1928 430 1998; x_wconf 80' lang='lat' dir='ltr'>fuerit,</span> <span class='ocrx_word' id='word_1_225' title='bbox 461 1929 561 2002; x_wconf 91' lang='lat' dir='ltr'>qui</span> <span class='ocrx_word' id='word_1_226' title='bbox 591 1930 902 2003; x_wconf 86' lang='lat' dir='ltr'>diligenter</span> <span class='ocrx_word' id='word_1_227' title='bbox 928 1935 986 1987; x_wconf 92' lang='lat' dir='ltr'>et</span> <span class='ocrx_word' id='word_1_228' title='bbox 1012 1935 1298 1998; x_wconf 83' lang='lat' dir='ltr'>accurate,</span> <span class='ocrx_word' id='word_1_229' title='bbox 1330 1950 1507 2004; x_wconf 90' lang='lat' dir='ltr'>quam</span> <span class='ocrx_word' id='word_1_230' title='bbox 1542 1933 1821 2000; x_wconf 77' lang='lat' dir='ltr'>diximus,</span> <span class='ocrx_word' id='word_1_231' title='bbox 1855 1933 2158 1992; x_wconf 84' lang='lat' dir='ltr'>historiam</span> <span class='ocrx_word' id='word_1_232' title='bbox 2205 1937 2332 2007; x_wconf 87' lang='lat' dir='ltr'>ejus</span> <span class='ocrx_word' id='word_1_233' title='bbox 2361 1935 2468 1991; x_wconf 88' lang='lat' dir='ltr'>viri</span> <span class='ocrx_word' id='word_1_234' title='bbox 2503 1934 2692 2006; x_wconf 85' lang='lat' dir='ltr'>legere</span> <span class='ocrx_word' id='word_1_235' title='bbox 2722 1933 2985 1991; x_wconf 86' lang='lat' dir='ltr'>voluerit.</span> 
     </span>
    </p>
   </div>
   <div class='ocr_carea' id='block_1_29' title="bbox 862 2042 1259 2096">
    <p class='ocr_par' dir='ltr' id='par_1_29' title="bbox 862 2042 1259 2096">
     <span class='ocr_line' id='line_1_29' title="bbox 862 2042 1259 2096; baseline 0.008 -3"><span class='ocrx_word' id='word_1_236' title='bbox 862 2043 1115 2095; x_wconf 77' lang='grc' dir='ltr'>ΚΕΦΛΛ.</span> <span class='ocrx_word' id='word_1_237' title='bbox 1158 2042 1259 2096; x_wconf 91' lang='grc' dir='ltr'>ΙΖ’.</span> 
     </span>
    </p>
   </div>
   <div class='ocr_carea' id='block_1_30' title="bbox 231 2126 1882 2203">
    <p class='ocr_par' dir='ltr' id='par_1_30' title="bbox 231 2126 1882 2203">
     <span class='ocr_line' id='line_1_30' title="bbox 231 2126 1882 2203; baseline 0.001 -21"><span class='ocrx_word' id='word_1_238' title='bbox 231 2127 396 2202; x_wconf 85' lang='grc' dir='ltr'>Περὶ</span> <span class='ocrx_word' id='word_1_239' title='bbox 441 2131 570 2182; x_wconf 85' lang='grc' dir='ltr'>τῶν</span> <span class='ocrx_word' id='word_1_240' title='bbox 620 2129 1158 2203; x_wconf 80' lang='grc' dir='ltr'>συγγραμμάτων</span> <span class='ocrx_word' id='word_1_241' title='bbox 1205 2132 1329 2203; x_wconf 77' lang='grc' dir='ltr'>τοῦ</span> <span class='ocrx_word' id='word_1_242' title='bbox 1379 2126 1729 2191; x_wconf 79' lang='grc' dir='ltr'>Φίλωνος·</span> <span class='ocrx_word' id='word_1_243' title='bbox 1775 2127 1882 2184; x_wconf 80' lang='grc' dir='ltr'>καὶ</span> 
     </span>
    </p>
   </div>
   <div class='ocr_carea' id='block_1_31' title="bbox 683 2200 1428 2273">
    <p class='ocr_par' dir='ltr' id='par_1_31' title="bbox 683 2200 1428 2273">
     <span class='ocr_line' id='line_1_31' title="bbox 683 2200 1428 2273; baseline 0.003 -19"><span class='ocrx_word' id='word_1_244' title='bbox 683 2200 824 2262; x_wconf 73' lang='grc' dir='ltr'>οἷος</span> <span class='ocrx_word' id='word_1_245' title='bbox 870 2200 949 2268; x_wconf 79' lang='grc' dir='ltr'>ἦν</span> <span class='ocrx_word' id='word_1_246' title='bbox 993 2200 1104 2255; x_wconf 83' lang='grc' dir='ltr'>τὸν</span> <span class='ocrx_word' id='word_1_247' title='bbox 1155 2200 1428 2273; x_wconf 84' lang='grc' dir='ltr'>τρόπον.</span> 
     </span>
    </p>
   </div>
   <div class='ocr_carea' id='block_1_32' title="bbox 303 2287 1882 2366">
    <p class='ocr_par' dir='ltr' id='par_1_32' title="bbox 303 2287 1882 2366">
     <span class='ocr_line' id='line_1_32' title="bbox 303 2287 1882 2366; baseline 0 -20"><span class='ocrx_word' id='word_1_248' title='bbox 303 2291 367 2346; x_wconf 90' lang='grc' dir='ltr'>Ὁ</span> <span class='ocrx_word' id='word_1_249' title='bbox 400 2287 459 2344; x_wconf 75' lang='grc' dir='ltr'>δὲ</span> <span class='ocrx_word' id='word_1_250' title='bbox 489 2288 679 2345; x_wconf 84' lang='grc' dir='ltr'>Φίλων</span> <span class='ocrx_word' id='word_1_251' title='bbox 713 2287 888 2354; x_wconf 87' lang='grc' dir='ltr'>πολύς</span> <span class='ocrx_word' id='word_1_252' title='bbox 916 2289 1028 2346; x_wconf 79' lang='grc' dir='ltr'>ἐστι</span> <span class='ocrx_word' id='word_1_253' title='bbox 1056 2295 1135 2362; x_wconf 79' lang='grc' dir='ltr'>τῷ</span> <span class='ocrx_word' id='word_1_254' title='bbox 1165 2289 1315 2366; x_wconf 83' lang='grc' dir='ltr'>λόγῳ</span> <span class='ocrx_word' id='word_1_255' title='bbox 1361 2291 1450 2346; x_wconf 86' lang='grc' dir='ltr'>καὶ</span> <span class='ocrx_word' id='word_1_256' title='bbox 1500 2290 1707 2354; x_wconf 75' lang='grc' dir='ltr'>πλατὺς</span> <span class='ocrx_word' id='word_1_257' title='bbox 1749 2291 1882 2366; x_wconf 82' lang='grc' dir='ltr'>ῥέων</span> 
     </span>
    </p>
   </div>
   <div class='ocr_carea' id='block_1_33' title="bbox 227 2375 1880 2455">
    <p class='ocr_par' dir='ltr' id='par_1_33' title="bbox 227 2375 1880 2455">
     <span class='ocr_line' id='line_1_33' title="bbox 227 2375 1880 2455; baseline 0.001 -23"><span class='ocrx_word' id='word_1_258' title='bbox 227 2383 346 2440; x_wconf 84' lang='grc' dir='ltr'>ταῖς</span> <span class='ocrx_word' id='word_1_259' title='bbox 389 2375 690 2442; x_wconf 87' lang='grc' dir='ltr'>διανοίαις·</span> <span class='ocrx_word' id='word_1_260' title='bbox 727 2379 998 2455; x_wconf 83' lang='grc' dir='ltr'>μετέωρος</span> <span class='ocrx_word' id='word_1_261' title='bbox 1049 2377 1108 2436; x_wconf 80' lang='grc' dir='ltr'>δέ</span> <span class='ocrx_word' id='word_1_262' title='bbox 1151 2400 1234 2440; x_wconf 91' lang='grc' dir='ltr'>τις</span> <span class='ocrx_word' id='word_1_263' title='bbox 1283 2379 1374 2435; x_wconf 86' lang='grc' dir='ltr'>καὶ</span> <span class='ocrx_word' id='word_1_264' title='bbox 1425 2379 1640 2454; x_wconf 77' lang='grc' dir='ltr'>ὑψηλὸς</span> <span class='ocrx_word' id='word_1_265' title='bbox 1679 2380 1730 2434; x_wconf 87' lang='grc' dir='ltr'>ἐν</span> <span class='ocrx_word' id='word_1_266' title='bbox 1761 2385 1880 2443; x_wconf 85' lang='grc' dir='ltr'>ταῖς</span> 
     </span>
    </p>
   </div>
   <div class='ocr_carea' id='block_1_34' title="bbox 227 2468 1880 2545">
    <p class='ocr_par' dir='ltr' id='par_1_34' title="bbox 227 2468 1880 2545">
     <span class='ocr_line' id='line_1_34' title="bbox 227 2468 1880 2545; baseline 0.003 -25"><span class='ocrx_word' id='word_1_267' title='bbox 227 2473 327 2536; x_wconf 77' lang='grc' dir='ltr'>τῆς</span> <span class='ocrx_word' id='word_1_268' title='bbox 377 2469 525 2530; x_wconf 84' lang='grc' dir='ltr'>θείας</span> <span class='ocrx_word' id='word_1_269' title='bbox 576 2470 792 2545; x_wconf 74' lang='grc' dir='ltr'>Γραφῆς</span> <span class='ocrx_word' id='word_1_270' title='bbox 841 2469 1122 2542; x_wconf 85' lang='grc' dir='ltr'>θεωρίαις,</span> <span class='ocrx_word' id='word_1_271' title='bbox 1153 2468 1414 2540; x_wconf 84' lang='grc' dir='ltr'>ποικίλην</span> <span class='ocrx_word' id='word_1_272' title='bbox 1463 2474 1584 2524; x_wconf 76' lang='grc' dir='ltr'>τινὰ</span> <span class='ocrx_word' id='word_1_273' title='bbox 1641 2469 1730 2524; x_wconf 84' lang='grc' dir='ltr'>καὶ</span> <span class='ocrx_word' id='word_1_274' title='bbox 1779 2491 1880 2525; x_wconf 88' lang='grc' dir='ltr'>πο-</span> 
     </span>
    </p>
   </div>
   <div class='ocr_carea' id='block_1_35' title="bbox 232 2555 1884 2637">
    <p class='ocr_par' dir='ltr' id='par_1_35' title="bbox 232 2555 1884 2637">
     <span class='ocr_line' id='line_1_35' title="bbox 232 2555 1884 2637; baseline 0.002 -27"><span class='ocrx_word' id='word_1_275' title='bbox 232 2555 508 2632; x_wconf 89' lang='grc' dir='ltr'>λύτροπον</span> <span class='ocrx_word' id='word_1_276' title='bbox 536 2562 644 2612; x_wconf 86' lang='grc' dir='ltr'>τῶν</span> <span class='ocrx_word' id='word_1_277' title='bbox 705 2558 866 2633; x_wconf 77' lang='grc' dir='ltr'>ἱερῶν</span> <span class='ocrx_word' id='word_1_278' title='bbox 901 2559 1094 2633; x_wconf 83' lang='grc' dir='ltr'>Λόγων</span> <span class='ocrx_word' id='word_1_279' title='bbox 1141 2557 1472 2632; x_wconf 87' lang='grc' dir='ltr'>ποιούμενος</span> <span class='ocrx_word' id='word_1_280' title='bbox 1517 2560 1617 2628; x_wconf 72' lang='grc' dir='ltr'>τὴν</span> <span class='ocrx_word' id='word_1_281' title='bbox 1671 2559 1884 2637; x_wconf 75' lang='grc' dir='ltr'>ὑφήγηο</span> 
     </span>
    </p>
   </div>
   <div class='ocr_carea' id='block_1_36' title="bbox 231 2643 1882 2721">
    <p class='ocr_par' dir='ltr' id='par_1_36' title="bbox 231 2643 1882 2721">
     <span class='ocr_line' id='line_1_36' title="bbox 231 2643 1882 2721; baseline 0.001 -23"><span class='ocrx_word' id='word_1_282' title='bbox 231 2665 315 2699; x_wconf 90' lang='grc' dir='ltr'>σιν</span> <span class='ocrx_word' id='word_1_283' title='bbox 341 2667 354 2678; x_wconf 94' lang='grc'>·</span> <span class='ocrx_word' id='word_1_284' title='bbox 388 2647 478 2701; x_wconf 77' lang='grc' dir='ltr'>καὶ</span> <span class='ocrx_word' id='word_1_285' title='bbox 529 2643 762 2702; x_wconf 85' lang='grc' dir='ltr'>δείκνυσι</span> <span class='ocrx_word' id='word_1_286' title='bbox 805 2651 973 2702; x_wconf 80' lang='grc' dir='ltr'>τοῦτο</span> <span class='ocrx_word' id='word_1_287' title='bbox 1037 2647 1132 2721; x_wconf 76' lang='grc' dir='ltr'>μὶν</span> <span class='ocrx_word' id='word_1_288' title='bbox 1183 2647 1236 2702; x_wconf 85' lang='grc' dir='ltr'>ἐν</span> <span class='ocrx_word' id='word_1_289' title='bbox 1277 2654 1398 2711; x_wconf 80' lang='grc' dir='ltr'>ταῖς</span> <span class='ocrx_word' id='word_1_290' title='bbox 1431 2647 1507 2710; x_wconf 83' lang='grc' dir='ltr'>εἷς</span> <span class='ocrx_word' id='word_1_291' title='bbox 1539 2649 1639 2717; x_wconf 84' lang='grc' dir='ltr'>τήν</span> <span class='ocrx_word' id='word_1_292' title='bbox 1677 2649 1882 2703; x_wconf 88' lang='grc' dir='ltr'>Γένεσιν</span> 
     </span>
    </p>
   </div>
   <div class='ocr_carea' id='block_1_37' title="bbox 233 2734 1888 2812">
    <p class='ocr_par' dir='ltr' id='par_1_37' title="bbox 233 2734 1888 2812">
     <span class='ocr_line' id='line_1_37' title="bbox 233 2734 1888 2812; baseline 0.003 -25"><span class='ocrx_word' id='word_1_293' title='bbox 233 2735 631 2809; x_wconf 74' lang='grc' dir='ltr'>πραγματείαις</span> <span class='ocrx_word' id='word_1_294' title='bbox 670 2735 860 2802; x_wconf 80' lang='grc' dir='ltr'>αὐτοῦ,</span> <span class='ocrx_word' id='word_1_295' title='bbox 892 2735 952 2798; x_wconf 79' lang='grc' dir='ltr'>ἃς</span> <span class='ocrx_word' id='word_1_296' title='bbox 1005 2737 1233 2812; x_wconf 84' lang='grc' dir='ltr'>Ἱερῶν</span> <span class='ocrx_word' id='word_1_297' title='bbox 1279 2736 1501 2810; x_wconf 80' lang='grc' dir='ltr'>νόμιον</span> <span class='ocrx_word' id='word_1_298' title='bbox 1556 2734 1888 2811; x_wconf 84' lang='grc' dir='ltr'>’Δλληγο-</span> 
     </span>
    </p>
   </div>
   <div class='ocr_carea' id='block_1_38' title="bbox 237 2822 1883 2900">
    <p class='ocr_par' dir='ltr' id='par_1_38' title="bbox 237 2822 1883 2900">
     <span class='ocr_line' id='line_1_38' title="bbox 237 2822 1883 2900; baseline 0.003 -24"><span class='ocrx_word' id='word_1_299' title='bbox 237 2823 385 2896; x_wconf 86' lang='grc' dir='ltr'>ρίας</span> <span class='ocrx_word' id='word_1_300' title='bbox 433 2822 692 2900; x_wconf 78' lang='grc' dir='ltr'>ἐπέγραψε</span> <span class='ocrx_word' id='word_1_301' title='bbox 732 2829 897 2882; x_wconf 82' lang='grc' dir='ltr'>τοῦτο</span> <span class='ocrx_word' id='word_1_302' title='bbox 942 2822 1000 2880; x_wconf 74' lang='grc' dir='ltr'>δὲ</span> <span class='ocrx_word' id='word_1_303' title='bbox 1046 2826 1138 2881; x_wconf 84' lang='grc' dir='ltr'>καὶ</span> <span class='ocrx_word' id='word_1_304' title='bbox 1191 2825 1244 2882; x_wconf 82' lang='grc' dir='ltr'>ἐν</span> <span class='ocrx_word' id='word_1_305' title='bbox 1295 2828 1380 2890; x_wconf 81' lang='grc' dir='ltr'>οἷς</span> <span class='ocrx_word' id='word_1_306' title='bbox 1429 2824 1720 2888; x_wconf 76' lang='grc' dir='ltr'>διαστολὰς</span> <span class='ocrx_word' id='word_1_307' title='bbox 1775 2831 1883 2882; x_wconf 88' lang='grc' dir='ltr'>τῶν</span> 
     </span>
    </p>
   </div>
   <div class='ocr_carea' id='block_1_39' title="bbox 244 2909 1884 2992">
    <p class='ocr_par' dir='ltr' id='par_1_39' title="bbox 244 2909 1884 2992">
     <span class='ocr_line' id='line_1_39' title="bbox 244 2909 1884 2992; baseline 0.004 -28"><span class='ocrx_word' id='word_1_308' title='bbox 244 2909 296 2964; x_wconf 82' lang='grc' dir='ltr'>ἐν</span> <span class='ocrx_word' id='word_1_309' title='bbox 343 2917 459 2975; x_wconf 88' lang='grc' dir='ltr'>ταῖς</span> <span class='ocrx_word' id='word_1_310' title='bbox 506 2919 740 2992; x_wconf 75' lang='grc' dir='ltr'>Γραφαῖς</span> <span class='ocrx_word' id='word_1_311' title='bbox 793 2913 1147 2988; x_wconf 78' lang='grc' dir='ltr'>ζητουμένων</span> <span class='ocrx_word' id='word_1_312' title='bbox 1201 2914 1379 2978; x_wconf 87' lang='grc' dir='ltr'>λύσεις</span> <span class='ocrx_word' id='word_1_313' title='bbox 1425 2937 1482 2972; x_wconf 91' lang='grc' dir='ltr'>τε</span> <span class='ocrx_word' id='word_1_314' title='bbox 1533 2916 1622 2970; x_wconf 85' lang='grc' dir='ltr'>καὶ</span> <span class='ocrx_word' id='word_1_315' title='bbox 1654 2915 1884 2991; x_wconf 85' lang='grc' dir='ltr'>ἀπορίας</span> 
     </span>
    </p>
   </div>
   <div class='ocr_carea' id='block_1_40' title="bbox 241 2999 1886 3079">
    <p class='ocr_par' dir='ltr' id='par_1_40' title="bbox 241 2999 1886 3079">
     <span class='ocr_line' id='line_1_40' title="bbox 241 2999 1886 3079; baseline 0.004 -25"><span class='ocrx_word' id='word_1_316' title='bbox 241 2999 624 3079; x_wconf 76' lang='grc' dir='ltr'>κεφαλαιωδῶς</span> <span class='ocrx_word' id='word_1_317' title='bbox 674 3001 898 3078; x_wconf 79' lang='grc' dir='ltr'>εἰσᾶγει.</span> <span class='ocrx_word' id='word_1_318' title='bbox 935 3003 1054 3058; x_wconf 75' lang='grc' dir='ltr'>Εἵσὶ</span> <span class='ocrx_word' id='word_1_319' title='bbox 1104 3003 1162 3059; x_wconf 80' lang='grc' dir='ltr'>δὲ</span> <span class='ocrx_word' id='word_1_320' title='bbox 1212 3005 1359 3077; x_wconf 85' lang='grc' dir='ltr'>αύτῷ</span> <span class='ocrx_word' id='word_1_321' title='bbox 1393 3004 1480 3059; x_wconf 85' lang='grc' dir='ltr'>καὶ</span> <span class='ocrx_word' id='word_1_322' title='bbox 1532 3002 1692 3078; x_wconf 73' lang='grc' dir='ltr'>ἕτερα</span> <span class='ocrx_word' id='word_1_323' title='bbox 1731 3004 1886 3071; x_wconf 81' lang='grc' dir='ltr'>ἰδίως</span> 
     </span>
    </p>
   </div>
   <div class='ocr_carea' id='block_1_41' title="bbox 237 3089 1878 3170">
    <p class='ocr_par' dir='ltr' id='par_1_41' title="bbox 237 3089 1878 3170">
     <span class='ocr_line' id='line_1_41' title="bbox 237 3089 1878 3170; baseline 0.002 -26"><span class='ocrx_word' id='word_1_324' title='bbox 237 3090 577 3164; x_wconf 74' lang='grc' dir='ltr'>πεποιημένα</span> <span class='ocrx_word' id='word_1_325' title='bbox 614 3089 1025 3166; x_wconf 75' lang='grc' dir='ltr'>σπουδάσματα.</span> <span class='ocrx_word' id='word_1_326' title='bbox 1057 3093 1132 3148; x_wconf 81' lang='grc' dir='ltr'>Τά</span> <span class='ocrx_word' id='word_1_327' title='bbox 1175 3095 1331 3169; x_wconf 85' lang='grc' dir='ltr'>[Ιερὶ</span> <span class='ocrx_word' id='word_1_328' title='bbox 1379 3095 1707 3170; x_wconf 75' lang='grc' dir='ltr'>γεωργίας</span> <span class='ocrx_word' id='word_1_329' title='bbox 1745 3092 1842 3149; x_wconf 85' lang='grc' dir='ltr'>δύο</span> <span class='ocrx_word' id='word_1_330' title='bbox 1865 3113 1878 3128; x_wconf 96' lang='grc'>·</span> 
     </span>
    </p>
   </div>
   <div class='ocr_carea' id='block_1_42' title="bbox 236 3180 1877 3261">
    <p class='ocr_par' dir='ltr' id='par_1_42' title="bbox 236 3180 1877 3261">
     <span class='ocr_line' id='line_1_42' title="bbox 236 3180 1877 3261; baseline 0.004 -27"><span class='ocrx_word' id='word_1_331' title='bbox 236 3180 325 3235; x_wconf 78' lang='grc' dir='ltr'>καὶ</span> <span class='ocrx_word' id='word_1_332' title='bbox 369 3184 438 3236; x_wconf 75' lang='grc' dir='ltr'>τα</span> <span class='ocrx_word' id='word_1_333' title='bbox 495 3181 640 3256; x_wconf 82' lang='grc' dir='ltr'>Περὶ</span> <span class='ocrx_word' id='word_1_334' title='bbox 694 3183 898 3254; x_wconf 87' lang='grc' dir='ltr'>μέθης</span> <span class='ocrx_word' id='word_1_335' title='bbox 945 3187 1216 3239; x_wconf 82' lang='grc' dir='ltr'>τοσαῦτα·</span> <span class='ocrx_word' id='word_1_336' title='bbox 1267 3182 1358 3238; x_wconf 78' lang='grc' dir='ltr'>καί</span> <span class='ocrx_word' id='word_1_337' title='bbox 1406 3182 1554 3239; x_wconf 82' lang='grc' dir='ltr'>ἄλλα</span> <span class='ocrx_word' id='word_1_338' title='bbox 1603 3181 1877 3261; x_wconf 71' lang='grc' dir='ltr'>διαφόρων</span> 
     </span>
    </p>
   </div>
   <div class='ocr_carea' id='block_1_43' title="bbox 234 3267 1883 3348">
    <p class='ocr_par' dir='ltr' id='par_1_43' title="bbox 234 3267 1883 3348">
     <span class='ocr_line' id='line_1_43' title="bbox 234 3267 1883 3348; baseline 0.004 -25"><span class='ocrx_word' id='word_1_339' title='bbox 234 3267 541 3348; x_wconf 72' lang='grc' dir='ltr'>ἐπιγραφῶν</span> <span class='ocrx_word' id='word_1_340' title='bbox 585 3271 897 3344; x_wconf 80' lang='grc' dir='ltr'>ἧξιωμένα⁶</span> <span class='ocrx_word' id='word_1_341' title='bbox 932 3275 1074 3341; x_wconf 84' lang='grc' dir='ltr'>οἷον,</span> <span class='ocrx_word' id='word_1_342' title='bbox 1128 3277 1184 3328; x_wconf 87' lang='lat'>&#39;0</span> <span class='ocrx_word' id='word_1_343' title='bbox 1235 3274 1390 3347; x_wconf 84' lang='grc' dir='ltr'>Περί</span> <span class='ocrx_word' id='word_1_344' title='bbox 1441 3275 1524 3328; x_wconf 82' lang='grc' dir='ltr'>ὢν</span> <span class='ocrx_word' id='word_1_345' title='bbox 1593 3276 1804 3348; x_wconf 78' lang='grc' dir='ltr'>νήψας</span> <span class='ocrx_word' id='word_1_346' title='bbox 1853 3275 1883 3330; x_wconf 97' lang='lat'>6</span> 
     </span>
    </p>
   </div>
   <div class='ocr_carea' id='block_1_44' title="bbox 2499 2037 3150 2098">
    <p class='ocr_par' dir='ltr' id='par_1_44' title="bbox 2499 2037 3150 2098">
     <span class='ocr_line' id='line_1_44' title="bbox 2499 2037 3150 2098; baseline -0.012 1"><span class='ocrx_word' id='word_1_347' title='bbox 2499 2041 2537 2098; x_wconf 85' lang='lat' dir='ltr'><strong>I</strong></span> <span class='ocrx_word' id='word_1_348' title='bbox 2551 2040 2676 2098; x_wconf 70' lang='lat'>60</span> <span class='ocrx_word' id='word_1_349' title='bbox 2703 2039 2941 2098; x_wconf 79' lang='lat' dir='ltr'>CAPUT</span> <span class='ocrx_word' id='word_1_350' title='bbox 2970 2037 3150 2094; x_wconf 85' lang='lat' dir='ltr'><strong>XVII.</strong></span> 
     </span>
    </p>
   </div>
   <div class='ocr_carea' id='block_1_45' title="bbox 2117 2123 3494 2202">
    <p class='ocr_par' dir='ltr' id='par_1_45' title="bbox 2117 2123 3494 2202">
     <span class='ocr_line' id='line_1_45' title="bbox 2117 2123 3494 2202; baseline -0.004 -16"><span class='ocrx_word' id='word_1_351' title='bbox 2117 2133 2192 2187; x_wconf 81' lang='lat' dir='ltr'>De</span> <span class='ocrx_word' id='word_1_352' title='bbox 2220 2130 2470 2188; x_wconf 79' lang='lat' dir='ltr'>Philonis</span> <span class='ocrx_word' id='word_1_353' title='bbox 2497 2133 2738 2202; x_wconf 72' lang='lat' dir='ltr'>scriptis,</span> <span class='ocrx_word' id='word_1_354' title='bbox 2783 2137 2837 2186; x_wconf 88' lang='lat' dir='ltr'>et</span> <span class='ocrx_word' id='word_1_355' title='bbox 2863 2129 2929 2185; x_wconf 88' lang='lat' dir='ltr'>de</span> <span class='ocrx_word' id='word_1_356' title='bbox 2958 2126 3201 2184; x_wconf 84' lang='lat' dir='ltr'>moribus</span> <span class='ocrx_word' id='word_1_357' title='bbox 3228 2123 3494 2195; x_wconf 80' lang='lat' dir='ltr'>ejusdem.</span> 
     </span>
    </p>
   </div>
   <div class='ocr_carea' id='block_1_46' title="bbox 2058 2289 3635 2365">
    <p class='ocr_par' dir='ltr' id='par_1_46' title="bbox 2058 2289 3635 2365">
     <span class='ocr_line' id='line_1_46' title="bbox 2058 2289 3635 2365; baseline -0.006 -17"><span class='ocrx_word' id='word_1_358' title='bbox 2058 2293 2224 2352; x_wconf 85' lang='lat' dir='ltr'>Philo</span> <span class='ocrx_word' id='word_1_359' title='bbox 2255 2309 2426 2365; x_wconf 87' lang='lat' dir='ltr'>porro</span> <span class='ocrx_word' id='word_1_360' title='bbox 2456 2291 2582 2364; x_wconf 89' lang='lat' dir='ltr'>ipse</span> <span class='ocrx_word' id='word_1_361' title='bbox 2617 2295 2676 2348; x_wconf 91' lang='lat' dir='ltr'>et</span> <span class='ocrx_word' id='word_1_362' title='bbox 2723 2291 2913 2349; x_wconf 88' lang='lat' dir='ltr'>verbis</span> <span class='ocrx_word' id='word_1_363' title='bbox 2959 2296 3051 2346; x_wconf 84' lang='lat' dir='ltr'>est</span> <span class='ocrx_word' id='word_1_364' title='bbox 3086 2289 3378 2361; x_wconf 86' lang='lat' dir='ltr'>cepiosus,</span> <span class='ocrx_word' id='word_1_365' title='bbox 3421 2293 3476 2342; x_wconf 88' lang='lat' dir='ltr'>et</span> <span class='ocrx_word' id='word_1_366' title='bbox 3507 2301 3635 2340; x_wconf 81' lang='lat' dir='ltr'>sen-</span> 
     </span>
    </p>
   </div>
   <div class='ocr_carea' id='block_1_47' title="bbox 1987 2379 3642 2455">
    <p class='ocr_par' dir='ltr' id='par_1_47' title="bbox 1987 2379 3642 2455">
     <span class='ocr_line' id='line_1_47' title="bbox 1987 2379 3642 2455; baseline -0.007 -14"><span class='ocrx_word' id='word_1_367' title='bbox 1987 2386 2190 2443; x_wconf 87' lang='lat' dir='ltr'>tentiis</span> <span class='ocrx_word' id='word_1_368' title='bbox 2209 2385 2465 2442; x_wconf 81' lang='lat' dir='ltr'>dill&#39;usus</span> <span class='ocrx_word' id='word_1_369' title='bbox 2507 2401 2521 2441; x_wconf 91' lang='lat'><strong>:</strong></span> <span class='ocrx_word' id='word_1_370' title='bbox 2545 2383 2900 2455; x_wconf 84' lang='lat' dir='ltr'>exponendis</span> <span class='ocrx_word' id='word_1_371' title='bbox 2921 2384 3114 2438; x_wconf 87' lang='lat' dir='ltr'>autem</span> <span class='ocrx_word' id='word_1_372' title='bbox 3148 2395 3248 2450; x_wconf 90' lang='lat' dir='ltr'>per</span> <span class='ocrx_word' id='word_1_373' title='bbox 3275 2393 3549 2435; x_wconf 78' lang='lat' dir='ltr'>arcanam</span> <span class='ocrx_word' id='word_1_374' title='bbox 3581 2379 3642 2430; x_wconf 89' lang='lat' dir='ltr'>et</span> 
     </span>
    </p>
   </div>
   <div class='ocr_carea' id='block_1_48' title="bbox 1989 2467 3636 2548">
    <p class='ocr_par' dir='ltr' id='par_1_48' title="bbox 1989 2467 3636 2548">
     <span class='ocr_line' id='line_1_48' title="bbox 1989 2467 3636 2548; baseline -0.007 -17"><span class='ocrx_word' id='word_1_375' title='bbox 1989 2476 2293 2548; x_wconf 83' lang='lat' dir='ltr'>mysticam</span> <span class='ocrx_word' id='word_1_376' title='bbox 2325 2473 2862 2547; x_wconf 83' lang='lat' dir='ltr'>interpretationem</span> <span class='ocrx_word' id='word_1_377' title='bbox 2894 2470 3106 2528; x_wconf 87' lang='lat' dir='ltr'>divinis</span> <span class='ocrx_word' id='word_1_378' title='bbox 3137 2467 3452 2540; x_wconf 87' lang='lat' dir='ltr'>Scripturis</span> <span class='ocrx_word' id='word_1_379' title='bbox 3482 2467 3636 2536; x_wconf 84' lang='lat' dir='ltr'>altus</span> 
     </span>
    </p>
   </div>
   <div class='ocr_carea' id='block_1_49' title="bbox 1956 2556 3636 2636">
    <p class='ocr_par' dir='ltr' id='par_1_49' title="bbox 1956 2556 3636 2636">
     <span class='ocr_line' id='line_1_49' title="bbox 1956 2556 3636 2636; baseline -0.007 -14"><span class='ocrx_word' id='word_1_380' title='bbox 1956 2556 2046 2622; x_wconf 71' lang='grc' dir='ltr'>ἐι</span> <span class='ocrx_word' id='word_1_381' title='bbox 2104 2565 2397 2634; x_wconf 89' lang='lat' dir='ltr'>sublimis,</span> <span class='ocrx_word' id='word_1_382' title='bbox 2458 2563 2821 2636; x_wconf 88' lang='lat' dir='ltr'>plurifariam</span> <span class='ocrx_word' id='word_1_383' title='bbox 2890 2576 3194 2618; x_wconf 87' lang='lat' dir='ltr'>sacrorum</span> <span class='ocrx_word' id='word_1_384' title='bbox 3269 2556 3636 2614; x_wconf 87' lang='lat' dir='ltr'>oraculorum</span> 
     </span>
    </p>
   </div>
   <div class='ocr_carea' id='block_1_50' title="bbox 1989 2647 3635 2720">
    <p class='ocr_par' dir='ltr' id='par_1_50' title="bbox 1989 2647 3635 2720">
     <span class='ocr_line' id='line_1_50' title="bbox 1989 2647 3635 2720; baseline -0.005 -12"><span class='ocrx_word' id='word_1_385' title='bbox 1989 2659 2187 2710; x_wconf 82' lang='lat' dir='ltr'>texens</span> <span class='ocrx_word' id='word_1_386' title='bbox 2215 2653 2665 2710; x_wconf 87' lang='lat' dir='ltr'>enarrationem.</span> <span class='ocrx_word' id='word_1_387' title='bbox 2716 2650 2986 2708; x_wconf 83' lang='lat' dir='ltr'>Ostendit</span> <span class='ocrx_word' id='word_1_388' title='bbox 3015 2651 3071 2705; x_wconf 90' lang='lat' dir='ltr'>id</span> <span class='ocrx_word' id='word_1_389' title='bbox 3123 2647 3332 2720; x_wconf 87' lang='lat' dir='ltr'>partim</span> <span class='ocrx_word' id='word_1_390' title='bbox 3374 2647 3436 2702; x_wconf 90' lang='lat' dir='ltr'>in</span> <span class='ocrx_word' id='word_1_391' title='bbox 3466 2659 3635 2701; x_wconf 91' lang='lat' dir='ltr'>com-</span> 
     </span>
    </p>
   </div>
   <div class='ocr_carea' id='block_1_51' title="bbox 1987 2733 3643 2812">
    <p class='ocr_par' dir='ltr' id='par_1_51' title="bbox 1987 2733 3643 2812">
     <span class='ocr_line' id='line_1_51' title="bbox 1987 2733 3643 2812; baseline -0.007 -13"><span class='ocrx_word' id='word_1_392' title='bbox 1987 2743 2290 2799; x_wconf 84' lang='lat' dir='ltr'>mentariis</span> <span class='ocrx_word' id='word_1_393' title='bbox 2326 2743 2450 2800; x_wconf 86' lang='lat' dir='ltr'>suis</span> <span class='ocrx_word' id='word_1_394' title='bbox 2483 2742 2542 2798; x_wconf 91' lang='lat' dir='ltr'>in</span> <span class='ocrx_word' id='word_1_395' title='bbox 2569 2741 2854 2811; x_wconf 88' lang='lat' dir='ltr'>Genesim,</span> <span class='ocrx_word' id='word_1_396' title='bbox 2888 2739 3103 2812; x_wconf 88' lang='lat' dir='ltr'>quibus</span> <span class='ocrx_word' id='word_1_397' title='bbox 3133 2735 3370 2794; x_wconf 91' lang='lat' dir='ltr'>titulum</span> <span class='ocrx_word' id='word_1_398' title='bbox 3403 2733 3643 2798; x_wconf 91' lang='lat' dir='ltr'>indidit,</span> 
     </span>
    </p>
   </div>
   <div class='ocr_carea' id='block_1_52' title="bbox 1985 2822 3635 2904">
    <p class='ocr_par' dir='ltr' id='par_1_52' title="bbox 1985 2822 3635 2904">
     <span class='ocr_line' id='line_1_52' title="bbox 1985 2822 3635 2904; baseline -0.007 -17"><span class='ocrx_word' id='word_1_399' title='bbox 1985 2831 2286 2888; x_wconf 81' lang='lat' dir='ltr'>Sacrorum</span> <span class='ocrx_word' id='word_1_400' title='bbox 2335 2831 2515 2904; x_wconf 86' lang='lat' dir='ltr'>legum</span> <span class='ocrx_word' id='word_1_401' title='bbox 2565 2831 2872 2900; x_wconf 62' lang='lat' dir='ltr'>allegoriae,</span> <span class='ocrx_word' id='word_1_402' title='bbox 2933 2828 3141 2900; x_wconf 87' lang='lat' dir='ltr'>partim</span> <span class='ocrx_word' id='word_1_403' title='bbox 3188 2827 3248 2881; x_wconf 88' lang='lat' dir='ltr'>in</span> <span class='ocrx_word' id='word_1_404' title='bbox 3305 2822 3635 2881; x_wconf 84' lang='lat' dir='ltr'>distinctio-</span> 
     </span>
    </p>
   </div>
   <div class='ocr_carea' id='block_1_53' title="bbox 1988 2911 3644 2992">
    <p class='ocr_par' dir='ltr' id='par_1_53' title="bbox 1988 2911 3644 2992">
     <span class='ocr_line' id='line_1_53' title="bbox 1988 2911 3644 2992; baseline -0.007 -15"><span class='ocrx_word' id='word_1_405' title='bbox 1988 2922 2184 2992; x_wconf 86' lang='lat' dir='ltr'>nibus,</span> <span class='ocrx_word' id='word_1_406' title='bbox 2218 2921 2722 2992; x_wconf 80' lang='lat' dir='ltr'>ambiguitatibus,</span> <span class='ocrx_word' id='word_1_407' title='bbox 2757 2927 2810 2976; x_wconf 89' lang='lat' dir='ltr'>et</span> <span class='ocrx_word' id='word_1_408' title='bbox 2841 2916 3230 2975; x_wconf 87' lang='lat' dir='ltr'>solutionibus</span> <span class='ocrx_word' id='word_1_409' title='bbox 3258 2929 3460 2971; x_wconf 89' lang='lat' dir='ltr'>earum</span> <span class='ocrx_word' id='word_1_410' title='bbox 3492 2911 3644 2968; x_wconf 88' lang='lat' dir='ltr'>Scri-</span> 
     </span>
    </p>
   </div>
   <div class='ocr_carea' id='block_1_54' title="bbox 1989 3007 3642 3083">
    <p class='ocr_par' dir='ltr' id='par_1_54' title="bbox 1989 3007 3642 3083">
     <span class='ocr_line' id='line_1_54' title="bbox 1989 3007 3642 3083; baseline -0.006 -17"><span class='ocrx_word' id='word_1_411' title='bbox 1989 3014 2318 3083; x_wconf 89' lang='lat' dir='ltr'>pturarum,</span> <span class='ocrx_word' id='word_1_412' title='bbox 2349 3027 2476 3082; x_wconf 72' lang='lat' dir='ltr'>qua:</span> <span class='ocrx_word' id='word_1_413' title='bbox 2508 3009 2567 3066; x_wconf 90' lang='lat' dir='ltr'>in</span> <span class='ocrx_word' id='word_1_414' title='bbox 2599 3009 2985 3081; x_wconf 72' lang='lat' dir='ltr'>quaestionem</span> <span class='ocrx_word' id='word_1_415' title='bbox 3019 3007 3348 3070; x_wconf 88' lang='lat' dir='ltr'>trahuntur,</span> <span class='ocrx_word' id='word_1_416' title='bbox 3381 3018 3642 3059; x_wconf 89' lang='lat' dir='ltr'>summa-</span> 
     </span>
    </p>
   </div>
   <div class='ocr_carea' id='block_1_55' title="bbox 1989 3090 3642 3172">
    <p class='ocr_par' dir='ltr' id='par_1_55' title="bbox 1989 3090 3642 3172">
     <span class='ocr_line' id='line_1_55' title="bbox 1989 3090 3642 3172; baseline -0.006 -16"><span class='ocrx_word' id='word_1_417' title='bbox 1989 3100 2092 3156; x_wconf 90' lang='lat' dir='ltr'>tim</span> <span class='ocrx_word' id='word_1_418' title='bbox 2146 3106 2200 3156; x_wconf 88' lang='lat' dir='ltr'>et</span> <span class='ocrx_word' id='word_1_419' title='bbox 2253 3115 2356 3172; x_wconf 88' lang='lat' dir='ltr'>per</span> <span class='ocrx_word' id='word_1_420' title='bbox 2410 3099 2602 3170; x_wconf 87' lang='lat' dir='ltr'>capita</span> <span class='ocrx_word' id='word_1_421' title='bbox 2667 3098 2884 3155; x_wconf 87' lang='lat' dir='ltr'>relatis.</span> <span class='ocrx_word' id='word_1_422' title='bbox 2960 3099 3111 3153; x_wconf 87' lang='lat' dir='ltr'>Sunt</span> <span class='ocrx_word' id='word_1_423' title='bbox 3182 3098 3460 3168; x_wconf 74' lang='lat' dir='ltr'>praeterea</span> <span class='ocrx_word' id='word_1_424' title='bbox 3515 3090 3642 3147; x_wconf 71' lang='lat' dir='ltr'>alite</span> 
     </span>
    </p>
   </div>
   <div class='ocr_carea' id='block_1_56' title="bbox 1987 3185 3635 3262">
    <p class='ocr_par' dir='ltr' id='par_1_56' title="bbox 1987 3185 3635 3262">
     <span class='ocr_line' id='line_1_56' title="bbox 1987 3185 3635 3262; baseline -0.005 -18"><span class='ocrx_word' id='word_1_425' title='bbox 1987 3206 2220 3262; x_wconf 86' lang='lat' dir='ltr'>quoque</span> <span class='ocrx_word' id='word_1_426' title='bbox 2248 3191 2379 3261; x_wconf 86' lang='lat' dir='ltr'>ejus</span> <span class='ocrx_word' id='word_1_427' title='bbox 2409 3188 2651 3245; x_wconf 79' lang='lat' dir='ltr'>seorsiin</span> <span class='ocrx_word' id='word_1_428' title='bbox 2694 3189 2856 3245; x_wconf 72' lang='lat' dir='ltr'>editae</span> <span class='ocrx_word' id='word_1_429' title='bbox 2899 3185 3353 3243; x_wconf 88' lang='lat' dir='ltr'>lucubrationes.</span> <span class='ocrx_word' id='word_1_430' title='bbox 3386 3186 3461 3240; x_wconf 87' lang='lat' dir='ltr'>De</span> <span class='ocrx_word' id='word_1_431' title='bbox 3488 3187 3635 3253; x_wconf 81' lang='lat' dir='ltr'>agri-</span> 
     </span>
    </p>
   </div>
   <div class='ocr_carea' id='block_1_57' title="bbox 1985 3271 3642 3348">
    <p class='ocr_par' dir='ltr' id='par_1_57' title="bbox 1985 3271 3642 3348">
     <span class='ocr_line' id='line_1_57' title="bbox 1985 3271 3642 3348; baseline -0.006 -13"><span class='ocrx_word' id='word_1_432' title='bbox 1985 3281 2208 3336; x_wconf 75' lang='lat' dir='ltr'>cultura</span> <span class='ocrx_word' id='word_1_433' title='bbox 2254 3280 2419 3348; x_wconf 71' lang='lat' dir='ltr'>duw;</span> <span class='ocrx_word' id='word_1_434' title='bbox 2455 3281 2532 3335; x_wconf 88' lang='lat' dir='ltr'>De</span> <span class='ocrx_word' id='word_1_435' title='bbox 2570 3277 2834 3336; x_wconf 77' lang='lat' dir='ltr'>ebrietate</span> <span class='ocrx_word' id='word_1_436' title='bbox 2863 3278 3127 3334; x_wconf 86' lang='lat' dir='ltr'>totidem.</span> <span class='ocrx_word' id='word_1_437' title='bbox 3161 3274 3294 3331; x_wconf 91' lang='lat' dir='ltr'>Alia</span> <span class='ocrx_word' id='word_1_438' title='bbox 3323 3273 3464 3329; x_wconf 90' lang='lat' dir='ltr'>item</span> <span class='ocrx_word' id='word_1_439' title='bbox 3497 3271 3642 3327; x_wconf 85' lang='lat' dir='ltr'>vari-</span> 
     </span>
    </p>
   </div>
   <div class='ocr_carea' id='block_1_58' title="bbox 232 3357 1879 3470">
    <p class='ocr_par' dir='ltr' id='par_1_58' title="bbox 232 3357 1876 3470">
     <span class='ocr_line' id='line_1_58' title="bbox 232 3357 1876 3439; baseline 0.003 -27"><span class='ocrx_word' id='word_1_440' title='bbox 232 3363 402 3430; x_wconf 84' lang='grc' dir='ltr'>νοῦς,</span> <span class='ocrx_word' id='word_1_441' title='bbox 434 3357 708 3435; x_wconf 70' lang='grc' dir='ltr'>εὔχεται</span> <span class='ocrx_word' id='word_1_442' title='bbox 738 3361 846 3416; x_wconf 80' lang='grc' dir='ltr'>καὶ</span> <span class='ocrx_word' id='word_1_443' title='bbox 877 3366 1269 3436; x_wconf 84' lang='grc' dir='ltr'>καταρᾶται·</span> <span class='ocrx_word' id='word_1_444' title='bbox 1305 3360 1335 3416; x_wconf 87' lang='lat'>6&#39;</span> <span class='ocrx_word' id='word_1_445' title='bbox 1363 3384 1422 3418; x_wconf 91' lang='grc' dir='ltr'>τε</span> <span class='ocrx_word' id='word_1_446' title='bbox 1451 3365 1608 3435; x_wconf 79' lang='grc' dir='ltr'>Περὶ</span> <span class='ocrx_word' id='word_1_447' title='bbox 1639 3364 1876 3439; x_wconf 83' lang='grc' dir='ltr'>συγχύ-</span> 
     </span>
     <span class='ocr_line' id='line_1_59' title="bbox 242 3445 1836 3470; baseline 0 0"><span class='ocrx_word' id='word_1_448' title='bbox 242 3468 343 3470; x_wconf 34' lang='grc' dir='ltr'>,γη</span> <span class='ocrx_word' id='word_1_449' title='bbox 379 3468 389 3470; x_wconf 34' lang='grc' dir='ltr'><em>Α</em></span> <span class='ocrx_word' id='word_1_450' title='bbox 472 3452 500 3464; x_wconf 77' lang='lat'><strong>~</strong></span> <span class='ocrx_word' id='word_1_451' title='bbox 587 3445 612 3470; x_wconf 53' lang='grc' dir='ltr'>δ</span> <span class='ocrx_word' id='word_1_452' title='bbox 702 3448 724 3470; x_wconf 50' lang='grc' dir='ltr'>ἢ</span> <span class='ocrx_word' id='word_1_453' title='bbox 755 3448 811 3470; x_wconf 62' lang='lat' dir='ltr'>,I,</span> <span class='ocrx_word' id='word_1_454' title='bbox 972 3468 979 3470; x_wconf 73' lang='lat'><strong><em>_</em></strong></span> <span class='ocrx_word' id='word_1_455' title='bbox 1089 3451 1104 3470; x_wconf 58' lang='grc' dir='ltr'>ν</span> <span class='ocrx_word' id='word_1_456' title='bbox 1145 3451 1157 3468; x_wconf 77' lang='grc' dir='ltr'>ιν</span> <span class='ocrx_word' id='word_1_457' title='bbox 1201 3457 1239 3470; x_wconf 81' lang='grc' dir='ltr'>ι·-</span> <span class='ocrx_word' id='word_1_458' title='bbox 1338 3451 1348 3465; x_wconf 74' lang='grc' dir='ltr'>ε</span> <span class='ocrx_word' id='word_1_459' title='bbox 1529 3458 1557 3469; x_wconf 72' lang='grc' dir='ltr'>-ο</span> <span class='ocrx_word' id='word_1_460' title='bbox 1721 3453 1734 3470; x_wconf 63' lang='grc' dir='ltr'>ι</span> <span class='ocrx_word' id='word_1_461' title='bbox 1823 3453 1836 3470; x_wconf 77' lang='grc' dir='ltr'>ε</span> 
     </span>
    </p>
   </div>
   <div class='ocr_carea' id='block_1_59' title="bbox 1991 3357 3638 3470">
    <p class='ocr_par' dir='ltr' id='par_1_59' title="bbox 1991 3366 3638 3440">
     <span class='ocr_line' id='line_1_60' title="bbox 1991 3366 3638 3440; baseline -0.007 -15"><span class='ocrx_word' id='word_1_462' title='bbox 1991 3385 2159 3426; x_wconf 89' lang='lat' dir='ltr'>orum</span> <span class='ocrx_word' id='word_1_463' title='bbox 2193 3368 2496 3425; x_wconf 89' lang='lat' dir='ltr'>titulorum</span> <span class='ocrx_word' id='word_1_464' title='bbox 2543 3367 2791 3440; x_wconf 85' lang='lat' dir='ltr'>scripta;</span> <span class='ocrx_word' id='word_1_465' title='bbox 2847 3367 3016 3438; x_wconf 88' lang='lat' dir='ltr'>quale</span> <span class='ocrx_word' id='word_1_466' title='bbox 3045 3370 3155 3437; x_wconf 89' lang='lat' dir='ltr'>est,</span> <span class='ocrx_word' id='word_1_467' title='bbox 3207 3366 3350 3434; x_wconf 83' lang='lat' dir='ltr'>Quas</span> <span class='ocrx_word' id='word_1_468' title='bbox 3379 3377 3460 3419; x_wconf 86' lang='lat' dir='ltr'>res</span> <span class='ocrx_word' id='word_1_469' title='bbox 3487 3377 3638 3416; x_wconf 88' lang='lat' dir='ltr'>mens</span> 
     </span>
    </p>
   </div>
   <div class='ocr_carea' id='block_1_60' title="bbox 233 3445 1872 3528">
    <p class='ocr_par' dir='ltr' id='par_1_60' title="bbox 233 3445 1872 3528">
     <span class='ocr_line' id='line_1_61' title="bbox 233 3445 1872 3528; baseline 0.003 -26"><span class='ocrx_word' id='word_1_470' title='bbox 233 3468 391 3510; x_wconf 87' lang='grc' dir='ltr'>σεως</span> <span class='ocrx_word' id='word_1_471' title='bbox 421 3452 548 3504; x_wconf 85' lang='grc' dir='ltr'>τῶν</span> <span class='ocrx_word' id='word_1_472' title='bbox 584 3445 982 3504; x_wconf 86' lang='grc' dir='ltr'>διαλέκτων·</span> <span class='ocrx_word' id='word_1_473' title='bbox 1015 3451 1105 3504; x_wconf 81' lang='grc' dir='ltr'>καὶ</span> <span class='ocrx_word' id='word_1_474' title='bbox 1137 3451 1165 3506; x_wconf 89' lang='grc' dir='ltr'><strong>ὁ</strong></span> <span class='ocrx_word' id='word_1_475' title='bbox 1201 3451 1352 3524; x_wconf 85' lang='grc' dir='ltr'>Περὶ</span> <span class='ocrx_word' id='word_1_476' title='bbox 1384 3458 1600 3528; x_wconf 79' lang='grc' dir='ltr'>φυγῆς</span> <span class='ocrx_word' id='word_1_477' title='bbox 1628 3453 1736 3507; x_wconf 84' lang='grc' dir='ltr'>καὶ</span> <span class='ocrx_word' id='word_1_478' title='bbox 1780 3453 1872 3507; x_wconf 77' lang='grc' dir='ltr'>αἱ·</span> 
     </span>
    </p>
   </div>
   <div class='ocr_carea' id='block_1_61' title="bbox 235 3533 1876 3617">
    <p class='ocr_par' dir='ltr' id='par_1_61' title="bbox 235 3533 1876 3617">
     <span class='ocr_line' id='line_1_62' title="bbox 235 3533 1876 3617; baseline 0.002 -25"><span class='ocrx_word' id='word_1_479' title='bbox 235 3533 504 3610; x_wconf 75' lang='grc' dir='ltr'>ρέσεως·</span> <span class='ocrx_word' id='word_1_480' title='bbox 536 3537 616 3593; x_wconf 83' lang='grc' dir='ltr'>ἔτι</span> <span class='ocrx_word' id='word_1_481' title='bbox 641 3559 702 3594; x_wconf 87' lang='grc' dir='ltr'>τε</span> <span class='ocrx_word' id='word_1_482' title='bbox 731 3539 759 3594; x_wconf 92' lang='lat'>6</span> <span class='ocrx_word' id='word_1_483' title='bbox 793 3539 947 3614; x_wconf 84' lang='grc' dir='ltr'>Περὶ</span> <span class='ocrx_word' id='word_1_484' title='bbox 977 3538 1229 3616; x_wconf 75' lang='grc' dir='ltr'>φύσεως</span> <span class='ocrx_word' id='word_1_485' title='bbox 1263 3539 1370 3595; x_wconf 74' lang='grc' dir='ltr'>οιαὶ</span> <span class='ocrx_word' id='word_1_486' title='bbox 1400 3541 1756 3617; x_wconf 86' lang='grc' dir='ltr'>εὑρέσεως·</span> <span class='ocrx_word' id='word_1_487' title='bbox 1785 3541 1876 3596; x_wconf 84' lang='grc' dir='ltr'>καὶ</span> 
     </span>
    </p>
   </div>
   <div class='ocr_carea' id='block_1_62' title="bbox 237 3619 1876 3705">
    <p class='ocr_par' dir='ltr' id='par_1_62' title="bbox 237 3619 1876 3705">
     <span class='ocr_line' id='line_1_63' title="bbox 237 3619 1876 3705; baseline 0.003 -23"><span class='ocrx_word' id='word_1_488' title='bbox 237 3627 264 3681; x_wconf 89' lang='lat'>6</span> <span class='ocrx_word' id='word_1_489' title='bbox 295 3630 450 3704; x_wconf 85' lang='grc' dir='ltr'>Περὶ</span> <span class='ocrx_word' id='word_1_490' title='bbox 491 3634 612 3699; x_wconf 86' lang='grc' dir='ltr'>τῆς</span> <span class='ocrx_word' id='word_1_491' title='bbox 653 3627 920 3702; x_wconf 82' lang='grc' dir='ltr'>περὶτᾶ</span> <span class='ocrx_word' id='word_1_492' title='bbox 957 3627 1379 3705; x_wconf 82' lang='grc' dir='ltr'>παιδεύματα</span> <span class='ocrx_word' id='word_1_493' title='bbox 1427 3619 1876 3687; x_wconf 60' lang='grc' dir='ltr'>συνόδου·’καὶ</span> 
     </span>
    </p>
   </div>
   <div class='ocr_carea' id='block_1_63' title="bbox 236 3713 1878 3792">
    <p class='ocr_par' dir='ltr' id='par_1_63' title="bbox 236 3713 1878 3792">
     <span class='ocr_line' id='line_1_64' title="bbox 236 3713 1878 3792; baseline 0.003 -20"><span class='ocrx_word' id='word_1_494' title='bbox 236 3713 406 3782; x_wconf 69' lang='grc' dir='ltr'>ἄλλος</span> <span class='ocrx_word' id='word_1_495' title='bbox 437 3718 589 3792; x_wconf 86' lang='grc' dir='ltr'>αύτῷ</span> <span class='ocrx_word' id='word_1_496' title='bbox 619 3719 944 3790; x_wconf 87' lang='grc' dir='ltr'>πεπόνηται,</span> <span class='ocrx_word' id='word_1_497' title='bbox 973 3719 1084 3784; x_wconf 86' lang='grc' dir='ltr'>Τίς</span> <span class='ocrx_word' id='word_1_498' title='bbox 1117 3721 1145 3775; x_wconf 89' lang='lat'>6</span> <span class='ocrx_word' id='word_1_499' title='bbox 1173 3725 1302 3776; x_wconf 82' lang='grc' dir='ltr'>τῶν</span> <span class='ocrx_word' id='word_1_500' title='bbox 1335 3721 1525 3777; x_wconf 87' lang='grc' dir='ltr'>θείων</span> <span class='ocrx_word' id='word_1_501' title='bbox 1555 3719 1694 3776; x_wconf 76' lang='grc' dir='ltr'>ἐστί</span> <span class='ocrx_word' id='word_1_502' title='bbox 1723 3721 1878 3790; x_wconf 85' lang='grc' dir='ltr'>κλη-</span> 
     </span>
    </p>
   </div>
   <div class='ocr_carea' id='block_1_64' title="bbox 235 3807 1874 3884">
    <p class='ocr_par' dir='ltr' id='par_1_64' title="bbox 235 3807 1874 3884">
     <span class='ocr_line' id='line_1_65' title="bbox 235 3807 1874 3884; baseline 0.002 -22"><span class='ocrx_word' id='word_1_503' title='bbox 235 3809 549 3879; x_wconf 80' lang='grc' dir='ltr'>ρονόμος,</span> <span class='ocrx_word' id='word_1_504' title='bbox 581 3809 618 3878; x_wconf 76' lang='grc' dir='ltr'>ἤ</span> <span class='ocrx_word' id='word_1_505' title='bbox 650 3811 898 3884; x_wconf 85' lang='grc' dir='ltr'>περὶτῆς</span> <span class='ocrx_word' id='word_1_506' title='bbox 932 3809 1008 3875; x_wconf 80' lang='grc' dir='ltr'>εἰς</span> <span class='ocrx_word' id='word_1_507' title='bbox 1033 3811 1102 3864; x_wconf 79' lang='grc' dir='ltr'>τὰ</span> <span class='ocrx_word' id='word_1_508' title='bbox 1139 3807 1230 3865; x_wconf 71' lang='grc' dir='ltr'>ἴσα</span> <span class='ocrx_word' id='word_1_509' title='bbox 1277 3811 1364 3866; x_wconf 84' lang='grc' dir='ltr'>καὶ</span> <span class='ocrx_word' id='word_1_510' title='bbox 1409 3809 1617 3866; x_wconf 84' lang='grc' dir='ltr'>ἐναντια</span> <span class='ocrx_word' id='word_1_511' title='bbox 1663 3815 1874 3884; x_wconf 76' lang='grc' dir='ltr'>τομῆς·</span> 
     </span>
    </p>
   </div>
   <div class='ocr_carea' id='block_1_65' title="bbox 234 3895 1850 3976">
    <p class='ocr_par' dir='ltr' id='par_1_65' title="bbox 234 3895 1850 3976">
     <span class='ocr_line' id='line_1_66' title="bbox 234 3895 1850 3976; baseline 0.002 -25"><span class='ocrx_word' id='word_1_512' title='bbox 234 3895 382 3952; x_wconf 87' lang='grc' dir='ltr'>καὶὸ</span> <span class='ocrx_word' id='word_1_513' title='bbox 415 3899 564 3971; x_wconf 88' lang='grc' dir='ltr'>Περί</span> <span class='ocrx_word' id='word_1_514' title='bbox 607 3904 730 3954; x_wconf 86' lang='grc' dir='ltr'>τῶν</span> <span class='ocrx_word' id='word_1_515' title='bbox 774 3903 980 3976; x_wconf 80' lang='grc' dir='ltr'>τριῶν</span> <span class='ocrx_word' id='word_1_516' title='bbox 1018 3903 1272 3974; x_wconf 78' lang='grc' dir='ltr'>ἀρετῶν</span> <span class='ocrx_word' id='word_1_517' title='bbox 1297 3920 1311 3934; x_wconf 76' lang='grc' dir='ltr'><strong>ο</strong></span> <span class='ocrx_word' id='word_1_518' title='bbox 1341 3901 1432 3956; x_wconf 88' lang='grc' dir='ltr'>καὶ</span> <span class='ocrx_word' id='word_1_519' title='bbox 1461 3899 1634 3962; x_wconf 80' lang='grc' dir='ltr'>ἄλλος</span> <span class='ocrx_word' id='word_1_520' title='bbox 1663 3902 1691 3956; x_wconf 89' lang='lat'>6</span> <span class='ocrx_word' id='word_1_521' title='bbox 1719 3905 1850 3956; x_wconf 89' lang='grc' dir='ltr'>Τῶν</span> 
     </span>
    </p>
   </div>
   <div class='ocr_carea' id='block_1_66' title="bbox 239 3989 1875 4065">
    <p class='ocr_par' dir='ltr' id='par_1_66' title="bbox 239 3989 1875 4065">
     <span class='ocr_line' id='line_1_67' title="bbox 239 3989 1875 4065; baseline 0.003 -25"><span class='ocrx_word' id='word_1_522' title='bbox 239 4006 476 4056; x_wconf 89' lang='grc' dir='ltr'>μετονο</span> <span class='ocrx_word' id='word_1_523' title='bbox 494 3993 660 4060; x_wconf 84' lang='grc' dir='ltr'>μαζο</span> <span class='ocrx_word' id='word_1_524' title='bbox 677 3989 910 4061; x_wconf 83' lang='grc' dir='ltr'>μένων,</span> <span class='ocrx_word' id='word_1_525' title='bbox 941 3989 1032 4046; x_wconf 85' lang='grc' dir='ltr'>καὶ</span> <span class='ocrx_word' id='word_1_526' title='bbox 1063 3993 1136 4048; x_wconf 84' lang='grc' dir='ltr'>ὧν</span> <span class='ocrx_word' id='word_1_527' title='bbox 1180 3989 1339 4046; x_wconf 76' lang='grc' dir='ltr'>ἓνεκα</span> <span class='ocrx_word' id='word_1_528' title='bbox 1380 3990 1836 4065; x_wconf 85' lang='grc' dir='ltr'>μετονομάζονται</span> <span class='ocrx_word' id='word_1_529' title='bbox 1861 4008 1875 4021; x_wconf 94' lang='grc'>·</span> 
     </span>
    </p>
   </div>
   <div class='ocr_carea' id='block_1_67' title="bbox 237 4071 1880 4156">
    <p class='ocr_par' dir='ltr' id='par_1_67' title="bbox 237 4071 1880 4156">
     <span class='ocr_line' id='line_1_68' title="bbox 237 4071 1880 4156; baseline 0.004 -27"><span class='ocrx_word' id='word_1_530' title='bbox 237 4071 291 4128; x_wconf 76' lang='grc' dir='ltr'>ἐν</span> <span class='ocrx_word' id='word_1_531' title='bbox 319 4076 364 4148; x_wconf 85' lang='grc' dir='ltr'>ᾦ</span> <span class='ocrx_word' id='word_1_532' title='bbox 394 4077 486 4132; x_wconf 83' lang='grc' dir='ltr'>καὶ</span> <span class='ocrx_word' id='word_1_533' title='bbox 531 4077 685 4151; x_wconf 79' lang='grc' dir='ltr'>Περὶ</span> <span class='ocrx_word' id='word_1_534' title='bbox 731 4080 1077 4150; x_wconf 86' lang='grc' dir='ltr'>Διαθηκῶν</span> <span class='ocrx_word' id='word_1_535' title='bbox 1120 4080 1269 4156; x_wconf 82' lang='grc' dir='ltr'>λέγει</span> <span class='ocrx_word' id='word_1_536' title='bbox 1303 4081 1679 4155; x_wconf 73' lang='grc' dir='ltr'>συντεταχέναι</span> <span class='ocrx_word' id='word_1_537' title='bbox 1728 4085 1880 4154; x_wconf 85' lang='grc' dir='ltr'>πρῶ-</span> 
     </span>
    </p>
   </div>
   <div class='ocr_carea' id='block_1_68' title="bbox 234 4163 1880 4242">
    <p class='ocr_par' dir='ltr' id='par_1_68' title="bbox 234 4163 1880 4242">
     <span class='ocr_line' id='line_1_69' title="bbox 234 4163 1880 4242; baseline 0.005 -26"><span class='ocrx_word' id='word_1_538' title='bbox 234 4182 323 4217; x_wconf 89' lang='grc' dir='ltr'>τον</span> <span class='ocrx_word' id='word_1_539' title='bbox 351 4166 444 4220; x_wconf 80' lang='grc' dir='ltr'>καὶ</span> <span class='ocrx_word' id='word_1_540' title='bbox 477 4163 758 4242; x_wconf 82' lang='grc' dir='ltr'>δεύτερον·</span> <span class='ocrx_word' id='word_1_541' title='bbox 791 4167 882 4222; x_wconf 86' lang='grc' dir='ltr'>καὶ</span> <span class='ocrx_word' id='word_1_542' title='bbox 929 4169 1086 4240; x_wconf 79' lang='grc' dir='ltr'>Περὶ</span> <span class='ocrx_word' id='word_1_543' title='bbox 1152 4168 1476 4232; x_wconf 80' lang='grc' dir='ltr'>ἀποικίας</span> <span class='ocrx_word' id='word_1_544' title='bbox 1509 4167 1565 4224; x_wconf 78' lang='grc' dir='ltr'>δέ</span> <span class='ocrx_word' id='word_1_545' title='bbox 1594 4170 1746 4242; x_wconf 79' lang='grc' dir='ltr'>αὐτῷ</span> <span class='ocrx_word' id='word_1_546' title='bbox 1774 4169 1880 4224; x_wconf 82' lang='grc' dir='ltr'>καὶ</span> 
     </span>
    </p>
   </div>
   <div class='ocr_carea' id='block_1_69' title="bbox 241 4251 1876 4332">
    <p class='ocr_par' dir='ltr' id='par_1_69' title="bbox 241 4251 1876 4332">
     <span class='ocr_line' id='line_1_70' title="bbox 241 4251 1876 4332; baseline 0.005 -27"><span class='ocrx_word' id='word_1_547' title='bbox 241 4251 384 4322; x_wconf 87' lang='grc' dir='ltr'>βίου</span> <span class='ocrx_word' id='word_1_548' title='bbox 433 4255 642 4332; x_wconf 75' lang='grc' dir='ltr'>σοφοῦ</span> <span class='ocrx_word' id='word_1_549' title='bbox 685 4252 870 4330; x_wconf 74' lang='grc' dir='ltr'>ἕτερος</span> <span class='ocrx_word' id='word_1_550' title='bbox 919 4255 1260 4328; x_wconf 79' lang='grc' dir='ltr'>ἐσπουδάσθη</span> <span class='ocrx_word' id='word_1_551' title='bbox 1318 4256 1520 4331; x_wconf 81' lang='grc' dir='ltr'>λόγος·</span> <span class='ocrx_word' id='word_1_552' title='bbox 1571 4257 1661 4312; x_wconf 83' lang='grc' dir='ltr'>καὶ</span> <span class='ocrx_word' id='word_1_553' title='bbox 1715 4259 1876 4332; x_wconf 84' lang='grc' dir='ltr'>Περὶ</span> 
     </span>
    </p>
   </div>
   <div class='ocr_carea' id='block_1_70' title="bbox 239 4341 1885 4420">
    <p class='ocr_par' dir='ltr' id='par_1_70' title="bbox 239 4341 1885 4420">
     <span class='ocr_line' id='line_1_71' title="bbox 239 4341 1885 4420; baseline -0.007 -8"><span class='ocrx_word' id='word_1_554' title='bbox 239 4343 573 4418; x_wconf 76' lang='grc' dir='ltr'>γιγάντων</span> <span class='ocrx_word' id='word_1_555' title='bbox 606 4341 812 4406; x_wconf 68' lang='grc' dir='ltr'>ἄλλος·</span> <span class='ocrx_word' id='word_1_556' title='bbox 865 4345 1021 4420; x_wconf 83' lang='grc' dir='ltr'>Περί</span> <span class='ocrx_word' id='word_1_557' title='bbox 1059 4367 1127 4402; x_wconf 88' lang='grc' dir='ltr'>τε</span> <span class='ocrx_word' id='word_1_558' title='bbox 1153 4351 1267 4402; x_wconf 83' lang='grc' dir='ltr'>τοῦ</span> <span class='ocrx_word' id='word_1_559' title='bbox 1295 4347 1458 4402; x_wconf 86' lang='grc' dir='ltr'>κατὰ</span> <span class='ocrx_word' id='word_1_560' title='bbox 1488 4347 1721 4403; x_wconf 86' lang='grc' dir='ltr'>Μιυσέα</span> <span class='ocrx_word' id='word_1_561' title='bbox 1753 4350 1885 4402; x_wconf 89' lang='grc' dir='ltr'>θεο-</span> 
     </span>
    </p>
   </div>
   <div class='ocr_carea' id='block_1_71' title="bbox 238 4428 1881 4512">
    <p class='ocr_par' dir='ltr' id='par_1_71' title="bbox 238 4428 1881 4512">
     <span class='ocr_line' id='line_1_72' title="bbox 238 4428 1881 4512; baseline 0.004 -29"><span class='ocrx_word' id='word_1_562' title='bbox 238 4428 584 4502; x_wconf 82' lang='grc' dir='ltr'>πέμπτους</span> <span class='ocrx_word' id='word_1_563' title='bbox 617 4433 968 4496; x_wconf 80' lang='grc' dir='ltr'>εἶναιτοὺς</span> <span class='ocrx_word' id='word_1_564' title='bbox 1000 4435 1306 4509; x_wconf 84' lang='grc' dir='ltr'>ὀνείρους</span> <span class='ocrx_word' id='word_1_565' title='bbox 1341 4443 1578 4508; x_wconf 85' lang='grc' dir='ltr'>πρῶτος,</span> <span class='ocrx_word' id='word_1_566' title='bbox 1613 4433 1881 4512; x_wconf 80' lang='grc' dir='ltr'>δεύτερος,</span> 
     </span>
    </p>
   </div>
   <div class='ocr_carea' id='block_1_72' title="bbox 241 4517 1880 4600">
    <p class='ocr_par' dir='ltr' id='par_1_72' title="bbox 241 4517 1880 4600">
     <span class='ocr_line' id='line_1_73' title="bbox 241 4517 1880 4600; baseline 0.005 -28"><span class='ocrx_word' id='word_1_567' title='bbox 241 4517 443 4592; x_wconf 86' lang='grc' dir='ltr'>τρίτος,</span> <span class='ocrx_word' id='word_1_568' title='bbox 502 4521 787 4596; x_wconf 78' lang='grc' dir='ltr'>τέταρτος,</span> <span class='ocrx_word' id='word_1_569' title='bbox 846 4523 1114 4598; x_wconf 82' lang='grc' dir='ltr'>πέμπτος.</span> <span class='ocrx_word' id='word_1_570' title='bbox 1176 4526 1273 4580; x_wconf 79' lang='grc' dir='ltr'>Καὶ</span> <span class='ocrx_word' id='word_1_571' title='bbox 1330 4530 1438 4580; x_wconf 88' lang='grc' dir='ltr'>τῶν</span> <span class='ocrx_word' id='word_1_572' title='bbox 1495 4526 1590 4600; x_wconf 72' lang='grc' dir='ltr'>μὲν</span> <span class='ocrx_word' id='word_1_573' title='bbox 1650 4525 1725 4588; x_wconf 88' lang='grc' dir='ltr'>εἷς</span> <span class='ocrx_word' id='word_1_574' title='bbox 1783 4529 1880 4596; x_wconf 74' lang='grc' dir='ltr'>τὴν</span> 
     </span>
    </p>
   </div>
   <div class='ocr_carea' id='block_1_73' title="bbox 239 4609 1880 4686">
    <p class='ocr_par' dir='ltr' id='par_1_73' title="bbox 239 4609 1880 4686">
     <span class='ocr_line' id='line_1_74' title="bbox 239 4609 1880 4686; baseline 0.006 -26"><span class='ocrx_word' id='word_1_575' title='bbox 239 4609 441 4666; x_wconf 83' lang='grc' dir='ltr'>Γένεσιν</span> <span class='ocrx_word' id='word_1_576' title='bbox 523 4611 601 4676; x_wconf 75' lang='grc' dir='ltr'>εἷς</span> <span class='ocrx_word' id='word_1_577' title='bbox 661 4614 808 4686; x_wconf 81' lang='grc' dir='ltr'>ἡμᾶς</span> <span class='ocrx_word' id='word_1_578' title='bbox 876 4611 1145 4671; x_wconf 77' lang='grc' dir='ltr'>ἐλθόντων</span> <span class='ocrx_word' id='word_1_579' title='bbox 1193 4620 1426 4670; x_wconf 83' lang='grc' dir='ltr'>τοσαῦτα</span> <span class='ocrx_word' id='word_1_580' title='bbox 1462 4635 1474 4648; x_wconf 92' lang='grc'>·</span> <span class='ocrx_word' id='word_1_581' title='bbox 1533 4617 1612 4678; x_wconf 67' lang='grc' dir='ltr'>εἲς</span> <span class='ocrx_word' id='word_1_582' title='bbox 1671 4613 1730 4670; x_wconf 78' lang='grc' dir='ltr'>δὲ</span> <span class='ocrx_word' id='word_1_583' title='bbox 1782 4618 1880 4685; x_wconf 75' lang='grc' dir='ltr'>τὴν</span> 
     </span>
    </p>
   </div>
   <div class='ocr_carea' id='block_1_74' title="bbox 242 4696 1878 4780">
    <p class='ocr_par' dir='ltr' id='par_1_74' title="bbox 242 4696 1878 4780">
     <span class='ocr_line' id='line_1_75' title="bbox 242 4696 1878 4780; baseline 0.004 -27"><span class='ocrx_word' id='word_1_584' title='bbox 242 4696 462 4768; x_wconf 83' lang='grc' dir='ltr'>’Ἐξοδον</span> <span class='ocrx_word' id='word_1_585' title='bbox 542 4703 878 4774; x_wconf 78' lang='grc' dir='ltr'>ζητημάτων</span> <span class='ocrx_word' id='word_1_586' title='bbox 955 4704 1045 4760; x_wconf 85' lang='grc' dir='ltr'>καὶ</span> <span class='ocrx_word' id='word_1_587' title='bbox 1113 4703 1320 4760; x_wconf 83' lang='grc' dir='ltr'>λύσεων</span> <span class='ocrx_word' id='word_1_588' title='bbox 1375 4705 1535 4761; x_wconf 87' lang='grc' dir='ltr'>πέντε</span> <span class='ocrx_word' id='word_1_589' title='bbox 1603 4701 1878 4780; x_wconf 78' lang='grc' dir='ltr'>ἔγνωμεν·</span> 
     </span>
    </p>
   </div>
   <div class='ocr_carea' id='block_1_75' title="bbox 1986 3453 3638 3530">
    <p class='ocr_par' dir='ltr' id='par_1_75' title="bbox 1986 3453 3638 3530">
     <span class='ocr_line' id='line_1_76' title="bbox 1986 3453 3638 3530; baseline -0.005 -16"><span class='ocrx_word' id='word_1_590' title='bbox 1986 3460 2176 3516; x_wconf 84' lang='lat' dir='ltr'>sobria</span> <span class='ocrx_word' id='word_1_591' title='bbox 2203 3475 2299 3529; x_wconf 84' lang='lat' dir='ltr'>per</span> <span class='ocrx_word' id='word_1_592' title='bbox 2335 3461 2648 3516; x_wconf 87' lang='lat' dir='ltr'>orationem</span> <span class='ocrx_word' id='word_1_593' title='bbox 2697 3459 2778 3515; x_wconf 86' lang='lat' dir='ltr'>vel</span> <span class='ocrx_word' id='word_1_594' title='bbox 2827 3461 3100 3530; x_wconf 78' lang='lat' dir='ltr'>precetur,</span> <span class='ocrx_word' id='word_1_595' title='bbox 3148 3455 3228 3511; x_wconf 85' lang='lat' dir='ltr'>vel</span> <span class='ocrx_word' id='word_1_596' title='bbox 3275 3453 3638 3524; x_wconf 85' lang='lat' dir='ltr'>deprecetur,-</span> 
     </span>
    </p>
   </div>
   <div class='ocr_carea' id='block_1_76' title="bbox 1985 3539 3642 3619">
    <p class='ocr_par' dir='ltr' id='par_1_76' title="bbox 1985 3539 3642 3619">
     <span class='ocr_line' id='line_1_77' title="bbox 1985 3539 3642 3619; baseline -0.007 -14"><span class='ocrx_word' id='word_1_597' title='bbox 1985 3551 2122 3612; x_wconf 80' lang='lat' dir='ltr'>item</span> <span class='ocrx_word' id='word_1_598' title='bbox 2155 3551 2232 3604; x_wconf 88' lang='lat' dir='ltr'>De</span> <span class='ocrx_word' id='word_1_599' title='bbox 2273 3549 2598 3618; x_wconf 78' lang='lat' dir='ltr'>linguarum</span> <span class='ocrx_word' id='word_1_600' title='bbox 2641 3549 2961 3619; x_wconf 70' lang='lat' dir='ltr'>con/mione</span> <span class='ocrx_word' id='word_1_601' title='bbox 2989 3565 3012 3612; x_wconf 88' lang='lat'><em>;</em></span> <span class='ocrx_word' id='word_1_602' title='bbox 3046 3548 3118 3601; x_wconf 89' lang='lat' dir='ltr'>De</span> <span class='ocrx_word' id='word_1_603' title='bbox 3147 3544 3302 3601; x_wconf 83' lang='lat' dir='ltr'>rebus</span> <span class='ocrx_word' id='word_1_604' title='bbox 3331 3539 3642 3612; x_wconf 77' lang='lat' dir='ltr'>expetendis</span> 
     </span>
    </p>
   </div>
   <div class='ocr_carea' id='block_1_77' title="bbox 1983 3635 3642 3708">
    <p class='ocr_par' dir='ltr' id='par_1_77' title="bbox 1983 3635 3642 3708">
     <span class='ocr_line' id='line_1_78' title="bbox 1983 3635 3642 3708; baseline -0.007 -14"><span class='ocrx_word' id='word_1_605' title='bbox 1983 3644 2035 3694; x_wconf 88' lang='lat' dir='ltr'>et</span> <span class='ocrx_word' id='word_1_606' title='bbox 2061 3635 2378 3708; x_wconf 80' lang='lat' dir='ltr'>fugiendis;</span> <span class='ocrx_word' id='word_1_607' title='bbox 2414 3639 2489 3692; x_wconf 89' lang='lat' dir='ltr'>De</span> <span class='ocrx_word' id='word_1_608' title='bbox 2511 3642 2716 3692; x_wconf 83' lang='lat' dir='ltr'>natura</span> <span class='ocrx_word' id='word_1_609' title='bbox 2754 3642 2808 3692; x_wconf 86' lang='lat' dir='ltr'>et</span> <span class='ocrx_word' id='word_1_610' title='bbox 2852 3637 3163 3692; x_wconf 79' lang='lat' dir='ltr'>inventione</span> <span class='ocrx_word' id='word_1_611' title='bbox 3189 3651 3213 3698; x_wconf 86' lang='lat'><strong><em>;</em></strong></span> <span class='ocrx_word' id='word_1_612' title='bbox 3242 3635 3322 3688; x_wconf 88' lang='lat' dir='ltr'>De</span> <span class='ocrx_word' id='word_1_613' title='bbox 3356 3644 3642 3701; x_wconf 81' lang='lat' dir='ltr'>congressu</span> 
     </span>
    </p>
   </div>
   <div class='ocr_carea' id='block_1_78' title="bbox 1985 3717 3636 3798">
    <p class='ocr_par' dir='ltr' id='par_1_78' title="bbox 1985 3717 3636 3798">
     <span class='ocr_line' id='line_1_79' title="bbox 1985 3717 3636 3798; baseline -0.005 -17"><span class='ocrx_word' id='word_1_614' title='bbox 1985 3725 2306 3798; x_wconf 66' lang='lat' dir='ltr'>quaerundae</span> <span class='ocrx_word' id='word_1_615' title='bbox 2334 3726 2659 3782; x_wconf 86' lang='lat' dir='ltr'>eruditionis</span> <span class='ocrx_word' id='word_1_616' title='bbox 2687 3727 2896 3796; x_wconf 81' lang='lat' dir='ltr'>gratia.</span> <span class='ocrx_word' id='word_1_617' title='bbox 2933 3723 3094 3780; x_wconf 79' lang='lat' dir='ltr'>Alius</span> <span class='ocrx_word' id='word_1_618' title='bbox 3144 3724 3423 3794; x_wconf 68' lang='lat' dir='ltr'>preterea</span> <span class='ocrx_word' id='word_1_619' title='bbox 3469 3717 3636 3779; x_wconf 86' lang='lat' dir='ltr'>liber,</span> 
     </span>
    </p>
   </div>
   <div class='ocr_carea' id='block_1_79' title="bbox 1989 3804 3638 3882">
    <p class='ocr_par' dir='ltr' id='par_1_79' title="bbox 1989 3804 3638 3882">
     <span class='ocr_line' id='line_1_80' title="bbox 1989 3804 3638 3882; baseline -0.007 -14"><span class='ocrx_word' id='word_1_620' title='bbox 1989 3813 2116 3882; x_wconf 83' lang='lat' dir='ltr'>Quis</span> <span class='ocrx_word' id='word_1_621' title='bbox 2143 3813 2214 3868; x_wconf 91' lang='lat' dir='ltr'>sit</span> <span class='ocrx_word' id='word_1_622' title='bbox 2255 3829 2442 3868; x_wconf 83' lang='lat' dir='ltr'>rerum</span> <span class='ocrx_word' id='word_1_623' title='bbox 2499 3811 2820 3867; x_wconf 81' lang='lat' dir='ltr'>divinarum</span> <span class='ocrx_word' id='word_1_624' title='bbox 2869 3809 3038 3866; x_wconf 66' lang='lat' dir='ltr'>haeres</span> <span class='ocrx_word' id='word_1_625' title='bbox 3089 3807 3171 3864; x_wconf 79' lang='lat' dir='ltr'>vel</span> <span class='ocrx_word' id='word_1_626' title='bbox 3215 3807 3287 3862; x_wconf 93' lang='lat' dir='ltr'>de</span> <span class='ocrx_word' id='word_1_627' title='bbox 3315 3821 3382 3862; x_wconf 87' lang='lat' dir='ltr'>ea</span> <span class='ocrx_word' id='word_1_628' title='bbox 3412 3821 3539 3878; x_wconf 67' lang='lat' dir='ltr'>quae</span> <span class='ocrx_word' id='word_1_629' title='bbox 3569 3804 3638 3858; x_wconf 79' lang='lat' dir='ltr'>fit</span> 
     </span>
    </p>
   </div>
   <div class='ocr_carea' id='block_1_80' title="bbox 1988 3894 3637 3974">
    <p class='ocr_par' dir='ltr' id='par_1_80' title="bbox 1988 3894 3637 3974">
     <span class='ocr_line' id='line_1_81' title="bbox 1988 3894 3637 3974; baseline -0.007 -15"><span class='ocrx_word' id='word_1_630' title='bbox 1988 3903 2047 3960; x_wconf 89' lang='lat' dir='ltr'>in</span> <span class='ocrx_word' id='word_1_631' title='bbox 2072 3903 2319 3974; x_wconf 83' lang='lat' dir='ltr'>aequalia</span> <span class='ocrx_word' id='word_1_632' title='bbox 2354 3905 2456 3958; x_wconf 87' lang='lat' dir='ltr'>aut</span> <span class='ocrx_word' id='word_1_633' title='bbox 2486 3899 2791 3973; x_wconf 64' lang='lat' dir='ltr'>inaequalia</span> <span class='ocrx_word' id='word_1_634' title='bbox 2819 3901 3070 3956; x_wconf 89' lang='lat' dir='ltr'>sectione</span> <span class='ocrx_word' id='word_1_635' title='bbox 3101 3920 3116 3968; x_wconf 85' lang='lat'><strong>;</strong></span> <span class='ocrx_word' id='word_1_636' title='bbox 3158 3899 3319 3966; x_wconf 88' lang='lat' dir='ltr'>item,</span> <span class='ocrx_word' id='word_1_637' title='bbox 3349 3898 3426 3952; x_wconf 87' lang='lat' dir='ltr'>De</span> <span class='ocrx_word' id='word_1_638' title='bbox 3460 3894 3637 3949; x_wconf 86' lang='lat' dir='ltr'>tribus</span> 
     </span>
    </p>
   </div>
   <div class='ocr_carea' id='block_1_81' title="bbox 1991 3985 3637 4062">
    <p class='ocr_par' dir='ltr' id='par_1_81' title="bbox 1991 3985 3637 4062">
     <span class='ocr_line' id='line_1_82' title="bbox 1991 3985 3637 4062; baseline -0.006 -15"><span class='ocrx_word' id='word_1_639' title='bbox 1991 3991 2320 4058; x_wconf 84' lang='lat' dir='ltr'>virtutibus;</span> <span class='ocrx_word' id='word_1_640' title='bbox 2354 3991 2491 4046; x_wconf 89' lang='lat' dir='ltr'>item</span> <span class='ocrx_word' id='word_1_641' title='bbox 2521 3991 2594 4046; x_wconf 86' lang='lat' dir='ltr'>De</span> <span class='ocrx_word' id='word_1_642' title='bbox 2621 3991 2692 4047; x_wconf 78' lang='lat' dir='ltr'>iis</span> <span class='ocrx_word' id='word_1_643' title='bbox 2723 4006 2953 4062; x_wconf 81' lang='lat' dir='ltr'>quorum</span> <span class='ocrx_word' id='word_1_644' title='bbox 2984 3994 3276 4044; x_wconf 86' lang='lat' dir='ltr'>mutantur</span> <span class='ocrx_word' id='word_1_645' title='bbox 3301 3985 3546 4052; x_wconf 87' lang='lat' dir='ltr'>nomina,</span> <span class='ocrx_word' id='word_1_646' title='bbox 3579 3985 3637 4038; x_wconf 85' lang='lat' dir='ltr'>et</span> 
     </span>
    </p>
   </div>
   <div class='ocr_carea' id='block_1_82' title="bbox 1990 4081 3638 4153">
    <p class='ocr_par' dir='ltr' id='par_1_82' title="bbox 1990 4081 3638 4153">
     <span class='ocr_line' id='line_1_83' title="bbox 1990 4081 3638 4153; baseline -0.006 -17"><span class='ocrx_word' id='word_1_647' title='bbox 1990 4081 2203 4153; x_wconf 90' lang='lat' dir='ltr'>quibus</span> <span class='ocrx_word' id='word_1_648' title='bbox 2259 4098 2327 4138; x_wconf 79' lang='lat' dir='ltr'>ex</span> <span class='ocrx_word' id='word_1_649' title='bbox 2380 4081 2568 4138; x_wconf 85' lang='lat' dir='ltr'>causis</span> <span class='ocrx_word' id='word_1_650' title='bbox 2623 4084 2962 4136; x_wconf 85' lang='lat' dir='ltr'>mutantur:</span> <span class='ocrx_word' id='word_1_651' title='bbox 3032 4081 3092 4134; x_wconf 93' lang='lat' dir='ltr'>in</span> <span class='ocrx_word' id='word_1_652' title='bbox 3144 4093 3260 4149; x_wconf 91' lang='lat' dir='ltr'>quo</span> <span class='ocrx_word' id='word_1_653' title='bbox 3309 4091 3371 4132; x_wconf 89' lang='lat' dir='ltr'>se</span> <span class='ocrx_word' id='word_1_654' title='bbox 3409 4089 3638 4145; x_wconf 85' lang='lat' dir='ltr'>quoque</span> 
     </span>
    </p>
   </div>
   <div class='ocr_carea' id='block_1_83' title="bbox 1993 4161 3642 4242">
    <p class='ocr_par' dir='ltr' id='par_1_83' title="bbox 1993 4161 3642 4242">
     <span class='ocr_line' id='line_1_84' title="bbox 1993 4161 3642 4242; baseline -0.005 -16"><span class='ocrx_word' id='word_1_655' title='bbox 1993 4170 2296 4242; x_wconf 88' lang='lat' dir='ltr'>scripsisse</span> <span class='ocrx_word' id='word_1_656' title='bbox 2326 4171 2392 4226; x_wconf 89' lang='lat' dir='ltr'>de</span> <span class='ocrx_word' id='word_1_657' title='bbox 2442 4171 2790 4226; x_wconf 84' lang='lat' dir='ltr'>Testamentis</span> <span class='ocrx_word' id='word_1_658' title='bbox 2841 4169 3092 4240; x_wconf 88' lang='lat' dir='ltr'>primum</span> <span class='ocrx_word' id='word_1_659' title='bbox 3132 4171 3190 4223; x_wconf 90' lang='lat' dir='ltr'>et</span> <span class='ocrx_word' id='word_1_660' title='bbox 3218 4164 3541 4223; x_wconf 88' lang='lat' dir='ltr'>secundum</span> <span class='ocrx_word' id='word_1_661' title='bbox 3571 4161 3642 4217; x_wconf 88' lang='lat' dir='ltr'>li-</span> 
     </span>
    </p>
   </div>
   <div class='ocr_carea' id='block_1_84' title="bbox 1993 4257 3645 4332">
    <p class='ocr_par' dir='ltr' id='par_1_84' title="bbox 1993 4257 3645 4332">
     <span class='ocr_line' id='line_1_85' title="bbox 1993 4257 3645 4332; baseline -0.006 -16"><span class='ocrx_word' id='word_1_662' title='bbox 1993 4261 2160 4316; x_wconf 86' lang='lat' dir='ltr'>brum</span> <span class='ocrx_word' id='word_1_663' title='bbox 2195 4265 2456 4317; x_wconf 86' lang='lat' dir='ltr'>testatur.</span> <span class='ocrx_word' id='word_1_664' title='bbox 2489 4260 2826 4332; x_wconf 87' lang='lat' dir='ltr'>Composuit</span> <span class='ocrx_word' id='word_1_665' title='bbox 2869 4259 3044 4315; x_wconf 89' lang='lat' dir='ltr'>etiam</span> <span class='ocrx_word' id='word_1_666' title='bbox 3073 4257 3290 4314; x_wconf 88' lang='lat' dir='ltr'>librum</span> <span class='ocrx_word' id='word_1_667' title='bbox 3322 4258 3399 4311; x_wconf 86' lang='lat' dir='ltr'>De</span> <span class='ocrx_word' id='word_1_668' title='bbox 3428 4267 3645 4310; x_wconf 81' lang='lat' dir='ltr'>secessu</span> 
     </span>
    </p>
   </div>
   <div class='ocr_carea' id='block_1_85' title="bbox 1990 4347 3643 4422">
    <p class='ocr_par' dir='ltr' id='par_1_85' title="bbox 1990 4347 3643 4422">
     <span class='ocr_line' id='line_1_86' title="bbox 1990 4347 3643 4422; baseline -0.004 -17"><span class='ocrx_word' id='word_1_669' title='bbox 1990 4352 2040 4405; x_wconf 88' lang='lat' dir='ltr'>et</span> <span class='ocrx_word' id='word_1_670' title='bbox 2070 4348 2185 4405; x_wconf 83' lang='lat' dir='ltr'>vita</span> <span class='ocrx_word' id='word_1_671' title='bbox 2213 4350 2520 4422; x_wconf 82' lang='lat' dir='ltr'>sapientis,-</span> <span class='ocrx_word' id='word_1_672' title='bbox 2550 4349 2731 4406; x_wconf 87' lang='lat' dir='ltr'>alium</span> <span class='ocrx_word' id='word_1_673' title='bbox 2760 4365 2992 4421; x_wconf 90' lang='lat' dir='ltr'>quoque</span> <span class='ocrx_word' id='word_1_674' title='bbox 3023 4349 3094 4404; x_wconf 87' lang='lat' dir='ltr'>De</span> <span class='ocrx_word' id='word_1_675' title='bbox 3120 4347 3453 4418; x_wconf 79' lang='lat' dir='ltr'>gigantibus.</span> <span class='ocrx_word' id='word_1_676' title='bbox 3488 4347 3566 4400; x_wconf 87' lang='lat' dir='ltr'>De</span> <span class='ocrx_word' id='word_1_677' title='bbox 3585 4358 3643 4398; x_wconf 89' lang='lat' dir='ltr'>eo</span> 
     </span>
    </p>
   </div>
   <div class='ocr_carea' id='block_1_86' title="bbox 1992 4435 3636 4511">
    <p class='ocr_par' dir='ltr' id='par_1_86' title="bbox 1992 4435 3636 4511">
     <span class='ocr_line' id='line_1_87' title="bbox 1992 4435 3636 4511; baseline -0.005 -18"><span class='ocrx_word' id='word_1_678' title='bbox 1992 4439 2151 4510; x_wconf 80' lang='lat' dir='ltr'>quod,</span> <span class='ocrx_word' id='word_1_679' title='bbox 2183 4448 2242 4494; x_wconf 86' lang='lat' dir='ltr'>ut</span> <span class='ocrx_word' id='word_1_680' title='bbox 2272 4446 2349 4495; x_wconf 86' lang='lat' dir='ltr'>est</span> <span class='ocrx_word' id='word_1_681' title='bbox 2369 4439 2515 4511; x_wconf 83' lang='lat' dir='ltr'>apud</span> <span class='ocrx_word' id='word_1_682' title='bbox 2536 4439 3000 4506; x_wconf 83' lang='lat' dir='ltr'>Mosem,somnia</span> <span class='ocrx_word' id='word_1_683' title='bbox 3031 4435 3290 4491; x_wconf 81' lang='lat' dir='ltr'>divinitus</span> <span class='ocrx_word' id='word_1_684' title='bbox 3321 4435 3636 4490; x_wconf 80' lang='lat' dir='ltr'>immittun-</span> 
     </span>
    </p>
   </div>
   <div class='ocr_carea' id='block_1_87' title="bbox 1993 4527 3634 4599">
    <p class='ocr_par' dir='ltr' id='par_1_87' title="bbox 1993 4527 3634 4599">
     <span class='ocr_line' id='line_1_88' title="bbox 1993 4527 3634 4599; baseline -0.005 -17"><span class='ocrx_word' id='word_1_685' title='bbox 1993 4532 2106 4597; x_wconf 89' lang='lat' dir='ltr'>tur,</span> <span class='ocrx_word' id='word_1_686' title='bbox 2136 4527 2314 4584; x_wconf 88' lang='lat' dir='ltr'>lihros</span> <span class='ocrx_word' id='word_1_687' title='bbox 2345 4528 2620 4599; x_wconf 88' lang='lat' dir='ltr'>quinque.</span> <span class='ocrx_word' id='word_1_688' title='bbox 2653 4530 2840 4599; x_wconf 89' lang='lat' dir='ltr'>Atque</span> <span class='ocrx_word' id='word_1_689' title='bbox 2869 4527 2990 4582; x_wconf 66' lang='lat' dir='ltr'>hinc</span> <span class='ocrx_word' id='word_1_690' title='bbox 3019 4527 3284 4596; x_wconf 87' lang='lat' dir='ltr'>equidem</span> <span class='ocrx_word' id='word_1_691' title='bbox 3317 4528 3473 4590; x_wconf 83' lang='lat' dir='ltr'>sunt,</span> <span class='ocrx_word' id='word_1_692' title='bbox 3508 4537 3634 4592; x_wconf 68' lang='lat' dir='ltr'>quae</span> 
     </span>
    </p>
   </div>
   <div class='ocr_carea' id='block_1_88' title="bbox 1993 4610 3634 4688">
    <p class='ocr_par' dir='ltr' id='par_1_88' title="bbox 1993 4610 3634 4688">
     <span class='ocr_line' id='line_1_89' title="bbox 1993 4610 3634 4688; baseline -0.004 -18"><span class='ocrx_word' id='word_1_693' title='bbox 1993 4614 2053 4672; x_wconf 89' lang='lat' dir='ltr'>iu</span> <span class='ocrx_word' id='word_1_694' title='bbox 2085 4616 2354 4672; x_wconf 87' lang='lat' dir='ltr'>Genesim</span> <span class='ocrx_word' id='word_1_695' title='bbox 2385 4616 2460 4672; x_wconf 89' lang='lat' dir='ltr'>ab</span> <span class='ocrx_word' id='word_1_696' title='bbox 2507 4632 2574 4673; x_wconf 89' lang='lat' dir='ltr'>eo</span> <span class='ocrx_word' id='word_1_697' title='bbox 2616 4617 2856 4688; x_wconf 89' lang='lat' dir='ltr'>scripta,</span> <span class='ocrx_word' id='word_1_698' title='bbox 2883 4617 2954 4672; x_wconf 87' lang='lat' dir='ltr'>ad</span> <span class='ocrx_word' id='word_1_699' title='bbox 2996 4633 3102 4670; x_wconf 89' lang='lat' dir='ltr'>nos</span> <span class='ocrx_word' id='word_1_700' title='bbox 3133 4613 3539 4685; x_wconf 88' lang='lat' dir='ltr'>pervenerunt.</span> <span class='ocrx_word' id='word_1_701' title='bbox 3571 4610 3634 4664; x_wconf 89' lang='lat' dir='ltr'><strong>In</strong></span> 
     </span>
    </p>
   </div>
   <div class='ocr_carea' id='block_1_89' title="bbox 1994 4698 3640 4776">
    <p class='ocr_par' dir='ltr' id='par_1_89' title="bbox 1994 4698 3640 4776">
     <span class='ocr_line' id='line_1_90' title="bbox 1994 4698 3640 4776; baseline -0.005 -16"><span class='ocrx_word' id='word_1_702' title='bbox 1994 4704 2250 4762; x_wconf 80' lang='lat' dir='ltr'>Exodum</span> <span class='ocrx_word' id='word_1_703' title='bbox 2282 4721 2414 4762; x_wconf 79' lang='lat' dir='ltr'>vero</span> <span class='ocrx_word' id='word_1_704' title='bbox 2445 4705 2836 4776; x_wconf 58' lang='lat' dir='ltr'>quaestionum</span> <span class='ocrx_word' id='word_1_705' title='bbox 2874 4704 3354 4772; x_wconf 83' lang='lat' dir='ltr'>solutioaumque</span> <span class='ocrx_word' id='word_1_706' title='bbox 3377 4698 3640 4771; x_wconf 90' lang='lat' dir='ltr'>quinque</span> 
     </span>
    </p>
   </div>
   <div class='ocr_carea' id='block_1_90' title="bbox 240 4773 1879 4868">
    <p class='ocr_par' dir='ltr' id='par_1_90' title="bbox 240 4773 1879 4868">
     <span class='ocr_line' id='line_1_91' title="bbox 240 4773 1879 4868; baseline 0.005 -26"><span class='ocrx_word' id='word_1_707' title='bbox 240 4785 411 4844; x_wconf 76' lang='grc' dir='ltr'>καὶτὸ</span> <span class='ocrx_word' id='word_1_708' title='bbox 445 4791 618 4864; x_wconf 79' lang='grc' dir='ltr'>Περὶ</span> <span class='ocrx_word' id='word_1_709' title='bbox 654 4795 774 4857; x_wconf 83' lang='grc' dir='ltr'>τῆς</span> <span class='ocrx_word' id='word_1_710' title='bbox 806 4799 1052 4863; x_wconf 79' lang='grc' dir='ltr'>σκηνῆς</span> <span class='ocrx_word' id='word_1_711' title='bbox 1079 4813 1092 4826; x_wconf 92' lang='grc'>·</span> <span class='ocrx_word' id='word_1_712' title='bbox 1125 4795 1186 4849; x_wconf 86' lang='grc' dir='ltr'>τὸ</span> <span class='ocrx_word' id='word_1_713' title='bbox 1217 4795 1382 4868; x_wconf 86' lang='grc' dir='ltr'>Περὶ</span> <span class='ocrx_word' id='word_1_714' title='bbox 1422 4799 1553 4851; x_wconf 91' lang='grc' dir='ltr'>τῶν</span> <span class='ocrx_word' id='word_1_715' title='bbox 1593 4773 1879 4850; x_wconf 41' lang='grc' dir='ltr'>δέκα-λο-</span> 
     </span>
    </p>
   </div>
   <div class='ocr_carea' id='block_1_91' title="bbox 1991 4773 3640 4868">
    <p class='ocr_par' dir='ltr' id='par_1_91' title="bbox 1995 4773 3640 4866">
     <span class='ocr_line' id='line_1_92' title="bbox 1995 4773 3640 4866; baseline -0.005 -17"><span class='ocrx_word' id='word_1_716' title='bbox 1995 4793 2177 4850; x_wconf 89' lang='lat' dir='ltr'>libros</span> <span class='ocrx_word' id='word_1_717' title='bbox 2207 4793 2335 4864; x_wconf 85' lang='lat' dir='ltr'>ejus</span> <span class='ocrx_word' id='word_1_718' title='bbox 2359 4773 2486 4850; x_wconf 75' lang='lat' dir='ltr'>esse</span> <span class='ocrx_word' id='word_1_719' title='bbox 2512 4793 2892 4866; x_wconf 83' lang='lat' dir='ltr'>cognovimus</span> <span class='ocrx_word' id='word_1_720' title='bbox 2919 4810 2931 4848; x_wconf 93' lang='lat'><strong>:</strong></span> <span class='ocrx_word' id='word_1_721' title='bbox 2966 4809 3145 4848; x_wconf 88' lang='lat' dir='ltr'>unum</span> <span class='ocrx_word' id='word_1_722' title='bbox 3164 4791 3246 4846; x_wconf 86' lang='lat' dir='ltr'>De</span> <span class='ocrx_word' id='word_1_723' title='bbox 3267 4785 3640 4852; x_wconf 85' lang='lat' dir='ltr'>tabernaculo,</span> 
     </span>
    </p>
   </div>
   <div class='ocr_carea' id='block_1_92' title="bbox 246 4874 1883 4958">
    <p class='ocr_par' dir='ltr' id='par_1_92' title="bbox 246 4874 1883 4958">
     <span class='ocr_line' id='line_1_93' title="bbox 246 4874 1883 4958; baseline 0.007 -30"><span class='ocrx_word' id='word_1_724' title='bbox 246 4874 437 4948; x_wconf 83' lang='grc' dir='ltr'>γίων·</span> <span class='ocrx_word' id='word_1_725' title='bbox 471 4879 563 4934; x_wconf 81' lang='grc' dir='ltr'>καὶ</span> <span class='ocrx_word' id='word_1_726' title='bbox 599 4880 666 4934; x_wconf 76' lang='grc' dir='ltr'>τὰ</span> <span class='ocrx_word' id='word_1_727' title='bbox 699 4881 856 4954; x_wconf 79' lang='grc' dir='ltr'>Περὶ</span> <span class='ocrx_word' id='word_1_728' title='bbox 899 4886 1022 4937; x_wconf 85' lang='grc' dir='ltr'>τῶν</span> <span class='ocrx_word' id='word_1_729' title='bbox 1063 4882 1574 4958; x_wconf 77' lang='grc' dir='ltr'>ἀναφερομένων</span> <span class='ocrx_word' id='word_1_730' title='bbox 1614 4881 1674 4938; x_wconf 79' lang='grc' dir='ltr'>ἐν</span> <span class='ocrx_word' id='word_1_731' title='bbox 1717 4881 1883 4940; x_wconf 76' lang='grc' dir='ltr'>εἴδει</span> 
     </span>
    </p>
   </div>
   <div class='ocr_carea' id='block_1_93' title="bbox 245 4961 1884 5048">
    <p class='ocr_par' dir='ltr' id='par_1_93' title="bbox 245 4961 1884 5048">
     <span class='ocr_line' id='line_1_94' title="bbox 245 4961 1884 5048; baseline 0.007 -30"><span class='ocrx_word' id='word_1_732' title='bbox 245 4961 463 5048; x_wconf 74' lang='grc' dir='ltr'>νόμων</span> <span class='ocrx_word' id='word_1_733' title='bbox 497 4966 593 5030; x_wconf 77' lang='grc' dir='ltr'>εἰς</span> <span class='ocrx_word' id='word_1_734' title='bbox 621 4967 698 5024; x_wconf 72' lang='grc' dir='ltr'>τὰ</span> <span class='ocrx_word' id='word_1_735' title='bbox 736 4969 1162 5028; x_wconf 86' lang='grc' dir='ltr'>συντείνοντα</span> <span class='ocrx_word' id='word_1_736' title='bbox 1199 4971 1533 5048; x_wconf 79' lang='grc' dir='ltr'>κεφάλαια</span> <span class='ocrx_word' id='word_1_737' title='bbox 1569 4976 1697 5028; x_wconf 83' lang='grc' dir='ltr'>τῶν</span> <span class='ocrx_word' id='word_1_738' title='bbox 1730 4970 1884 5030; x_wconf 84' lang='grc' dir='ltr'>δέκα</span> 
     </span>
    </p>
   </div>
   <div class='ocr_carea' id='block_1_94' title="bbox 249 5047 1878 5137">
    <p class='ocr_par' dir='ltr' id='par_1_94' title="bbox 249 5047 1878 5137">
     <span class='ocr_line' id='line_1_95' title="bbox 249 5047 1878 5137; baseline 0.005 -29"><span class='ocrx_word' id='word_1_739' title='bbox 249 5047 822 5132; x_wconf 83' lang='grc' dir='ltr'>λόγων,α’,β’,γ’,δ”</span> <span class='ocrx_word' id='word_1_740' title='bbox 845 5059 935 5115; x_wconf 85' lang='grc' dir='ltr'>καὶ</span> <span class='ocrx_word' id='word_1_741' title='bbox 963 5063 1026 5116; x_wconf 85' lang='grc' dir='ltr'>τὸ</span> <span class='ocrx_word' id='word_1_742' title='bbox 1059 5061 1166 5124; x_wconf 74' lang='grc' dir='ltr'>Εἲς</span> <span class='ocrx_word' id='word_1_743' title='bbox 1196 5062 1308 5122; x_wconf 81' lang='grc' dir='ltr'>τὰς</span> <span class='ocrx_word' id='word_1_744' title='bbox 1341 5063 1732 5137; x_wconf 80' lang='grc' dir='ltr'>ἱερουργίας</span> <span class='ocrx_word' id='word_1_745' title='bbox 1754 5067 1878 5117; x_wconf 82' lang='grc' dir='ltr'>τῶν</span> 
     </span>
    </p>
   </div>
   <div class='ocr_carea' id='block_1_95' title="bbox 247 5141 1878 5224">
    <p class='ocr_par' dir='ltr' id='par_1_95' title="bbox 247 5141 1878 5224">
     <span class='ocr_line' id='line_1_96' title="bbox 247 5141 1878 5224; baseline 0.008 -30"><span class='ocrx_word' id='word_1_746' title='bbox 247 5141 449 5207; x_wconf 76' lang='grc' dir='ltr'>ζώων·</span> <span class='ocrx_word' id='word_1_747' title='bbox 486 5146 596 5203; x_wconf 82' lang='grc' dir='ltr'>καὶ</span> <span class='ocrx_word' id='word_1_748' title='bbox 624 5146 771 5202; x_wconf 90' lang='grc' dir='ltr'>τίνα</span> <span class='ocrx_word' id='word_1_749' title='bbox 801 5145 946 5220; x_wconf 78' lang='grc' dir='ltr'>εἴδη</span> <span class='ocrx_word' id='word_1_750' title='bbox 973 5153 1096 5206; x_wconf 89' lang='grc' dir='ltr'>τῶν</span> <span class='ocrx_word' id='word_1_751' title='bbox 1129 5153 1394 5210; x_wconf 85' lang='grc' dir='ltr'>θυσιῶν.</span> <span class='ocrx_word' id='word_1_752' title='bbox 1431 5151 1528 5206; x_wconf 80' lang='grc' dir='ltr'>Καὶ</span> <span class='ocrx_word' id='word_1_753' title='bbox 1567 5149 1724 5224; x_wconf 83' lang='grc' dir='ltr'>Περὶ</span> <span class='ocrx_word' id='word_1_754' title='bbox 1753 5156 1878 5207; x_wconf 84' lang='grc' dir='ltr'>τῶν</span> 
     </span>
    </p>
   </div>
   <div class='ocr_carea' id='block_1_96' title="bbox 246 5234 1880 5312">
    <p class='ocr_par' dir='ltr' id='par_1_96' title="bbox 246 5234 1880 5312">
     <span class='ocr_line' id='line_1_97' title="bbox 246 5234 1880 5312; baseline 0.007 -28"><span class='ocrx_word' id='word_1_755' title='bbox 246 5234 698 5307; x_wconf 85' lang='grc' dir='ltr'>προκειμένων</span> <span class='ocrx_word' id='word_1_756' title='bbox 751 5236 813 5291; x_wconf 81' lang='grc' dir='ltr'>ἐν</span> <span class='ocrx_word' id='word_1_757' title='bbox 843 5241 931 5308; x_wconf 83' lang='grc' dir='ltr'>τῷ</span> <span class='ocrx_word' id='word_1_758' title='bbox 982 5239 1166 5312; x_wconf 82' lang='grc' dir='ltr'>νόμῳ</span> <span class='ocrx_word' id='word_1_759' title='bbox 1212 5237 1445 5308; x_wconf 79' lang='grc' dir='ltr'>ἄθλων,</span> <span class='ocrx_word' id='word_1_760' title='bbox 1489 5240 1600 5294; x_wconf 83' lang='grc' dir='ltr'>καὶ</span> <span class='ocrx_word' id='word_1_761' title='bbox 1649 5239 1880 5294; x_wconf 86' lang='grc' dir='ltr'>ἐπιθυ-</span> 
     </span>
    </p>
   </div>
   <div class='ocr_carea' id='block_1_97' title="bbox 249 5322 1877 5402">
    <p class='ocr_par' dir='ltr' id='par_1_97' title="bbox 249 5322 1877 5402">
     <span class='ocr_line' id='line_1_98' title="bbox 249 5322 1877 5402; baseline 0.006 -29"><span class='ocrx_word' id='word_1_762' title='bbox 249 5322 406 5386; x_wconf 79' lang='grc' dir='ltr'>μιῶν</span> <span class='ocrx_word' id='word_1_763' title='bbox 450 5324 558 5377; x_wconf 81' lang='grc' dir='ltr'>καὶ</span> <span class='ocrx_word' id='word_1_764' title='bbox 609 5326 799 5398; x_wconf 84' lang='grc' dir='ltr'>ἀρῶν.</span> <span class='ocrx_word' id='word_1_765' title='bbox 836 5325 1074 5402; x_wconf 78' lang='grc' dir='ltr'>Εὕρηται</span> <span class='ocrx_word' id='word_1_766' title='bbox 1121 5325 1176 5382; x_wconf 75' lang='grc' dir='ltr'>δὲ</span> <span class='ocrx_word' id='word_1_767' title='bbox 1213 5329 1381 5383; x_wconf 79' lang='grc' dir='ltr'>αὐτοῦ</span> <span class='ocrx_word' id='word_1_768' title='bbox 1410 5327 1498 5383; x_wconf 81' lang='grc' dir='ltr'>καὶ</span> <span class='ocrx_word' id='word_1_769' title='bbox 1535 5323 1839 5399; x_wconf 74' lang='grc' dir='ltr'>μυνὸὅιϐλα</span> <span class='ocrx_word' id='word_1_770' title='bbox 1864 5348 1877 5361; x_wconf 93' lang='grc'>·</span> 
     </span>
    </p>
   </div>
   <div class='ocr_carea' id='block_1_98' title="bbox 247 5405 1878 5487">
    <p class='ocr_par' dir='ltr' id='par_1_98' title="bbox 247 5405 1878 5487">
     <span class='ocr_line' id='line_1_99' title="bbox 247 5405 1878 5487; baseline 0.01 -31"><span class='ocrx_word' id='word_1_771' title='bbox 247 5405 360 5459; x_wconf 81' lang='grc' dir='ltr'>οἷος</span> <span class='ocrx_word' id='word_1_772' title='bbox 389 5411 417 5463; x_wconf 88' lang='lat'>6</span> <span class='ocrx_word' id='word_1_773' title='bbox 446 5412 608 5484; x_wconf 87' lang='grc' dir='ltr'>Περὶ</span> <span class='ocrx_word' id='word_1_774' title='bbox 642 5415 996 5486; x_wconf 86' lang='grc' dir='ltr'>Προνοίας,</span> <span class='ocrx_word' id='word_1_775' title='bbox 1029 5416 1056 5470; x_wconf 85' lang='lat'>6</span> <span class='ocrx_word' id='word_1_776' title='bbox 1097 5418 1264 5470; x_wconf 82' lang='grc' dir='ltr'>Κατά</span> <span class='ocrx_word' id='word_1_777' title='bbox 1297 5414 1654 5487; x_wconf 83' lang='grc' dir='ltr'>Ἰουδαίων,</span> <span class='ocrx_word' id='word_1_778' title='bbox 1686 5416 1791 5470; x_wconf 86' lang='grc' dir='ltr'>καὶ</span> <span class='ocrx_word' id='word_1_779' title='bbox 1823 5417 1878 5472; x_wconf 80' lang='grc' dir='ltr'>Ὀ</span> 
     </span>
    </p>
   </div>
   <div class='ocr_carea' id='block_1_99' title="bbox 248 5495 1878 5580">
    <p class='ocr_par' dir='ltr' id='par_1_99' title="bbox 248 5495 1878 5580">
     <span class='ocr_line' id='line_1_100' title="bbox 248 5495 1878 5580; baseline 0.009 -35"><span class='ocrx_word' id='word_1_780' title='bbox 248 5495 560 5563; x_wconf 85' lang='grc' dir='ltr'>πολιτός·</span> <span class='ocrx_word' id='word_1_781' title='bbox 596 5497 675 5558; x_wconf 77' lang='grc' dir='ltr'>ἔτι</span> <span class='ocrx_word' id='word_1_782' title='bbox 707 5501 764 5558; x_wconf 68' lang='grc' dir='ltr'>δὲ</span> <span class='ocrx_word' id='word_1_783' title='bbox 795 5508 851 5560; x_wconf 91' lang='grc' dir='ltr'>Ὁ</span> <span class='ocrx_word' id='word_1_784' title='bbox 882 5503 1342 5579; x_wconf 80' lang='grc' dir='ltr'>Ἀλέξανδρος,</span> <span class='ocrx_word' id='word_1_785' title='bbox 1373 5505 1408 5574; x_wconf 78' lang='grc' dir='ltr'><strong>ἢ</strong></span> <span class='ocrx_word' id='word_1_786' title='bbox 1443 5506 1599 5580; x_wconf 80' lang='grc' dir='ltr'>Περὶ</span> <span class='ocrx_word' id='word_1_787' title='bbox 1631 5510 1746 5560; x_wconf 81' lang='grc' dir='ltr'>τοῦ</span> <span class='ocrx_word' id='word_1_788' title='bbox 1777 5505 1878 5560; x_wconf 90' lang='grc' dir='ltr'>λό-</span> 
     </span>
    </p>
   </div>
   <div class='ocr_carea' id='block_1_100' title="bbox 249 5585 1877 5670">
    <p class='ocr_par' dir='ltr' id='par_1_100' title="bbox 249 5585 1877 5670">
     <span class='ocr_line' id='line_1_101' title="bbox 249 5585 1877 5670; baseline 0.007 -30"><span class='ocrx_word' id='word_1_789' title='bbox 249 5602 358 5656; x_wconf 84' lang='grc' dir='ltr'>γον</span> <span class='ocrx_word' id='word_1_790' title='bbox 387 5585 570 5664; x_wconf 78' lang='grc' dir='ltr'>ἔχειν</span> <span class='ocrx_word' id='word_1_791' title='bbox 597 5592 674 5648; x_wconf 76' lang='grc' dir='ltr'>τὰ</span> <span class='ocrx_word' id='word_1_792' title='bbox 701 5592 912 5670; x_wconf 82' lang='grc' dir='ltr'>ἄλογα</span> <span class='ocrx_word' id='word_1_793' title='bbox 943 5597 1072 5664; x_wconf 85' lang='grc' dir='ltr'>ζῶα</span> <span class='ocrx_word' id='word_1_794' title='bbox 1097 5636 1108 5647; x_wconf 95' lang='grc'><strong><em>.</em></strong></span> <span class='ocrx_word' id='word_1_795' title='bbox 1135 5595 1268 5666; x_wconf 86' lang='grc' dir='ltr'>πρὸς</span> <span class='ocrx_word' id='word_1_796' title='bbox 1289 5595 1502 5658; x_wconf 86' lang='grc' dir='ltr'>τούτοις</span> <span class='ocrx_word' id='word_1_797' title='bbox 1525 5597 1553 5651; x_wconf 90' lang='grc' dir='ltr'>ὁ</span> <span class='ocrx_word' id='word_1_798' title='bbox 1578 5593 1734 5670; x_wconf 81' lang='grc' dir='ltr'>Περὶ</span> <span class='ocrx_word' id='word_1_799' title='bbox 1764 5600 1877 5651; x_wconf 81' lang='grc' dir='ltr'>τοῦ</span> 
     </span>
    </p>
   </div>
   <div class='ocr_carea' id='block_1_101' title="bbox 1999 4875 3644 4956">
    <p class='ocr_par' dir='ltr' id='par_1_101' title="bbox 1999 4875 3644 4956">
     <span class='ocr_line' id='line_1_102' title="bbox 1999 4875 3644 4956; baseline -0.007 -16"><span class='ocrx_word' id='word_1_800' title='bbox 1999 4899 2175 4940; x_wconf 85' lang='lat' dir='ltr'>unum</span> <span class='ocrx_word' id='word_1_801' title='bbox 2209 4885 2281 4940; x_wconf 89' lang='lat' dir='ltr'>De</span> <span class='ocrx_word' id='word_1_802' title='bbox 2309 4882 2577 4956; x_wconf 87' lang='lat' dir='ltr'>Decalogo</span> <span class='ocrx_word' id='word_1_803' title='bbox 2595 4900 2617 4946; x_wconf 86' lang='grc'>.·</span> <span class='ocrx_word' id='word_1_804' title='bbox 2644 4885 2722 4940; x_wconf 88' lang='lat' dir='ltr'>De</span> <span class='ocrx_word' id='word_1_805' title='bbox 2751 4884 2822 4940; x_wconf 87' lang='lat' dir='ltr'>iis</span> <span class='ocrx_word' id='word_1_806' title='bbox 2851 4899 2970 4955; x_wconf 76' lang='lat' dir='ltr'>quae</span> <span class='ocrx_word' id='word_1_807' title='bbox 2999 4881 3097 4938; x_wconf 87' lang='lat' dir='ltr'>sub</span> <span class='ocrx_word' id='word_1_808' title='bbox 3121 4881 3300 4952; x_wconf 82' lang='lat' dir='ltr'>specie</span> <span class='ocrx_word' id='word_1_809' title='bbox 3327 4879 3507 4948; x_wconf 87' lang='lat' dir='ltr'>legum</span> <span class='ocrx_word' id='word_1_810' title='bbox 3525 4875 3644 4931; x_wconf 79' lang='lat' dir='ltr'>lata</span> 
     </span>
    </p>
   </div>
   <div class='ocr_carea' id='block_1_102' title="bbox 1993 4965 3643 5045">
    <p class='ocr_par' dir='ltr' id='par_1_102' title="bbox 1993 4965 3643 5045">
     <span class='ocr_line' id='line_1_103' title="bbox 1993 4965 3643 5045; baseline -0.006 -16"><span class='ocrx_word' id='word_1_811' title='bbox 1993 4973 2066 5029; x_wconf 84' lang='lat' dir='ltr'>ad</span> <span class='ocrx_word' id='word_1_812' title='bbox 2095 4973 2422 5044; x_wconf 86' lang='lat' dir='ltr'>Decalogum</span> <span class='ocrx_word' id='word_1_813' title='bbox 2451 4975 2794 5045; x_wconf 83' lang='lat' dir='ltr'>referuntur,</span> <span class='ocrx_word' id='word_1_814' title='bbox 2820 4972 3000 5028; x_wconf 88' lang='lat' dir='ltr'>libros</span> <span class='ocrx_word' id='word_1_815' title='bbox 3032 4974 3286 5043; x_wconf 88' lang='lat' dir='ltr'>quatuor</span> <span class='ocrx_word' id='word_1_816' title='bbox 3314 4985 3330 5036; x_wconf 87' lang='lat'><strong>;</strong></span> <span class='ocrx_word' id='word_1_817' title='bbox 3362 4969 3438 5023; x_wconf 87' lang='lat' dir='ltr'>De</span> <span class='ocrx_word' id='word_1_818' title='bbox 3465 4965 3643 5022; x_wconf 78' lang='lat' dir='ltr'>sacri-</span> 
     </span>
    </p>
   </div>
   <div class='ocr_carea' id='block_1_103' title="bbox 1991 5061 3638 5135">
    <p class='ocr_par' dir='ltr' id='par_1_103' title="bbox 1991 5061 3638 5135">
     <span class='ocr_line' id='line_1_104' title="bbox 1991 5061 3638 5135; baseline -0.007 -17"><span class='ocrx_word' id='word_1_819' title='bbox 1991 5062 2134 5133; x_wconf 79' lang='lat' dir='ltr'>ﬁciis</span> <span class='ocrx_word' id='word_1_820' title='bbox 2179 5063 2510 5118; x_wconf 85' lang='lat' dir='ltr'>animalium</span> <span class='ocrx_word' id='word_1_821' title='bbox 2554 5071 2604 5119; x_wconf 87' lang='lat' dir='ltr'>et</span> <span class='ocrx_word' id='word_1_822' title='bbox 2656 5080 2774 5135; x_wconf 66' lang='lat' dir='ltr'>quae</span> <span class='ocrx_word' id='word_1_823' title='bbox 2828 5066 2942 5120; x_wconf 89' lang='lat' dir='ltr'>sint</span> <span class='ocrx_word' id='word_1_824' title='bbox 2984 5061 3375 5130; x_wconf 82' lang='lat' dir='ltr'>sacriﬁciorum</span> <span class='ocrx_word' id='word_1_825' title='bbox 3415 5069 3638 5126; x_wconf 84' lang='lat' dir='ltr'>genera,</span> 
     </span>
    </p>
   </div>
   <div class='ocr_carea' id='block_1_104' title="bbox 1994 5147 3639 5222">
    <p class='ocr_par' dir='ltr' id='par_1_104' title="bbox 1994 5147 3639 5222">
     <span class='ocr_line' id='line_1_105' title="bbox 1994 5147 3639 5222; baseline -0.005 -16"><span class='ocrx_word' id='word_1_826' title='bbox 1994 5152 2208 5217; x_wconf 89' lang='lat' dir='ltr'>|ibrum</span> <span class='ocrx_word' id='word_1_827' title='bbox 2241 5168 2445 5207; x_wconf 89' lang='lat' dir='ltr'>unum.</span> <span class='ocrx_word' id='word_1_828' title='bbox 2481 5151 2621 5207; x_wconf 89' lang='lat' dir='ltr'>Item</span> <span class='ocrx_word' id='word_1_829' title='bbox 2669 5153 2744 5208; x_wconf 89' lang='lat' dir='ltr'>De</span> <span class='ocrx_word' id='word_1_830' title='bbox 2787 5151 3082 5222; x_wconf 80' lang='lat' dir='ltr'>propositis</span> <span class='ocrx_word' id='word_1_831' title='bbox 3112 5152 3170 5203; x_wconf 87' lang='lat' dir='ltr'>in</span> <span class='ocrx_word' id='word_1_832' title='bbox 3209 5147 3329 5218; x_wconf 80' lang='lat' dir='ltr'>lege</span> <span class='ocrx_word' id='word_1_833' title='bbox 3372 5147 3639 5216; x_wconf 70' lang='lat' dir='ltr'>praemiis,</span> 
     </span>
    </p>
   </div>
   <div class='ocr_carea' id='block_1_105' title="bbox 1991 5234 3639 5312">
    <p class='ocr_par' dir='ltr' id='par_1_105' title="bbox 1991 5234 3639 5312">
     <span class='ocr_line' id='line_1_106' title="bbox 1991 5234 3639 5312; baseline -0.004 -17"><span class='ocrx_word' id='word_1_834' title='bbox 1991 5240 2287 5296; x_wconf 81' lang='lat' dir='ltr'>honoribus</span> <span class='ocrx_word' id='word_1_835' title='bbox 2315 5242 2522 5296; x_wconf 73' lang='lat' dir='ltr'>scilicet</span> <span class='ocrx_word' id='word_1_836' title='bbox 2553 5244 2602 5296; x_wconf 90' lang='lat' dir='ltr'>et</span> <span class='ocrx_word' id='word_1_837' title='bbox 2661 5242 2835 5312; x_wconf 66' lang='lat' dir='ltr'>pwnis</span> <span class='ocrx_word' id='word_1_838' title='bbox 2885 5241 3268 5296; x_wconf 86' lang='lat' dir='ltr'>Inveniuntur</span> <span class='ocrx_word' id='word_1_839' title='bbox 3313 5235 3487 5292; x_wconf 89' lang='lat' dir='ltr'>etiam</span> <span class='ocrx_word' id='word_1_840' title='bbox 3518 5234 3639 5289; x_wconf 85' lang='lat' dir='ltr'>sin-</span> 
     </span>
    </p>
   </div>
   <div class='ocr_carea' id='block_1_106' title="bbox 1989 5324 3647 5402">
    <p class='ocr_par' dir='ltr' id='par_1_106' title="bbox 1989 5324 3647 5402">
     <span class='ocr_line' id='line_1_107' title="bbox 1989 5324 3647 5402; baseline -0.004 -18"><span class='ocrx_word' id='word_1_841' title='bbox 1989 5332 2218 5402; x_wconf 85' lang='lat' dir='ltr'>gulares</span> <span class='ocrx_word' id='word_1_842' title='bbox 2247 5331 2376 5401; x_wconf 89' lang='lat' dir='ltr'>ejus</span> <span class='ocrx_word' id='word_1_843' title='bbox 2407 5330 2540 5385; x_wconf 89' lang='lat' dir='ltr'>libri</span> <span class='ocrx_word' id='word_1_844' title='bbox 2573 5348 2587 5386; x_wconf 90' lang='lat'>:</span> <span class='ocrx_word' id='word_1_845' title='bbox 2631 5330 2791 5387; x_wconf 75' lang='lat' dir='ltr'>I6]</span> <span class='ocrx_word' id='word_1_846' title='bbox 2831 5340 2889 5386; x_wconf 88' lang='lat' dir='ltr'>ut</span> <span class='ocrx_word' id='word_1_847' title='bbox 2924 5331 2997 5386; x_wconf 88' lang='lat' dir='ltr'>De</span> <span class='ocrx_word' id='word_1_848' title='bbox 3039 5326 3409 5394; x_wconf 81' lang='lat' dir='ltr'>Providentia,</span> <span class='ocrx_word' id='word_1_849' title='bbox 3442 5324 3647 5379; x_wconf 83' lang='lat' dir='ltr'>Contra</span> 
     </span>
    </p>
   </div>
   <div class='ocr_carea' id='block_1_107' title="bbox 1988 5413 3648 5490">
    <p class='ocr_par' dir='ltr' id='par_1_107' title="bbox 1988 5413 3648 5490">
     <span class='ocr_line' id='line_1_108' title="bbox 1988 5413 3648 5490; baseline -0.005 -16"><span class='ocrx_word' id='word_1_850' title='bbox 1988 5420 2228 5485; x_wconf 68' lang='lat' dir='ltr'>Iudaeos,</span> <span class='ocrx_word' id='word_1_851' title='bbox 2268 5421 2338 5475; x_wconf 89' lang='lat' dir='ltr'>De</span> <span class='ocrx_word' id='word_1_852' title='bbox 2381 5419 2711 5490; x_wconf 86' lang='lat' dir='ltr'>republica;</span> <span class='ocrx_word' id='word_1_853' title='bbox 2757 5417 3092 5484; x_wconf 76' lang='lat' dir='ltr'>Alexander,</span> <span class='ocrx_word' id='word_1_854' title='bbox 3123 5419 3233 5472; x_wconf 81' lang='lat' dir='ltr'>sive</span> <span class='ocrx_word' id='word_1_855' title='bbox 3279 5415 3354 5470; x_wconf 88' lang='lat' dir='ltr'>De</span> <span class='ocrx_word' id='word_1_856' title='bbox 3389 5413 3648 5470; x_wconf 84' lang='lat' dir='ltr'>animan-</span> 
     </span>
    </p>
   </div>
   <div class='ocr_carea' id='block_1_108' title="bbox 1991 5501 3654 5572">
    <p class='ocr_par' dir='ltr' id='par_1_108' title="bbox 1991 5501 3654 5572">
     <span class='ocr_line' id='line_1_109' title="bbox 1991 5501 3654 5572; baseline -0.004 -10"><span class='ocrx_word' id='word_1_857' title='bbox 1991 5507 2145 5562; x_wconf 81' lang='lat' dir='ltr'>tibus</span> <span class='ocrx_word' id='word_1_858' title='bbox 2179 5508 2601 5563; x_wconf 86' lang='lat' dir='ltr'>irrationalibus</span> <span class='ocrx_word' id='word_1_859' title='bbox 2643 5509 2915 5564; x_wconf 87' lang='lat' dir='ltr'>rationem</span> <span class='ocrx_word' id='word_1_860' title='bbox 2964 5505 3322 5570; x_wconf 84' lang='lat' dir='ltr'>habentibus;</span> <span class='ocrx_word' id='word_1_861' title='bbox 3361 5503 3521 5572; x_wconf 88' lang='lat' dir='ltr'>item,</span> <span class='ocrx_word' id='word_1_862' title='bbox 3553 5501 3654 5556; x_wconf 88' lang='lat' dir='ltr'>Ser</span> 
     </span>
    </p>
   </div>
   <div class='ocr_carea' id='block_1_109' title="bbox 1991 5592 3642 5670">
    <p class='ocr_par' dir='ltr' id='par_1_109' title="bbox 1991 5592 3642 5670">
     <span class='ocr_line' id='line_1_110' title="bbox 1991 5592 3642 5670; baseline -0.002 -18"><span class='ocrx_word' id='word_1_863' title='bbox 1991 5612 2082 5652; x_wconf 83' lang='lat' dir='ltr'>vos</span> <span class='ocrx_word' id='word_1_864' title='bbox 2119 5612 2232 5652; x_wconf 82' lang='lat' dir='ltr'>esse</span> <span class='ocrx_word' id='word_1_865' title='bbox 2280 5598 2455 5654; x_wconf 75' lang='lat' dir='ltr'>nialos</span> <span class='ocrx_word' id='word_1_866' title='bbox 2511 5614 2718 5655; x_wconf 82' lang='lat' dir='ltr'>omnes.</span> <span class='ocrx_word' id='word_1_867' title='bbox 2779 5599 2842 5653; x_wconf 87' lang='lat' dir='ltr'>Et</span> <span class='ocrx_word' id='word_1_868' title='bbox 2881 5597 2980 5670; x_wconf 90' lang='lat' dir='ltr'>qui</span> <span class='ocrx_word' id='word_1_869' title='bbox 3036 5596 3191 5654; x_wconf 87' lang='lat' dir='ltr'>hunc</span> <span class='ocrx_word' id='word_1_870' title='bbox 3239 5592 3642 5665; x_wconf 64' lang='lat' dir='ltr'>consequitur:</span> 
     </span>
    </p>
   </div>
  </div>
