4070 6274
439 316 556 374 799

1735 335 2156 402 NICEPHORI
2199 342 2548 408 GALLISTI

3722 359 3846 420 800

438 450 708 508 Omnibus
745 454 926 511 modis
975 456 1364 517 bonos'liberos
1407 479 1538 521 esse.
1573 466 1907 526 Secundum
1966 472 2072 529 hos

445 539 514 566 n-
560 541 663 566 “:1-
730 545 1164 566 --ηιμμηι-μηι--
1220 550 1288 566 ιιι
1538 555 1550 566 .
1770 559 1808 566 ..
1851 560 1882 566 --

2209 473 2454 532 δοῦλον
2496 480 2666 534 εἶναι
2707 483 2917 538 πάντα
2947 485 3232 561 φαῦλον²
3266 489 3313 559 ᾧ
3343 489 3465 562 ἑξῆς
3499 489 3588 544 καὶ
3616 491 3644 544 ὁ
3673 491 3841 566 Περὶ

439 539 514 594 De
559 541 666 597 vita
721 545 1166 617 contemplatrice
1217 550 1312 621 (1),
1369 569 1462 608 seu
1511 555 1579 611 de
1622 559 1961 630 supplicibus
2007 539 2087 620 est

439 633 769 700 compositus
800 649 820 687 :
853 633 1006 690 unde
1035 651 1102 692 ea
1141 639 1561 712 transtulimus,
1592 661 1723 716 quae
1751 649 1822 704 de
1851 651 2083 722 aposto-

440 717 515 773 lis
543 723 599 796 et
628 720 834 791 primis
883 723 1340 784 Christianorum
1390 729 1677 790 institutis
1733 740 1791 792 et
1821 717 2081 798 moribus

433 825 613 879 supra
643 809 920 867 diximus.
973 812 1389 874 Hebraicorum
1419 837 1652 892 quoque
1685 826 1988 884 nominum
2020 830 2080 887 in

433 898 557 968 lege
587 901 643 952 et
674 899 970 970 prophetis
1015 902 1526 976 interpretationes
1557 913 1685 984 eius
1715 931 1844 972 esse
1874 919 2076 990 perbi-

433 985 659 1042 bentur.
715 987 911 1058 ltaque
973 991 1140 1048 Philo
1194 995 1322 1062 iste,
1367 997 1502 1054 Ciao
1553 985 1897 1074 imperante,
1947 1024 2078 1064 cum

432 1074 651 1130 Roman
683 1077 956 1151 venisset,
988 1079 1166 1138 libros
1197 1083 1268 1141 de
1297 1085 1416 1142 Caii
1447 1091 1704 1148 amentia
1733 1101 1788 1150 el
1815 1097 2084 1154 vecordia

377 1198 392 1212 .
432 1165 787 1236 composuit,
839 1183 990 1239 quos
1039 1187 1141 1242 per
1175 1174 1564 1234 urbanitatem
1613 1185 1672 1236 et
1716 1182 1959 1240 ironiam
2008 1188 2083 1243 De

434 1252 732 1310 virtutibus
758 1255 1074 1330 inscripsit.
1127 1261 1237 1317 Eos
1284 1264 1492 1322 deinde
1539 1268 1764 1326 Claudii
1804 1275 2082 1347 tempori-

432 1340 542 1397 bus
570 1358 705 1398 cum
738 1343 798 1398 in
827 1351 1032 1403 senatu
1065 1349 1283 1406 ibidem
1307 1355 1620 1430 recitasset,
1655 1365 1814 1417 tanta
1847 1364 2082 1421 fuerunt

429 1430 488 1484 in
519 1432 924 1497 admiratione.
985 1441 1051 1491 ut
1106 1439 1266 1512 digni
1312 1443 1554 1512 iudicati
1587 1448 1724 1518 sint,
1763 1451 1864 1523 qui
1895 1452 1954 1509 in
1984 1454 2080 1510 Bi-

429 1517 778 1578 bliothecam
820 1523 1147 1582 Palatinam
1179 1531 1554 1591 referrentur.

1027 1633 1260 1693 CAPUT
1296 1638 1484 1698 XVIII.

428 1718 502 1772 De
553 1719 772 1791 Iosephi
826 1723 1076 1806 veritatis
1130 1732 1509 1812 consectatoris
1565 1735 1746 1812 libris,
1786 1746 1838 1794 et
1891 1743 2078 1812 quales

851 1794 970 1863 eius
999 1812 1212 1868 quoque
1237 1816 1412 1858 more:
1439 1806 1670 1874 fuerint.

505 1878 717 1936 Eodem
749 1898 920 1973 porro
975 1887 1209 1956 saeculo,
1268 1891 1442 1962 paulo
1501 1903 1629 1968 post
1680 1907 1733 1956 et
1780 1901 2076 1973 Josephus

429 1965 626 2022 ﬂoruit
653 1969 749 2039 (2),
783 1979 838 2026 el
884 1972 1010 2045 ipse
1056 1975 1142 2032 vir
1167 1977 1408 2038 Judaeus
1438 1965 1668 2054 genere,
1703 1991 1759 2044 et
1783 2003 1853 2045 ex
1879 1965 2082 2048 sacer-

424 2147 610 2202 elrina
655 2149 950 2221 excelluit,
998 2159 1062 2210 ut
1106 2173 1404 2217 summam
1451 2171 1506 2219 et
1548 2147 1748 2236 patriae
1781 2173 1839 2225 et
1868 2171 2080 2228 Graecae

423 2233 637 2306 linguae
668 2238 935 2309 peritiam
989 2243 1066 2300 sit
1111 2254 1482 2307 consecutus.
1532 2233 1716 2312 nauita
1758 2257 1809 2314 is
1839 2275 2072 2331 quoque

419 2324 722 2382 volumina
760 2329 1016 2402 reliquit.
1063 2335 1504 2395 Machabworum
1550 2351 1702 2400 certe
1732 2324 1914 2402 libros
1945 2324 2079 2418 ejus

423 2429 552 2470 esse
585 2415 818 2474 ferunt:
893 2421 1390 2499 potissimumque
1429 2447 1563 2486 eum
1608 2430 1707 2504 qui
1762 2435 2080 2508 inscriptus

421 2508 532 2574 est,
589 2507 854 2563 Animum
898 2510 1276 2586 rationemque
1329 2533 1463 2587 esse,
1522 2538 1644 2592 qua
1674 2540 1956 2581 summum
2020 2527 2078 2581 in

419 2593 640 2652 homine
668 2599 957 2656 obtineant
986 2603 1306 2675 imperium.
1333 2640 1404 2652 —
1429 2613 1798 2686 Anh’quitates
1818 2618 2080 2678 Iudaica:

419 2684 622 2756 viginti
671 2686 838 2745 libris
885 2695 974 2746 est
1038 2697 1392 2768 complexus.
1457 2684 1692 2774 Septem
1745 2711 1942 2764 autem
2002 2711 2084 2766 De

419 2774 558 2830 bello
604 2777 837 2835 Judnico
881 2779 1528 2862 Hieresolymorumqus
1580 2795 1880 2852 eversione
1913 2815 2080 2855 com-

421 2864 638 2932 posuit,
671 2882 816 2937 quos
847 2868 1000 2925 fama
1048 2873 1176 2942 fert,
1221 2876 1418 2934 Titum
1473 2880 1760 2940 Casarem
1793 2901 2078 2946 manuum

425 2966 662 3007 suarum
740 2955 1190 3030 subscriptione,
1249 2965 1540 3036 publicari
1609 2971 1846 3044 ubique,
1905 2980 2082 3048 atque

425 3041 597 3096 etiam
629 3042 686 3096 in
721 3043 980 3132 Romana
1008 3049 1359 3110 bibliotheca
1407 3061 1606 3128 reponi
1643 3041 1910 3132 jussisse.

427 3128 514 3184 dit
543 3129 718 3185 etiam
749 3131 895 3190 alios
942 3137 1084 3194 duos
1116 3141 1188 3198 De
1233 3153 1562 3217 antiquitate
1608 3128 1809 3220 libros,
1849 3153 1906 3210 in
1940 3157 2073 3228 qui-

2192 571 2306 621 τοῦ
2338 571 2549 626 πάντα
2579 571 2946 629 σπουδαῖον
2979 577 3146 632 εἶναι
3187 577 3566 655 ἐλεύθερον.
3591 583 3841 644 Μεθόὖς

2194 655 2222 710 ὁ
2263 660 2423 733 Περὶ
2474 661 2622 734 βίου
2671 665 3094 740 θεωρητικοῦ
3131 667 3167 737 ἢ
3208 669 3448 725 ἱκετῶν
3489 671 3839 727 συντέτακ-

2190 767 2318 814 ται,
2342 747 2390 818 ἐξ
2425 749 2488 804 οὗ
2517 750 2582 804 τά
2609 771 2667 806 τε
2696 752 2818 827 περὶ
2849 758 2958 809 τῶν
2990 755 3332 828 ἀποστόλων,
3363 761 3452 815 καὶ
3483 761 3553 816 τὰ
3582 763 3704 835 περὶ
3733 767 3833 830 τῆς

2190 841 2300 891 τῶν
2355 839 2696 913 Χριστιανῶν
2755 843 3038 907 πολιτείας
3097 847 3336 921 ἀρχῆθεν
3403 845 3831 922 διεληλύθαμεν.

2195 925 2296 979 Καὶ
2341 930 2446 982 τῶν
2486 927 2536 982 ἐν
2580 931 2739 1002 νόμῳ
2787 929 2844 986 δὲ
2892 934 2982 987 καὶ
3027 937 3335 1014 προφήταις
3367 933 3673 1011 Ἑϐραϊκῶν
3707 940 3836 994 ὀνο-

2194 1015 2379 1086 μάτων
2439 1017 2722 1090 ἑρμηνεῖαι
2773 1025 2870 1075 τοῦ
2927 1021 3094 1078 αὑτοῦ
3151 1025 3291 1078 εἶναι
3349 1023 3620 1099 λέγονται.
3667 1029 3834 1092 Οὗτος

2191 1101 2285 1157 οὖν
2355 1104 2517 1160 Γαΐου
2587 1113 2915 1182 κρατοῦντος
2992 1115 3060 1185 τῇ
3112 1114 3296 1188 Ῥώμῃ
3348 1113 3727 1192 ἐπιφοιτήσας,
3775 1119 3838 1173 τὶ

2190 1193 2313 1266 περὶ
2371 1201 2472 1264 τῆς
2531 1195 2692 1252 Γαΐου
2749 1195 3196 1275 φρενοϐλαϐείας,
3242 1203 3274 1257 ἃ
3334 1205 3474 1277 μετᾶ
3529 1207 3698 1274 ἤθους
3749 1209 3834 1262 καὶ

2189 1281 2468 1357 εἰρωνείας
2526 1287 2693 1362 Περὶ
2744 1287 2992 1364 ἀρετῶν
3052 1289 3368 1367 ἐπίγραψεο,
3403 1293 3490 1348 ἐπὶ
3544 1300 3640 1362 τῆς
3702 1297 3832 1351 Ῥω-

2193 1371 2366 1446 μαίων
2446 1377 2757 1451 συγκλήτου
2831 1381 2968 1436 κατά
3043 1385 3172 1447 τοὺς
3249 1385 3482 1463 χρόνους
3559 1385 3834 1443 Κλαυδίου

2189 1459 2402 1532 διῆλθε.
2433 1471 2698 1522 Τοσοῦτον
2746 1465 2804 1524 δὲ
2850 1472 3224 1544 θαυμασθῆναι
3252 1459 3398 1536 τοὺς
3429 1475 3626 1550 λόγους
3655 1476 3832 1551 αὐτῷ,

2190 1551 2263 1614 ὡς
2283 1552 2372 1608 καὶ
2402 1561 2502 1624 τῆς
2538 1559 2660 1630 παρ’
2687 1555 2908 1622 ἐκεῖνοις
2941 1557 3313 1634 βιϐλιοθήκης
3342 1565 3655 1636 ἀξιωθῆναι.

2799 1655 3050 1707 ΚΕΦΑΛ.
3095 1655 3204 1710 IH'.

2189 1737 2233 1786 Π
2259 1733 2355 1804 ερὶ
2387 1738 2538 1822 ’τῶν
2570 1809 2582 1822 Ι
2612 1741 3172 1822 συγγραμμάτων..
3221 1743 3363 1822 τοῦ-
3403 1745 3829 1822 φιλαλήθους

2387 1805 3104 1878 Ἰωσήπουί’καὶόἷος
3138 1813 3214 1882 ἦν
3261 1817 3368 1870 καὶ
3413 1805 3621 1880 ὸῦτος.

2263 1894 2412 1947 Κατὰ
2457 1891 2516 1949 δὲ
2562 1895 2690 1958 τοὺς
2739 1897 2932 1962 αὐτοὺς
2979 1899 3211 1975 χρόνους
3259 1905 3453 1980 μικρὸν
3481 1906 3708 1980 ὕστερον
3739 1907 3829 1960 καὲ

2189 1982 2454 2052 Ἰώσηπος
2505 1981 2849 2060 ἐγνωρίζετο,
2899 1987 3036 2065 ἀνὴρ
3079 1991 3171 2046 καὶ
3219 1993 3376 2056 οὗτος
3427 1989 3674 2069 Ἐϐραῖος
3733 1997 3827 2070 μὶν

2186 2071 2362 2146 γένος,
2392 2073 2482 2127 καὶ
2538 2073 2588 2147 ἐξ
2647 2077 2835 2150 ἱερέων
2889 2077 2986 2150 ὢν,
3017 2086 3272 2137 τοσοῦτον
3319 2082 3379 2139 δὲ
3424 2082 3724 2158 διαπρέψας
3774 2085 3826 2140 ἐν

2185 2165 2303 2224 τοῖς
2361 2163 2700 2236 μαθήμασιν,
2731 2166 2807 2227 ὡς
2863 2168 2953 2222 καὶ
3007 2170 3111 2238 τὴν
3150 2168 3394 2228 Ἑλλάδα
3437 2173 3686 2250 γλῶσσαν
3737 2177 3825 2230 καί

2187 2246 2412 2322 πάτριον
2461 2250 2537 2313 εἰς
2579 2249 2740 2326 ἄκρον
2787 2255 3040 2325 ἀσκῆσαι.
3076 2259 3174 2314 Καὶ
3220 2259 3407 2316 πολλὰ
3458 2263 3554 2334 μὲν
3603 2263 3692 2317 καὶ
3735 2263 3830 2318 0'3-

2186 2356 2280 2397 τος
2340 2341 2741 2414 συγγράμματα
2795 2343 3229 2402 καταλέλοιπεν·
3285 2349 3348 2402 οὗ
3405 2370 3535 2426 φασι
3605 2350 3695 2405 καὶ
3763 2353 3828 2405 τὰ

2189 2423 2634 2484 Μακκαϐαϊκά
2677 2435 3074 2506 συγγράμματα
3118 2435 3274 2508 εἶναι,
3304 2439 3391 2493 καὶ
3445 2437 3682 2510 μάλιστα
3737 2440 3829 2494 τὸν

2204 2515 2350 2589 Περὶ
2377 2521 2490 2570 τοῦ
2519 2517 3017 2598 αὐτοκράτορος
3049 2525 3514 2601 λογισμοῦ.Ἐν
3534 2532 3704 2584 εἴκοσι
3734 2530 3829 2602 μὲν

2189 2601 2281 2657 οὖν
2312 2603 2504 2680 λόγοις
2529 2607 2596 2662 τὰ
2623 2615 2726 2678 τῆς
2765 2611 3286 2690 Ἀρχαιολογίας
3326 2617 3534 2672 ἅπαντα
3565 2601 3826 2693 διεξέρχεο

2187 2713 2294 2748 ται.
2325 2693 2496 2750 Ἑπτᾶ
2527 2693 2584 2751 δὲ
2613 2698 2764 2771 αὐτῷ
2814 2699 2923 2763 Εἰς
2973 2704 3090 2773 τήν
3139 2705 3626 2780 Ἱεροσολύμων
3677 2727 3822 2762 συν-

2185 2782 2536 2839 τάττονται
2586 2785 2792 2842 ἅλωσιν
2815 2805 2829 2820 ⁸
2863 2789 2954 2852 οὓς
2988 2790 3148 2866 λόγος
3179 2791 3298 2871 ἔχει
3327 2795 3418 2850 καὶ
3446 2796 3538 2850 τὸν
3591 2796 3820 2870 Καίσαρα

2187 2877 2340 2927 Τῖτον
2401 2871 2561 2938 ῗδίαις
2619 2879 2924 2957 γεγραφότα
2969 2881 3152 2956 χερσὶ,
3209 2879 3630 2956 δημοσιεύεσθαι
3687 2907 3817 2939 παν-

2187 2965 2366 3036 ταχοῦ
2421 2965 2736 3038 προστάξαι,
2789 2967 2879 3039 καὶ
2935 2973 3004 3042 τῇ
3057 2969 3112 3024 ἐν
3167 2971 3357 3046 Ῥώμῃ
3417 2977 3528 3028 τῶν
3583 2969 3810 3048 βιϐλίων

2189 3049 2428 3105 ἀναθέσει
2497 3053 2882 3128 καταλεγῆναι.
2944 3060 3332 3114 Συντάττονται
3405 3058 3466 3116 δὲ
3529 3061 3664 3134 αὐτῷ
3718 3064 3805 3116 καὶ

2185 3135 2362 3208 ἕτεροι
2385 3137 2480 3195 δύο
2499 3140 2660 3218 λόγοι
2685 3149 2726 3197 Π
2743 3145 2842 3217 ερὶ
2875 3144 3044 3221 ἀρχα
3061 3149 3424 3219 ιότητος,έν
3447 3145 3814 3227 οίςἙϐραίους

423 3215 536 3272 bus
567 3217 836 3276 Hebraeos
863 3223 1086 3294 primos
1125 3215 1430 3290 hominum
1463 3239 1722 3296 omnium
1757 3243 2069 3316 exstitisse,

2191 3229 2438 3301 πρώτους
2497 3231 2632 3286 εἶναι
2689 3233 2905 3290 πάντων
2966 3237 3120 3312 φησὶ,
3169 3238 3261 3292 καὶ
3305 3239 3401 3302 τὰς
3457 3243 3585 3314 παρ’
3643 3241 3814 3302 αὐτοῖς

420 3307 756 3378 scriptaque
784 3325 978 3368 eorum
1025 3319 1246 3375 celeris
1283 3325 1603 3382 vetustiora
1633 3344 1758 3386 esse
1785 3332 1885 3387 ait.
1920 3333 2072 3390 Prsa-

421 3401 576 3450 terea
607 3397 810 3456 Contra
835 3402 1136 3474 Appionem
1167 3416 1620 3486 grammaticum,
1649 3421 1749 3490 qui
1781 3428 1902 3477 tum
1942 3440 2077 3480 ora-

425 3483 614 3541 tiones
660 3486 937 3547 adversus
982 3493 1218 3554 Judasos
1274 3483 1942 3582 invectivas'scripserat
1971 3530 1988 3568 :
2019 3516 2078 3569 et

427 3581 628 3674 eontra
661 3574 806 3634 alios
837 3579 1062 3652 itidem,
1117 3587 1217 3658 qui
1277 3592 1462 3660 patria
1509 3574 1843 3656 Judaeorum
1885 3603 2077 3674 gentis

425 3660 694 3719 instituta
724 3671 781 3722 et
811 3684 999 3728 mores
1033 3675 1379 3736 calumniari
1411 3684 1538 3739 ausi
1581 3687 1828 3758 fuerant,
1861 3692 2074 3748 refuta-

437 3750 642 3809 liones.
687 3754 753 3810 In
804 3775 1055 3828 quarum
1104 3767 1518 3828 refutationum
1572 3777 1834 3834 oratione
1890 3780 2079 3851 prima

439 3854 750 3896 numerum
782 3849 1356 3913 testamentariorum
1406 3877 1507 3918 seu
1538 3849 1949 3922 canonicoruin
1979 3885 2076 3923 νθ-

439 3930 600 3998 teris,
651 3934 803 4002 quod
853 3937 1086 3995 dicitur.
1135 3947 1489 4004 Testamenti
1535 3951 1813 4010 librorum
1869 3956 2078 4028 iniens,

437 4020 539 4090 qui
575 4023 727 4092 apud
759 4025 1028 4086 Hebraeos
1049 4034 1337 4104 majorum
1368 4041 1677 4098 traditione
1707 4046 1914 4117 recepti
1939 4020 2079 4112 sint;

445 4107 616 4164 I6,
647 4114 704 4166 et
731 4113 872 4170 citra
929 4120 1370 4192 ambiguitatem
1410 4133 1582 4199 atque
1627 4107 2078 4191 controversiam

439 4215 672 4257 omnem
723 4221 827 4275 pro
874 4205 1149 4280 legitimis
1203 4213 1468 4287 verisque
1524 4218 1866 4290 habeantur,
1919 4223 2081 4281 hisce

438 4291 631 4348 verbis
661 4294 827 4350 docet
880 4299 978 4372 (3).
1012 4324 1040 4350 α
1089 4306 1209 4358 Non
1258 4306 1444 4363 multa
1501 4309 1856 4368 voluminum
1915 4314 2080 4372 nobis

439 4384 578 4438 sunt
609 4381 816 4457 millia,
865 4387 1293 4448 dissonantium
1328 4393 1478 4452 inter
1521 4413 1582 4453 se
1611 4402 1786 4472 atque
1817 4418 2078 4474 pugnan-

438 4469 608 4536 tium,
641 4475 740 4531 sed
781 4477 980 4550 viginti
1022 4485 1246 4540 tantum
1306 4489 1363 4542 et
1415 4487 1526 4544 duo
1576 4469 1729 4562 libri,
1775 4469 2079 4549 acta'tem-

2183 3316 2541 3394 ἀρχαιοτέρας
2584 3323 2809 3399 γραφάς.
2861 3327 2984 3380 Ἔτι
3027 3323 3085 3381 δὲ
3127 3327 3215 3382 καὶ
3257 3329 3602 3406 ἀντιρρήσεις
3643 3333 3805 3404 Πρὸς

2186 3407 2474 3462 ’Δπίωνα
2517 3407 2628 3463 τδν
2675 3415 3146 3486 γραμματικὸν
3195 3419 3332 3472 κατὰ
3361 3416 3640 3475 Ἰουδαίων
3669 3441 3816 3490 τηνι-

2185 3493 2316 3550 κάδε
2346 3499 2667 3568 συντάξαντα
2698 3501 2898 3575 λόγους
2927 3505 3244 3574 πεποίηται,
3275 3506 3365 3564 καὶ
3407 3509 3544 3582 πρὸς
3591 3507 3820 3576 ἄλλους,

2185 3586 2241 3640 οἳ
2270 3584 2588 3643 διαϐάλλειν
2634 3590 2701 3645 τὰ
2743 3593 2944 3666 πάτρια
2988 3599 3086 3648 τοῦ
3133 3594 3410 3652 Ἰουδαίων
3461 3599 3817 3674 ἐπεχείρησαν

2181 3674 2388 3738 ἔθνους.
2421 3675 2644 3732 Τούτων
2674 3677 2720 3734 δ’
2760 3679 2811 3734 ἐν
2843 3685 2921 3752 τῷ
2951 3684 3199 3758 προτέρῳ
3247 3682 3402 3762 λόγῳ
3449 3687 3542 3742 τὸν
3591 3689 3821 3763 ἀρισμὸν

2183 3771 2284 3834 τῆς
2339 3767 2574 3830 παλαιᾶς
2632 3773 2739 3823 τῶν
2799 3769 3127 3842 ἐνδιαθήκων
3180 3779 3400 3853 γραφῶν
3465 3777 3651 3848 τίθησί
3701 3799 3820 3833 τινα

2185 3855 2254 3908 τὰ
2309 3857 2434 3926 παρ’
2490 3852 2764 3931 Ἑϐραίοις
2809 3859 3187 3936 ἀναντίβρητα,
3236 3852 3312 3924 ὡς
3371 3862 3432 3918 ἃν
3479 3865 3533 3936 ἐξ
3589 3865 3822 3942 ἂρχαίας

2188 3941 2539 4016 παραδόσεως
2605 3945 2788 4010 αὐτοῖς
2869 3948 3074 4022 ῥήμασι
3123 3949 3210 4006 διὰ
3265 3955 3473 4008 τούτων
3533 3953 3827 4014 διδάσκων.

2191 4030 2342 4105 Λὲγει
2377 4033 2488 4104 οὖν,
2521 4034 2596 4096 ὡς
2629 4059 2656 4086 ‹‹
2689 4037 2766 4092 Οὐ
2801 4036 3058 4111 μυριάδες
3109 4038 3344 4113 βιλλίων
3392 4043 3496 4097 εἰσὶ
3538 4045 3666 4117 παρ’
3693 4047 3832 4118 ἡμῖν

2189 4121 2528 4202 ἀσυμφώνων
2579 4125 2669 4179 καὶ
2722 4128 3088 4201 μαχομένων·
3123 4126 3219 4184 δύο
3268 4127 3326 4184 δὲ
3377 4131 3516 4204 μόνα
3553 4134 3690 4208 πρὸς
3716 4140 3833 4196 τοῖς

2191 4209 2362 4267 εἷ’κοσι
2398 4208 2585 4286 βιϐλία
2615 4233 2628 4246 ·
2663 4217 2745 4276 οἷς
2773 4217 2843 4270 τὰ
2866 4220 2964 4271 τοῦ
3009 4217 3206 4281 παντὸς
3257 4217 3457 4295 ἔχοντα
3485 4222 3687 4296 χρόνον
3733 4227 3833 4293 τὴν

2190 4301 2498 4378 ἀναγραφήν
2577 4305 2642 4358 τὰ
2727 4301 2949 4368 δικαίως
3025 4309 3141 4362 θεῖα
3221 4308 3641 4384 πεπιστευμένα.
3731 4313 3828 4367 Καὶ

2187 4390 2394 4445 τούτων
2440 4391 2597 4448 πέντε
2647 4395 2742 4464 μὲν
2787 4391 2897 4450 ἔστι
2947 4397 3016 4451 τὰ
3059 4396 3364 4460 Μωυσέως·
3401 4399 3434 4453 ἃ
3476 4400 3605 4462 τούς
3653 4422 3714 4457 τε
3741 4401 3835 4456 v6-

2195 4500 2330 4553 μους
2373 4475 2641 4556 περιέχει,
2671 4483 2762 4537 καὶ
2803 4485 2904 4554 τὴν
2944 4491 3044 4554 τῆς
3093 4485 3538 4564 ἀνθρωπογονίας
3586 4489 3836 4566 παράδο-

437 4577 645 4632 porum
672 4567 938 4624 omnium
979 4572 1450 4646 complectentes,
1492 4579 1590 4650 qui
1628 4579 1860 4652 quidem
1905 4583 2079 4652 justis

2191 4591 2270 4624 σιν
2308 4571 2475 4648 μέχρι
2505 4579 2607 4641 τῆς
2638 4573 2805 4628 αὐτοῦ
2843 4575 3124 4644 τελευτῆς.
3155 4576 3334 4640 Οὗτος
3380 4579 3408 4632 ὁ
3457 4580 3658 4654 χρόνος
3703 4581 3834 4670 ἀπο-

435 4651 508 4708 de
557 4655 752 4712 causis
799 4657 992 4716 divino
1046 4662 1246 4720 afﬂatu
1310 4667 1512 4738 scripti
1559 4651 1688 4726 esse
1739 4651 2079 4728 creduntur.

436 4745 654 4801 Horum
690 4747 952 4822 quinque
998 4757 1139 4810 sunt
1176 4753 1375 4826 Mosis,
1417 4755 1692 4831 legesque
1721 4760 2079 4838 ipsasiatque

437 4831 676 4891 humani
706 4840 936 4908 generis
955 4845 1431 4916 propagationem
1453 4853 1624 4921 atque
1654 4831 2081 4908 successionem

436 4923 509 4979 ad
541 4923 701 4983 illius
727 4927 951 4986 obitum
981 4947 1162 5004 usque
1179 4937 1499 5007 continent,
1522 4940 1676 5010 quod
1707 4943 1940 5012 tempus
1963 4957 2078 4997 non

432 5011 514 5068 ita
560 5015 810 5076 multum
869 5037 904 5078 a
959 5025 1048 5079 ter
1103 5023 1263 5082 mille
1327 5029 1498 5084 annis
1555 5029 1737 5086 abest.
1795 5011 2080 5104 Deinceps

505 5216 586 5298 (.1)
627 5219 867 5300 §_uidas_,
926 5221 1205 5300 _Philo_nis
1263 5228 2077 5300 recensens,lucubrationes,

438 5287 576 5377 guic
626 5287 1044 5376 libro~tivtulum
1077 5295 1200 5366 dat,
1233 5297 1390 5372 Περὶ
1418 5304 1537 5368 τῆς
1579 5287 2080 5377 διαγωγῆνςγτῶν

435 5361 870 5430 Χριστιανῶν.

507 5429 582 5500 (2)
612 5431 1024 5514 Vespasianus,
1071 5438 1342 5514 Jolapata
1379 5441 1592 5514 oppido
1623 5444 1889 5514 subacto,
1917 5447 2078 5503 Jose-

435 5500 619 5574 phum
667 5500 862 5574 cepit:
912 5500 1044 5563 eum
1107 5500 1351 5569 Romam
1409 5500 1482 5570 ad
1530 5500 2080 5574 Neronemwmiltere

434 5571 786 5672 2t.atulill.LAt.
810 5575 908 5633 ille
940 5578 1246 5672 i‘m‘perium
1297 5587 1462 5672 Rom.
1499 5586 1610 5658 ipsi
1642 5571 2080 5672 vespasiano'et

433 5644 562 5703 Tito
589 5645 790 5703 deberi
833 5653 966 5721 post
1007 5644 1291 5712 Neronem
1341 5644 1633 5730 divinans,
1676 5644 2082 5733 eis‘persuasit

2195 4657 2367 4713 λείπει
2413 4659 2740 4735 τρισχιλίων
2793 4660 2968 4738 ὀλίγῳ
3017 4663 3170 4719 ἐτῶν.
3203 4666 3338 4720 Ἀπὸ
3380 4663 3438 4722 δὲ
3463 4673 3564 4737 τῆς
3591 4669 3833 4730 Μωσέως

2191 4745 2450 4817 τελευτῆς
2495 4750 2662 4824 μέχρι
2709 4757 2808 4820 τῆς
2855 4750 3227 4828 Ἀρταξέρξου,
3273 4758 3372 4810 τοῦ
3435 4757 3562 4828 μετὶ
3620 4756 3831 4832 Ξέρξην

2199 4841 2418 4911 Περσῶν
2480 4837 2748 4912 βασιλέως
2807 4839 2858 4894 οἱ
2919 4840 3054 4914 μετὰ
3127 4849 3364 4913 Μωϋσῆν
3431 4851 3710 4920 προφῆται
3769 4847 3835 4901 τὰ

2189 4927 2304 4982 κατ’
2363 4926 2556 4990 αὐτοὺς
2633 4929 2941 5004 πραχθέντα
3011 4931 3343 5006 συνέγραψαν
3419 4930 3472 4988 ἐν
3539 4934 3686 5008 τρισὶ
3744 4936 3835 4991 καὶ

2191 5012 2319 5070 δέκα
2379 5011 2638 5092 βιϐλίοις.
2700 5017 2768 5074 Αἱ
2827 5015 2884 5073 δὲ
2931 5017 3122 5076 λοιπαὶ
3186 5019 3435 5096 τέσσαρες
3494 5021 3696 5096 ὕμνους
3759 5023 3836 5088 εἷς

2188 5229 2253 5282 ut
2281 5226 2573 5306 captivum
2607 5243 2666 5306 se
2705 5227 2762 5282 in
2807 5227 3014 5306 castris
3061 5229 3635 5306 secumretinerent.
3665 5232 3836 5306 Apud

2186 5314 2334 5380 quos
2367 5298 2576 5381 deinde
2609 5299 2892 5388 R‘omgain
2935 5301 3301 5388 magnonfuit.
3323 5298 3562 5388 honore
3589 5321 3608 5386 ,-
3643 5298 3842 5388 statua

2185 5369 2357 5447 etiam
2389 5370 2462 5433 ei,
2497 5369 3018 5447 propterlhistorici
3042 5369 3185 5440 styli
3221 5371 3490 5442 nitorem,
3523 5369 3606 5429 ibi
3639 5376 3836 5447 publi-

2185 5441 2337 5531 citlu‘s
2367 5448 2450 5531 est
2483 5441 2688 5531 posita.
2721 5441 2940 5531 (S'uid)
3086 5513 3096 5523 ι
3141 5513 3153 5523 ⁹
3239 5516 3288 5531 Π
3319 5518 3333 5531 Ι
3407 5517 3418 5528 .
3506 5517 3548 5531 Μ
3611 5441 3659 5531 .“
3809 5520 3843 5531 Δ.

2255 5513 2331 5582 (3)
2389 5511 2700 5584 Josephus,
2737 5511 2842 5569 ’De
2894 5511 3176 5570 canonicis
3239 5516 3443 5571 Veteris
3506 5517 3841 5576 Testamenti

2186 5583 2365 5639 libris.
