4070 6274
283 423 410 483 801

1319 411 1945 478 ECCLESIASTICIE
1987 410 2376 473 HISTORle
2418 412 2566 474 LIB.
2614 413 2692 476 ll.

3588 418 3707 480 802

284 557 386 610 τὸν
447 551 606 622 Θεδν,
657 551 748 606 καὶ
797 555 912 612 τοῖς
969 549 1278 625 ἀνθρώποις
1334 551 1611 621 ὑποθήκας
1674 553 1768 604 τοῦ
1827 547 1949 624 βίου

2079 565 2194 605 rere
2222 548 2304 621 (1)
2333 566 2367 604 a
2407 549 2586 606 Mosis
2643 553 2828 606 morte
2877 566 3060 622 usque
3116 552 3190 607 ad
3216 554 3572 622 Artaxerxis,
3606 557 3712 626 qui

286 645 672 720 περιέχουσιν.
721 643 862 698 Ἀπὸ
911 638 968 694 δὲ
1025 640 1373 716 Ἀρταξέρξου
1437 643 1608 716 μέχρί
1670 637 1766 694 τοῦ
1825 639 1944 692 καθ’

290 737 450 807 ἡμᾶς
501 733 710 807 χρόνου
767 733 1069 807 γέγραπται
1131 731 1225 803 μὲν
1280 727 1478 784 ἕκαστα
1529 749 1542 762 ·
1600 728 1830 788 πίστεως
1890 724 1947 780 δὲ

293 823 413 898 οὐχ
443 821 642 894 ὄμοίας
683 820 909 890 1ἧξίωται
958 824 1075 878 τοῖς
1134 820 1240 892 πρὸ
1273 817 1467 886 αὐτῶν,
1497 816 1585 871 διὰ
1629 819 1692 870 τὸ
1725 819 1801 889 μὴ
1852 837 1949 890 γε-

295 911 486 966 νέσθαι
527 911 628 978 τήν
674 913 783 963 τῶν
839 913 1134 985 προφητῶν
1187 903 1386 983 ἀκριϐῆ
1434 905 1718 980 διαδοχήν.
1772 904 1950 974 Δῆλον

300 999 350 1054 δ’
396 997 509 1054 ἐστὶ
541 1003 657 1060 πῶς
698 999 863 1070 ἡμεῖς
911 991 1054 1072 ἔργῳ
1101 997 1368 1070 πρόσιμεν
1414 1000 1533 1058 τοῖς
1575 992 1734 1056 ἰδίοις
1764 993 1953 1069 γράμ-

302 1111 440 1165 μασι
474 1109 486 1123 ⁸
527 1087 792 1143 τοσούτου
829 1086 931 1160 γὰρ
963 1085 1162 1149 αἰῶνος
1209 1085 1318 1156 ἤδη
1367 1085 1797 1160 παρῳχηκότος,
1829 1078 1952 1137 οὔτε

301 1177 624 1254 προσθεῖναί
671 1198 758 1241 τις
806 1175 928 1230 οὕτε
971 1173 1188 1253 ἀφελεῖν
1238 1174 1329 1230 ἀπ’
1378 1174 1554 1229 αὐτῶν
1605 1171 1730 1228 οὔτε
1790 1191 1952 1243 μετα-

303 1270 480 1322 θεῖναι
536 1264 865 1338 τετόλμηκε.
910 1268 1046 1319 Πᾶσι
1097 1261 1154 1318 δὲ
1197 1263 1476 1340 σύμφυτόν
1515 1262 1658 1316 ἐστιν
1703 1259 1761 1316 ἐκ
1808 1259 1956 1336 πρώ-

304 1377 413 1426 της
461 1353 717 1430 γενέσεως
764 1349 1050 1415 Ἰουδαίοις
1095 1353 1156 1406 τὸ
1199 1351 1442 1423 νομίζειν
1491 1351 1627 1405 αὐτὰ
1671 1351 1786 1404 θεῖα
1817 1345 1956 1425 δόγ-

311 1465 484 1518 ματα,
539 1441 630 1496 καὶ
687 1440 900 1502 τούτοις
960 1440 1252 1514 ἐπιμένειν,
1313 1439 1402 1494 καὶ
1462 1439 1595 1514 ὑπὲρ
1655 1435 1855 1506 αὑτῶν,
1908 1437 1954 1491 εἰ

306 1532 448 1604 δέοι,
481 1532 726 1602 θνήσκειν
759 1528 954 1601 ἡδέως.
990 1553 1016 1582 ιι
1052 1531 1192 1606 Πρρς
1224 1527 1281 1584 δὲ
1309 1533 1387 1601 τῷ
1425 1527 1570 1584 τέλει
1623 1534 1722 1596 τῆς
1756 1529 1804 1581 κ’
1835 1527 1955 1602 ἀρ-

306 1622 732 1703 χαιολογίας
789 1622 1035 1698 ἐμφαίνει
1095 1620 1146 1675 ἐν
1191 1621 1442 1693 τέσσαρσι
1502 1618 1808 1695 συγγράψαι
1871 1618 1958 1693 βι-

303 1711 498 1774 6λίοις
530 1719 594 1785 ‘Il
613 1713 711 1788 ερὶ
753 1716 936 1781 Θεοῦ,
965 1712 1086 1765 ὅσαι
1132 1711 1351 1784 πάτριαι
1385 1707 1554 1780 δόξαι,
1579 1709 1666 1762 καὶ
1710 1708 1832 1782 περὶ
1859 1713 1959 1776 τῆς

307 1801 500 1864 οὐσίας
534 1800 720 1871 αὐτοῦ,
769 1802 860 1854 καὶ
907 1800 1028 1872 περῖ
1075 1802 1183 1852 τῶν
1235 1797 1418 1870 νόμων
1456 1817 1466 1828 ·
1503 1794 1590 1850 διὰ
1628 1798 1678 1850 τί
1712 1797 1827 1850 κατ’
1856 1793 1960 1849 αὕ-

305 1889 440 1952 τοὺς
470 1891 536 1944 τά
579 1891 676 1961 μὲν
733 1885 901 1958 ἔξεστι
958 1884 1230 1960 πράττειν,
1277 1887 1344 1940 τά
1385 1883 1440 1939 δὲ
1488 1884 1824 1958 κεκώλμται.
1857 1883 1958 1939 Καὶ
1990 1923 2037 1986 Β

303 1977 461 2032 ἄλλα
507 1975 565 2032 δὲ
606 1977 756 2049 αὐτῷ
812 1974 1218 2044 σπουδασθῆναι
1269 1975 1296 2028 ὁ
1345 1973 1508 2035 αὐτὸς
1544 1974 1594 2026 ἐν
1636 1979 1752 2033 τοῖς
1795 1975 1958 2026 αὑτοῦ

303 2067 598 2140 καταλέγει
653 2065 1086 2141 συγγράμμασιν.
1121 2065 1212 2120 Ἐν
1263 2061 1320 2116 δὲ
1362 2060 1441 2134 δῷ
1491 2069 1590 2131 τῆς
1647 2063 1961 2136 Ἀρχαιο-

304 2155 514 2229 λόγίας
538 2153 686 2210 τέλει
717 2149 1030 2209 διαϐάλλων
1079 2155 1314 2207 Ἰοῦστον
1365 2147 1608 2225 Τιϐεριέα
1657 2152 1778 2204 τινὰ
1824 2153 1960 2205 κατὰ

298 2245 436 2306 τοὺς
500 2242 698 2300 αὐτοὺς
756 2243 902 2314 αὐτῷ
957 2242 1178 2316 καιροὺς
1239 2242 1315 2312 μή
1377 2239 1557 2310 ἀληθῆ
1635 2241 1958 2316 γεγραφότα,

308 2333 408 2388 σὺν
467 2333 710 2395 πολλαῖς
767 2333 856 2387 καὶ
915 2330 1113 2395 ἄλλαις
1164 2329 1224 2393 ἃς
1281 2328 1465 2403 ἐπάγει
1521 2329 1699 2401 τούτῳ
1745 2329 1959 2390 εὐθύνας

309 2424 406 2478 καὶ
465 2425 654 2483 αὐταῖς
713 2419 885 2494 λέξεσι
915 2425 1082 2476 ταῦτα
1112 2441 1276 2499 φησιν
1313 2437 1326 2452 ο
1360 2442 1388 2469 ‹‹
1422 2419 1503 2475 Οὐ
1550 2419 1660 2490 μὴν
1709 2417 1820 2494 ἐγὼ
1877 2439 1961 2472 σοι

299 2516 406 2569 τὸν
454 2513 613 2568 αὐτὸν
644 2512 848 2586 τρόπον
895 2510 1019 2584 περὶ
1066 2516 1166 2579 τῆς
1223 2507 1463 2582 ἐμαυτοῦ
1511 2513 1690 2582 γρφῆς
1735 2502 1914 2561 ἔδεισα
1944 2524 1960 2539 ·

309 2603 449 2660 ἀλλ’
500 2603 686 2664 αὐτοῖς
744 2599 994 2656 ἔπέδωκα
1045 2605 1162 2662 τοῖς
1209 2600 1602 2673 αὐτοκράτορσι
1639 2619 1708 2652 τα
1750 2592 1964 2671 βιϐλία,

317 2691 558 2766 μονονοὺ
596 2696 704 2746 τῶν
747 2685 918 2766 ἔργων
957 2687 1066 2760 ἤδη
1129 2689 1506 2763 βλεπομένων.
1567 2683 1828 2760 Συνῄδειν
1862 2684 1965 2761 γὰρ

319 2782 546 2852 ἐμαυτῷ
593 2780 922 2854 τετηρηκότι
976 2779 1076 2846 τήν
1140 2780 1266 2852 τῆς.
1295 2775 1558 2847 ἀληθείας
1618 2772 1915 2846 παράδοσιν
1947 2789 1964 2808 ο

324 2870 410 2946 ἐφ’
547 2869 841 2944 μαρτυρίας
896 2869 1166 2936 τεύξεσθαι
1238 2863 1640 2942 προσδοκήσας,
1710 2863 1773 2918 οὐ
1839 2861 1970 2931 διή-

328 2978 555 3034 μαρτον.
590 2959 684 3013 Καὶ
736 2955 934 3021 ἄλλοις
977 2953 1033 3011 δὲ
1087 2954 1322 3018 πολλοῖς
1381 2951 1628 3010 ἐπέδωκα
1671 2955 1771 3023 τὴν
1821 2953 1971 3007 loto—

323 3048 465 3122 ρίαν,
499 3048 572 3101 ὧν
635 3045 768 3102 ἔνιοι
827 3045 916 3100 καὶ
970 3046 1487 3118 παρατετυχηκεσαν
1551 3047 1630 3116 τῷ
1711 3040 1968 3115 πολέμῳ,

319 3138 566 3213 καθάπερ
615 3134 870 3211 βασιλεὺς
935 3133 1260 3211 Ἀγρίππας,
1315 3133 1406 3188 καὶ
1452 3153 1593 3194 τινες
1651 3131 1816 3186 αὐτοῦ
1860 3133 1968 3184 τῶν

325 3227 620 3302 συγγενῶν.
653 3224 710 3276 '0
766 3223 862 3297 μὲν
928 3223 1035 3296 γὰρ
1090 3221 1440 3294 αὐτοκράτωρ
1498 3223 1657 3281 Τῖτος
1701 3217 1873 3278 οὕτως
1913 3216 1973 3271 ἐκ

2052 637 2207 709 apud
2269 638 2474 695 Persas
2523 639 2697 694 Xerxi
2755 641 3055 705 successit,
3106 657 3370 712 regnum,
3433 645 3533 714 qui
3590 662 3724 715 post

2054 725 2250 780 Mosen
2286 725 2537 792 fuerunt,
2571 726 2886 798 prephetze,
2947 729 3311 800 temporibus
3369 731 3454 785 eis
3508 739 3720 802 gestas,

2054 818 2193 868 sunt
2223 816 2507 886 persecuti
2534 817 2700 871 libris
2739 819 3030 874 tredecim.
3067 819 3173 884 Qui
3233 835 3365 874 vero
3399 825 3538 875 sunt
3579 822 3719 877 reli-

2054 903 2154 974 qui
2189 907 2455 974 quatuor,
2494 905 2739 976 hymnos
2767 911 2823 960 et
2863 907 3065 963 laudes
3115 909 3173 963 in
3231 908 3416 965 Deum
3476 926 3712 982 compo-

2056 993 2220 1061 sitas,
2251 996 2306 1047 et
2338 999 2624 1064 praecepta
2655 995 2957 1050 hominum
2991 995 3121 1051 vitae
3152 996 3388 1054 habent.
3421 999 3505 1054 Ab
3547 1002 3722 1058 Arta-

2057 1098 2227 1138 xerxe
2247 1086 2441 1138 autem
2475 1084 2546 1139 ad
2569 1089 2827 1140 nostram
2870 1100 3050 1156 usque
3099 1090 3322 1142 tetatem
3367 1089 3718 1162 [perscriptae

2059 1172 2296 1244 quidem
2329 1176 2470 1228 sunt
2501 1188 2592 1230 res
2623 1173 2906 1230 universa:
2931 1192 2944 1230 :
2974 1177 3072 1232 sed
3097 1191 3214 1233 non
3236 1193 3366 1234 eam
3395 1178 3529 1235 libri
3554 1181 3720 1252 tales,

2059 1278 2234 1332 quam
2262 1260 2496 1319 illorum
2531 1262 2633 1334 qui
2664 1279 2762 1319 eos
2796 1269 3221 1334 prmeesserunt
3251 1267 3404 1338 apud
3462 1285 3571 1324 nos
3604 1285 3724 1326 me-

2060 1355 2303 1406 ruerunt
2351 1350 2523 1407 iidem
2577 1368 2591 1406 :
2635 1355 2938 1424 propterea
2997 1355 3152 1424 quod
3208 1372 3324 1412 non
3377 1361 3496 1415 tam
3565 1365 3722 1418 certa

2062 1444 2236 1508 atque
2255 1439 2548 1511 explorata
2573 1440 2986 1512 prophetarum
3003 1445 3386 1514 posteriorum
3402 1448 3719 1506 sitsucces-

2064 1527 2166 1583 sio.
2198 1527 2350 1583 Satis
2402 1544 2574 1600 porro
2611 1545 2705 1585 res
2762 1528 2891 1602 ipsa
2938 1532 3218 1602 declarat,
3279 1551 3394 1606 qua
3441 1538 3722 1610 religione

2065 1632 2173 1672 nos
2204 1615 2381 1672 libros
2413 1621 2643 1674 nostros
2689 1619 2848 1675 adire
2902 1625 3078 1692 atque
3125 1639 3355 1680 versare
3405 1625 3719 1684 soleamus.

2065 1702 2206 1758 Cum
2235 1704 2392 1760 enim
2413 1707 2498 1760 tot
2521 1705 2644 1774 jam
2675 1706 2885 1762 secula
2931 1708 3332 1779 praeterierint,
3393 1729 3563 1769 nemo
3613 1731 3724 1770 un-

2068 1808 2241 1862 quam
2278 1794 2548 1848 inventus
2578 1801 2687 1861 est,
2721 1794 2819 1866 qui
2854 1795 2940 1851 vel
2974 1797 3184 1854 addere
3214 1800 3564 1872 quidquam,
3624 1820 3722 1858 ve-

2068 1883 2392 1950 detrahere,
2423 1883 2511 1939 vel
2546 1889 2771 1940 mutare
2800 1887 3049 1957 denique
3081 1889 3136 1943 in
3181 1893 3566 1948 sacrosanctis
3596 1911 3722 1950 ora-

2066 1972 2216 2026 culis
2246 1989 2428 2028 ausus
2460 1973 2654 2028 fuerit.
2686 1974 2982 2044 ﬂmnibus
3009 1977 3241 2049 quippe,
3287 1979 3359 2034 ab
3410 1979 3534 2050 ipso
3563 1985 3717 2050 ortu,

2065 2061 2284 2116 Judaeis
2317 2063 2602 2133 igenitum
2635 2068 2741 2132 est,
2777 2065 3052 2122 divinitus
3109 2069 3400 2139 proditam
3433 2087 3560 2126 eam
3591 2087 3718 2127 esse

2067 2150 2394 2208 doctrinam
2428 2153 2684 2220 credere,
2745 2154 2802 2208 in
2852 2171 3033 2226 eaque
3081 2161 3416 2215 constanter
3455 2177 3721 2232 perseve-

2068 2257 2217 2310 rare,
2251 2246 2429 2313 atque
2460 2242 2624 2309 adeo,
2653 2243 2704 2298 si
2733 2261 2880 2314 opus
2911 2243 3007 2312 sit,
3063 2261 3166 2316 pro
3224 2241 3292 2304 ea
3338 2250 3513 2305 etiam
3602 2267 3718 2307 non

2069 2338 2298 2400 gravate
2355 2331 2541 2401 ipsam
2595 2331 2756 2386 adire
2805 2336 2861 2387 et
2929 2334 3180 2403 perferre
3247 2341 3516 2394 mortem.
3573 2360 3602 2387 ι»
3639 2339 3725 2394 Ad

2073 2419 2248 2474 tinem
2274 2423 2466 2474 autem
2519 2419 2776 2476 vicesimi
2833 2423 3239 2494 Antiquitatum
3292 2424 3423 2482 libri
3481 2427 3725 2494 indicat,

2072 2513 2326 2580 quatuor
2355 2524 2416 2565 se
2446 2509 2848 2582 composuisse
2878 2511 3060 2569 libros
3090 2515 3166 2570 De
3196 2515 3320 2577 Deo,
3345 2533 3472 2588 qua:
3500 2517 3724 2576 Judteo-

2074 2613 2206 2654 rum
2237 2599 2306 2653 de
2344 2614 2410 2654 eo
2467 2599 2587 2654 sint
2643 2601 2841 2670 patriae
2897 2601 3202 2671 Opiniones
3269 2606 3338 2660 de
3395 2607 3726 2666 substantia

2072 2687 2224 2758 ejus,
2255 2695 2310 2742 et
2339 2687 2409 2742 de
2439 2687 2683 2757 legibus.
2716 2689 2839 2752 Qua
2871 2695 3107 2762 propter
3126 2695 3280 2763 apud
3310 2711 3408 2750 eos
3456 2700 3720 2768 quadam

2077 2776 2423 2848 permissum
2455 2777 2530 2832 sit
2561 2777 2764 2848 facere,
2797 2781 3062 2850 quaedam
3091 2799 3220 2839 vero
3241 2785 3362 2840 sint
3411 2788 3724 2857 prohibita.

2075 2865 2202 2920 Alia
2233 2867 2470 2936 insuper
2500 2883 2534 2921 a
2564 2882 2626 2922 se
2657 2867 2810 2923 edita
2830 2883 2958 2924 esse
2987 2869 3140 2926 idem
3173 2871 3298 2943 ipse
3337 2873 3398 2928 in
3455 2877 3726 2946 eperibus

2077 2954 2200 3010 suis
2246 2961 2560 3010 asseverat.
2633 2955 2845 3012 Verum
2893 2957 2954 3013 in
3017 2959 3131 3016 ﬁne
3188 2961 3611 3034 Antiquitatum,
3671 2966 3732 3020 in

2077 3043 2650 3115 Justuquuemdam
2699 3062 2768 3102 ex
2825 3047 3154 3117 Tiberiade,
3204 3051 3301 3121 qui
3357 3053 3428 3108 de
3483 3054 3728 3123 eisdem,

2077 3131 2290 3203 quibus
2322 3133 2445 3203 ipse
2479 3135 2840 3204 temporibus
2871 3139 2928 3190 et
2950 3137 3146 3198 rebus,
3181 3139 3375 3196 minus
3401 3157 3535 3198 vera
3590 3143 3734 3199 scri-

2082 3222 2217 3294 psit,
2240 3223 2390 3294 ster
2413 3223 2710 3293 invehens,
2739 3241 2874 3281 cum
2897 3227 3010 3282 alia
3049 3229 3341 3300 permulta
3361 3232 3413 3288 ei
3438 3234 3571 3290 vitio
3610 3237 3731 3304 dat,

329 3291 513 3388 μόνων
553 3312 731 3368 αὐτῶν
766 3291 1040 3381 ’ἐϐουλέθῇ
1097 3311 1198 3379 τήν
1245 3291 1440 3384 γνῶσιν
1489 3314 1607 3370 τοῖς
1656 3308 1970 3396 ἀνθρώποις

2084 3291 2209 3367 tum
2245 3291 2403 3368 hisce
2435 3313 2618 3368 utitur
2646 3291 2878 3370 verbis:
2913 3338 2940 3366 ‹‹
3001 3291 3125 3373 Non
3182 3320 3476 3392 equidem,
3517 3291 3734 3396 inquit,

329 3399 667 3478 παραδοῦναι
715 3405 824 3456 τῶν
887 3399 1152 3474 πράξεων,
1210 3397 1353 3454 ὥστε
1408 3397 1647 3473 χαράξας
1696 3399 1767 3470 τῇ
1824 3395 1993 3450 αὐτοῦ

331 3492 483 3568 χειρὶ
540 3492 608 3546 τὰ
665 3486 880 3566 βιϐλία,
940 3488 1358 3562 δημοτιεόεσθαι
1417 3485 1736 3562 προσέταξεν
1787 3503 1800 3516 ·
1861 3489 1888 3540 ὁ
1930 3481 1986 3538 δὲ

336 3580 596 3656 βασιλεὺς
655 3579 952 3654 Ἀγρίππας
1001 3579 1042 3648 ξ’
1108 3576 1198 3632 καὶ
1371 3575 1596 3652 ἔγραψεν
1668 3574 1984 3638 ἐπιστολάς,

334 3676 406 3744 τῇ
462 3672 561 3738 τῆς
619 3668 882 3740 ἀληθείας
941 3665 1233 3743 παραδόσει
1295 3671 1667 3740 μαρτυρῶν.»
1723 3666 1840 3742 Ἀφ’
1905 3666 1980 3720 ὧν

336 3759 428 3815 καὶ
481 3755 575 3813 δύο
623 3758 972 3828 παρατίθησι.
1032 3760 1294 3812 Τοσοῦτον
1361 3753 1417 3809 δὲ
1471 3759 1552 3827 τῷ
1628 3759 1980 3830 συγγραφικῷ

338 3855 653 3924 χαρακτῆρι
712 3849 880 3917 ἀνθεῖ,
929 3850 1019 3903 τὸν
1079 3843 1412 3916 Θουκυδίδην
1493 3845 1855 3918 μιμούμενος,
1903 3843 1979 3906 ὡς

343 3935 547 4014 μηδένα
576 3939 638 3992 τὸ
685 3937 735 4010 ἐξ
776 3935 982 3992 ἐκείνου
1042 3936 1188 3991 ἐᾶσαι
1243 3936 1306 3990 τὸ
1365 3940 1632 4008 πρωτεῖον
1689 3931 1982 4009 κληρώσα-

341 4031 491 4098 σθαι,
545 4031 663 4088 ταῖς
718 4031 930 4088 καιναῖς
983 4025 1064 4080 ἀεὶ
1113 4027 1328 4100 χαίρων
1383 4028 1491 4078 τῶν
1537 4022 1858 4094 ὑποθέσεων,
1889 4024 1979 4078 καὶ

345 4117 466 4192 μετ’
495 4115 748 4178 εὐκολίας
779 4115 958 4186 πάσης
991 4133 1004 4146 ⁸
1042 4116 1118 4188 μή
1149 4118 1246 4168 τοῦ
1273 4119 1372 4183 τῆς
1421 4112 1620 4188 τέχνης
1671 4111 1831 4167 τόνου
1883 4131 1984 4186 χα-

342 4205 484 4273 λῶν,
527 4207 708 4274 ἠπίως
761 4204 908 4278 μάλα
957 4204 1046 4258 καὶ
1104 4202 1312 4278 ἱλαρῶς
1354 4200 1652 4276 διέρχεται,
1698 4203 1983 4278 ὑπερφυῶς

345 4294 650 4374 ἐκφράζων,
699 4292 796 4348 κάν
852 4297 933 4364 τῷ
980 4290 1316 4367 δημηγορεῖν
1375 4286 1760 4364 ἀϐρυνόμενος.
1801 4295 1859 4344 Ὁ
1893 4291 1988 4363 μὲν

347 4383 443 4440 οὖν
497 4381 685 4438 Φίλων
739 4385 808 4456 τῇ
867 4381 1167 4460 φιλοσοφίᾳ
1195 4379 1434 4456 φαίνεττι
1464 4379 1526 4434 τὸ
1557 4378 1722 4434 πλέον
1751 4377 1988 4454 ἐσχολα-

349 4475 502 4537 κώςο
534 4475 802 4544 Ἰώσηπος
858 4469 916 4526 δὲ
968 4476 1076 4526 τῶν
1135 4473 1234 4538 τῆς
1287 4469 1572 4543 ῥητορείας
1621 4468 1814 4543 ὀργίων
1849 4464 1992 4524 ἔοικε

349 4567 544 4621 πλεῖον
589 4562 980 4639 μετεσχηκέναι
1029 4580 1043 4594 ·
1092 4561 1332 4622 κᾶκεῖνος
1383 4561 1477 4634 μὲν
1529 4561 1667 4636 πρὸς
1723 4559 1991 4616 Πλάτωνα

2088 3400 2292 3456 itidem
2327 3407 2500 3472 atque
2533 3407 2616 3468 tu,
2649 3404 2878 3474 scriptis
2913 3406 3056 3461 meis
3088 3406 3278 3463 timui.
3313 3410 3422 3465 Sed
3481 3411 3734 3483 impera-

2093 3491 2310 3546 toribus
2357 3491 2499 3560 ipsis
2555 3491 2736 3547 libros
2797 3511 2956 3549 meos
3011 3496 3215 3566 obtuli,
3267 3515 3397 3554 cum
3459 3515 3549 3555 res
3597 3501 3737 3573 ipsa:

2089 3584 2263 3651 gestae
2295 3581 2716 3651 propemodum
2778 3582 2969 3638 adhuc
3027 3591 3420 3642 cernerentur.
3453 3591 3736 3648 Conscius

2089 3671 2243 3725 enim
2285 3668 2411 3740 ipse
2473 3685 2602 3724 sum
2655 3669 2820 3737 mihi,
2875 3687 2967 3726 me
3017 3674 3275 3730 veritatis
3333 3681 3734 3736 consectandae

2088 3761 2372 3828 praecepta
2395 3773 2786 3814 conservasse.
2817 3759 2999 3830 Cujus
3029 3776 3160 3818 cum
3191 3778 3284 3820 me
3329 3765 3732 3824 testimonium

2086 3855 2532 3906 consecuturum
2563 3864 2884 3920 sperarem,
2934 3866 3051 3907 non
3112 3867 3201 3908 me
3256 3854 3458 3911 fefellit
3513 3858 3729 3928 opinio.

2087 3939 2230 3994 Cum
2263 3938 2464 3994 multis
2495 3955 2748 4009 namque
2773 3939 2902 3995 aliis
2931 3939 3232 3998 historiam
3282 3960 3466 4000 meam
3524 3945 3729 4018 legen-

2089 4027 2224 4082 dam
2253 4026 2510 4095 exhibui,
2539 4043 2609 4081 ex
2640 4027 2858 4098 quibus
2923 4030 3187 4086 nonnulli
3209 4031 3267 4086 in
3293 4031 3508 4090 bellum
3541 4035 3741 4108 ipsum

2090 4117 2266 4172 etiam
2299 4116 2648 4186 inciderunt,
2694 4118 3192 4188 quemadmodum
3232 4123 3483 4195 Agrippa
3513 4140 3611 4180 rex
3640 4126 3758 4196 (2),

2095 4205 2251 4260 108
2307 4207 2366 4261 et
2419 4205 2654 4276 quidam
2715 4207 2939 4277 cognati
2995 4208 3124 4278 ejus
3181 4226 3195 4266 :
3254 4213 3375 4266 tum
3433 4212 3750 4285 imperator

2093 4293 2285 4362 Titus,
2317 4293 2460 4350 adeo
2491 4309 2592 4365 per
2639 4295 2990 4366 scriptorum
3051 4313 3312 4356 meorum
3368 4307 3750 4358 monumenta

2093 4383 2507 4439 tantummodo
2538 4399 2731 4440 rerum
2765 4389 3062 4454 gestarum
3096 4388 3489 4459 cognitionem
3546 4391 3608 4447 in
3642 4391 3754 4446 ho-

2097 4472 2288 4528 mines
2319 4471 2546 4542 vulgari
2578 4471 2778 4540 voluit,
2831 4477 2892 4528 ut
2932 4489 3143 4531 manus
3200 4493 3315 4532 sua:
3372 4479 3746 4536 adnotatione

2099 4561 2400 4617 historiam
2431 4560 2837 4632 consignatum
2887 4563 3176 4634 publicari
3227 4567 3579 4638 preceperit.
3632 4568 3750 4624 Rex

353 4656 584 4729 ἀφορᾷν,
625 4653 784 4716 οὗτος
845 4649 900 4706 δὲ
965 4651 1098 4726 πρὸς
1153 4652 1243 4706 τὸν
1290 4645 1650 4718 Θουκυδίδην.
1709 4645 1882 4704 Ἀλλὰ
1938 4669 1966 4702 τ

2112 4654 2388 4722 praeterea
2425 4649 2679 4722 Agrippa
2725 4651 3028 4723 sexaginta
3064 4657 3123 4708 et
3169 4653 3312 4710 duas
3361 4655 3594 4726 scripsit
3631 4657 3758 4728 epi-

357 4744 454 4817 μὲν
503 4741 640 4797 κατᾶ
695 4739 922 4796 Φίλωνα
965 4739 1053 4794 καὶ
1111 4739 1380 4808 Ἰώσηπον
1441 4737 1492 4792 ἐν
1523 4737 1760 4798 τούτοις,
1805 4737 1997 4809 Ἡμεῖς

355 4832 417 4888 δὲ
498 4831 662 4888 πάλιν
721 4829 809 4884 ἐπὶ
883 4831 983 4899 τήν
1069 4827 1394 4884 ἀκολουθίαν
1464 4830 1572 4882 τῶν
1623 4823 1999 4880 ἆποστολικῶν

355 4917 732 4992 ἐπανέλθωμεν
791 4916 1055 4992 πράξεων,
1115 4913 1167 4969 ἐν
1223 4913 1470 4986 ἐπιτόμῳ
1539 4911 1700 4972 αὐτὰς
1784 4909 2000 4986 διερχό-

360 5028 537 5080 μενοι.

2107 4739 2311 4802 stolas,
2340 4738 2550 4808 quibus
2598 4739 2731 4793 ﬁdei
2775 4743 2949 4810 atque
2995 4740 3258 4797 veritatis
3307 4741 3564 4800 Historiae
3614 4761 3756 4800 mete

2109 4827 2374 4898 perhibet
2412 4826 2838 4883 testimonium.
2873 4847 2898 4878 ι
2951 4829 3031 4883 Ex
3077 4829 3293 4900 quibus
3331 4831 3477 4887 duas
3525 4849 3762 4904 quoque

2107 4913 2365 4987 apponit.
2397 4918 2716 4985 Tantopere
2744 4919 2936 4971 autem
2958 4916 3254 4988 historico,
3303 4919 3475 4975 rebus
3533 4937 3761 4993 quoque

2107 5005 2178 5060 ad
2209 5003 2594 5060 imitationem
2615 5004 2971 5076 Thucydidis
2991 5005 3356 5075 scribendis,
3381 5008 3525 5080 tylo
3552 5010 3754 5080 enitet,

359 5104 423 5156 ut
454 5098 744 5154 neminem
787 5097 847 5152 in
885 5113 954 5152 ea
995 5095 1164 5152 laude
1197 5094 1407 5168 primas
1457 5095 1604 5150 ferre
1659 5093 1932 5165 patiatur.
1977 5093 2277 5164 Siquidem
2336 5093 2504 5149 novis
2563 5093 2815 5149 subinde
2867 5095 3124 5162 gaudens
3185 5098 3568 5169 argumentis,
3623 5115 3756 5154 cum

359 5190 640 5246 facilitate
671 5189 877 5254 multa,
911 5187 1054 5242 nihil
1089 5188 1159 5242 de
1189 5185 1332 5242 artis
1385 5185 1582 5256 vigore
1627 5182 1950 5244 remittens.
2001 5183 2197 5240 suavis
2245 5183 2556 5239 admodum
2617 5190 2672 5239 et
2733 5184 2899 5239 laetus
2949 5184 3206 5242 incedit:
3238 5189 3297 5242 et
3331 5202 3466 5244 cum
3511 5187 3761 5244 miriﬁca

357 5281 488 5351 ejus
537 5286 628 5336 est
673 5277 941 5343 elocutio,
984 5281 1107 5332 tum
1183 5277 1241 5331 in
1291 5275 1672 5330 concienibus
1729 5273 1978 5344 gloriam
2035 5277 2093 5329 et
2140 5274 2372 5329 laudem
2425 5273 2640 5330 meruit
2675 5273 3049 5345 singularem.
3099 5275 3255 5332 Philo
3313 5281 3466 5334 certe
3522 5279 3758 5351 quidem

360 5368 740 5442 philosOphiw
774 5367 1093 5440 plurimum
1127 5381 1312 5438 operae
1346 5380 1610 5432 navasse,
1659 5367 1719 5420 at
1765 5363 2058 5434 Josephus
2089 5367 2388 5420 oratorum
2433 5379 2601 5420 sacra
2645 5363 2826 5432 magis
2868 5364 3120 5422 coluisse
3148 5365 3396 5423 videtur.
3424 5368 3495 5426 Et
3540 5369 3638 5425 ille
3683 5369 3754 5426 ad

432 5585 513 5657 (1)
543 5583 751 5657 Euseb.
783 5582 884 5638 lib.
921 5597 1004 5657 ιιι,
1045 5596 1172 5657 cap.
1209 5580 1294 5657 lt).
1352 5581 1691 5657 Theodorus
1750 5578 2006 5657 Biblianf

359 5651 526 5714 dera
557 5656 776 5711 munde
805 5654 1038 5710 condito
1088 5653 1158 5708 ad
1211 5651 1382 5708 Mosae
1437 5652 1684 5718 obitum,
1743 5655 2007 5706 numerat

363 5743 551 5788 annos
579 5728 739 5785 21:38.

2187 5577 2262 5646 (2)
2297 5575 2398 5655 llic
2431 5576 2683 5655 Agrippa
2714 5593 2900 5655 usque
2939 5579 3008 5655 ad
3040 5579 3570 5655 llierosolymorum
3603 5585 3762 5639 exci-

2111 5645 2277 5728 dium
2311 5645 2585 5728 duravit,
2613 5645 2874 5728 'l-leredis
2913 5651 3184 5728 Agrippae
3226 5645 3326 5723 (de
3352 5671 3467 5728 quo
3515 5655 3652 5711 Luc.
3693 5671 3758 5714 ιιι

2115 5721 2238 5776 Act.
2273 5719 2427 5776 circa
2457 5719 2629 5775 tinem
2655 5720 2874 5792 scribit)
2906 5719 3083 5780 ﬁlius:
