4070 6274
381 387 502 448 803

1673 376 1724 434 Ν
1731 373 2092 438 ICEPHORI
2137 373 2496 436 CALLISTI

3671 378 3796 439 θυι

377 523 702 586 Platonem,
754 518 845 574 hic
895 515 967 572 ad
1025 512 1422 586 Thucydidem
1470 511 1742 583 respexit.
1789 510 1900 568 Sed
1947 511 2016 566 de
2039 509 2281 566 Philone
2329 515 2387 566 et
2407 509 2663 582 Josepho
2717 511 2880 567 satis.
2926 513 3010 568 Ad
3060 512 3324 570 ordinem
3367 511 3523 569 enim
3557 518 3616 569 et
3647 529 3796 570 con-

377 619 594 670 textum
625 614 890 667 actorum
913 605 1365 680 apostolicorum
1396 603 1584 660 redire
1616 618 1724 659 nos
1753 601 2044 670 convenit,
2079 605 2140 656 ut
2172 617 2268 671 per
2297 601 2707 672 compendium
2743 603 3082 658 summatim
3114 619 3182 659 ea
3212 618 3646 676 percurramus.

989 731 1219 788 CAPUT
1267 729 1426 785 XIX.

391 849 455 905 Ut
484 845 698 903 Paulus
740 847 924 913 gentes
981 839 1052 896 ad
1098 840 1490 910 professionem
1527 836 1673 913 fidei
1699 833 2032 913 Christiana:

454 905 778 989 perduxerit
807 932 826 970 :
857 919 907 970 et
934 914 1001 968 de
1020 905 1507 989 Aqulrst'ionemota
1529 905 1607 963 de
1625 979 1636 989 _
1655 907 1770 989 lege
1799 905 2030 962 Mosaica

451 979 485 1045 ξι
513 989 765 1059 gentibus
791 979 1111 1059 servanda:
1145 991 1202 1059 et
1224 979 1780 1059 quidflierosolymis
1805 992 2028 1059 congre-

447 1052 572 1132 ρηῙί
593 1060 824 1132 apostoli
852 1057 917 1114 de
945 1073 1009 1112 ea
1035 1052 1134 1127 per
1165 1052 1474 1126 Epistulam
1502 1052 1864 1110 decreverint.

445 1241 837 1309 Posteaquam
886 1231 1099 1290 Paulus
1178 1233 1235 1287 et
1274 1228 1575 1285 Barnabas
1631 1225 2024 1283 ministerium

375 1330 621 1385 fratrum
652 1323 1035 1398 complevere,
1095 1322 1151 1378 et
1206 1317 1603 1391 Hierosolyma
1660 1322 1960 1385 revertere,
1995 1331 2028 1370 a

379 1417 591 1490 Spiritu
625 1418 824 1472 sancto
865 1412 1038 1468 ambo
1087 1409 1470 1478 designantur
1523 1413 1692 1477 atque
1751 1404 2028 1476 deligun—

373 1513 491 1576 tur,
523 1507 593 1560 ad
627 1505 774 1576 quod
807 1501 989 1560 vocati
1027 1501 1258 1556 fuerant
1312 1512 1482 1568 opus.
1541 1497 1620 1552 Ac
1673 1509 1776 1566 per
1829 1493 2024 1550 Seleu-

373 1594 525 1650 ciam
564 1592 622 1648 in
673 1589 930 1647 insulam
989 1588 1266 1659 Cyprum,
1314 1585 1618 1656 ipsamque
1667 1581 2026 1638 Salaminem

371 1683 634 1750 veniunt,
665 1679 884 1738 Judais
915 1675 1094 1734 divini
1138 1675 1314 1731 Verbi
1362 1672 1737 1744 Evangelium
1797 1687 2028 1728 annun-

373 1772 586 1827 tiantcs
621 1774 902 1836 :Joanne,
935 1766 1028 1824 cui
1061 1769 1118 1821 et
1145 1764 1320 1820 Marci
1361 1779 1571 1820 nomen
1619 1761 1746 1829 fuit,
1796 1761 1882 1816 eis
1928 1759 2026 1814 in-

375 1862 662 1918 serviente
693 1875 708 1916 :
743 1859 844 1932 qui
875 1855 1084 1912 deinde
1113 1873 1146 1910 a
1173 1857 1358 1926 Perga
1387 1869 1650 1909 reversus
1691 1854 1782 1907 est
1829 1850 2025 1906 Hiero-

375 1951 624 2022 solyma.
648 1947 832 2020 Paphi
888 1949 1077 2000 autem
1135 1942 1371 2014 Elymas
1427 1957 1652 2012 magus,
1711 1939 1813 2011 qui
1872 1939 2023 1995 idem

378 2039 653 2110 Barjesus
691 2040 801 2104 est,
855 2033 1250 2105 increpatione
1300 2031 1520 2088 acriore
1569 2029 1755 2092 Pauli,
1823 2027 2024 2084 oculos

2061 727 2110 790 A

2767 729 3022 782 ΚΕΦΛΛ.
3065 729 3180 784 ΙΘ’.

2140 833 2360 891 ’Ὅπως
2413 831 2440 884 ὁ
2499 830 2898 918 Παῦλος,τά
2954 825 3107 901 ἔθνη
3167 836 3246 905 τῇ
3293 833 3459 886 κατᾶ
3506 833 3784 907 Χριστὸν

2215 902 2684 980 προσηγάγετο
2727 902 2980 980 πίστειο
3034 904 3141 957 καὶ
3183 902 3330 975 περὶ
3364 902 3777 980 τῆς-γενομέ-

2208 995 2323 1048 νης
2359 976 2706 1048 ζητήσεως
2736 976 2882 1048 περί
2906 978 3029 1048 *τοῦ
3060 975 3555 1048 τηρεῖντοὺςέξ
3585 975 3780 1031 ἐθνῶν

2209 1045 2317 1118 καί
2347 1047 2458 1118 τὸν
2487 1046 2698 1118 νόμον
2732 1045 3016 1118 ,Μωσέως
3047 1045 3204 1118 ’,καὶ
3237 1048 3344 1101 οἶα
3375 1047 3435 1101 οἰ
3468 1045 3784 1118 ἐνίἹερο-

2209 1103 2922 1190 σολύμοιςᾶπόστολοι
2944 1117 3096 1192 περὶ
3119 1117 3360 1174 τούτου
3382 1103 3782 1180 ἐπέστειλαν.

2209 1222 2352 1278 Μετά
2407 1223 2470 1276 τὸ
2531 1221 2820 1297 πληρῶσαι
2883 1223 3098 1294 Παῦλον
3174 1225 3265 1280 καὶ
3343 1221 3611 1302 βαρνάϐαν
3684 1228 3786 1296 τήν

2139 1309 2416 1367 διακονίαν
2459 1316 2566 1367 τῶν
2620 1310 2892 1390 ἀδελφῶν,
2949 1313 3284 1388 ὑποστρέψαι
3323 1336 3384 1370 τε
3429 1315 3507 1378 εἷς
3547 1317 3618 1372 ’Ῑε
3663 1317 3788 1372 636-

2138 1401 2309 1476 λυμα,
2354 1401 2521 1478 ἄμφω
2572 1403 2676 1457 ὑπὸ
2717 1407 2814 1458 τοῦ
2865 1401 3023 1480 ἁγίου
3073 1403 3388 1477 Πνεύματος
3435 1405 3784 1482 ἀφορίξονται

2137 1491 2212 1554 ἐς
2241 1493 2303 1548 τὸ
2335 1490 2490 1567 ἔργον
2522 1493 2551 1547 ’ὀ
2602 1491 3026 1568 προεκλήθησαν
3053 1514 3064 1526 ·
3097 1493 3186 1548 καὶ
3232 1491 3322 1549 διὰ
3373 1493 3688 1559 Σελευκείας

2137 1585 2287 1656 νήσῳ
2347 1583 2548 1658 Κύπρῳ
2616 1580 3056 1660 προσϐάλλουσι,
3107 1585 3198 1640 καὶ
3276 1588 3416 1662 αὐτῇ
3496 1589 3786 1662 Σαλαμῖνι,

2135 1671 2423 1736 Ἰουδαίοις
2452 1674 2544 1728 τὸν
2577 1675 2718 1728 θεῖον
2753 1675 2916 1751 λόγον
2971 1673 3470 1749 εὐαγγελιζόμενοι,
3529 1678 3786 1733 Ἰωάννου

2133 1766 2228 1817 τοῦ
2259 1763 2348 1818 καὶ
2382 1764 2608 1838 Μάρκου
2658 1763 3052 1837 ὑπηρετοῦντος
3099 1763 3284 1826 αὐτοῖς
3322 1785 3335 1798 υ
3385 1766 3482 1820 κᾶν
3531 1765 3585 1828 ἐς
3632 1766 3781 1821 ὕστε-

2136 1873 2228 1926 ρσν
2287 1853 2391 1907 ἀπὸ
2445 1853 2654 1927 Πέργης
2704 1851 3024 1927 ἀνέστρεψεν
3071 1852 3146 1915 εἷς
3187 1854 3563 1929 Ἱεροσόλυμα.
3607 1857 3696 1912 Ἐν
3729 1852 3787 1910 δέ

2131 1947 2200 2016 τῇ
2236 1944 2403 2019 Πάφῳ
2443 1941 2686 2016 Ἐλύμας
2712 1944 2740 1997 ὁ
2777 1947 2952 2018 μάγος
2988 1963 3000 1974 ’
3037 1943 3193 2006 οὗτος
3220 1945 3324 2020 γάρ
3374 1947 3402 1999 ὁ
3457 1949 3782 2021 Βαριησοῦς,

2133 2029 2445 2103 ἐπιτιμήσει
2481 2030 2722 2094 Παύλου,
2762 2033 2858 2094 τὰς
2909 2032 3073 2107 κόρας
3123 2037 3232 2088 τῶν
3283 2033 3582 2110 ὀφθαλμῶν
3629 2031 3787 2090 σϐέν-

374 2129 447 2185 ad
478 2095 800 2184 caecitatem,
851 2095 1039 2195 usque
1091 2119 1526 2193 perstringitur.
1585 2119 1658 2174 Et
1711 2117 2018 2189 proconsul

2137 2141 2306 2176 νυται·
2341 2125 2398 2173 ‘O
2452 2117 2510 2175 δὲ
2557 2121 2864 2184 ἀνθύπατος
2923 2120 3126 2194 Σέργος
3180 2127 3298 2184 τοῖς
3351 2123 3454 2178 ὑπὸ
3495 2127 3594 2178 τοῦ
3643 2125 3786 2179 uae.

373 2217 614 2288 Sergius
635 2213 1017 2272 concionibus
1048 2209 1209 2266 Pauli
1245 2209 1444 2266 credit.
1477 2209 1617 2264 Inde
1651 2223 1820 2280 porro
1858 2205 2019 2260 I64

379 2305 750 2362 Antiochiam
773 2301 1006 2360 Pisidiae
1036 2300 1317 2374 pervenit,
1347 2301 1404 2352 et
1433 2298 1494 2353 in
1515 2311 1810 2369 synagoga
1831 2293 2028 2350 saluti-

380 2396 566 2452 feram
613 2395 853 2451 verbum
885 2389 1182 2462 praedicat.
1220 2389 1288 2443 Et
1341 2387 1460 2459 iam
1518 2402 1586 2442 ex
1633 2383 1910 2457 gentibus
1955 2383 2025 2438 ad

383 2484 513 2540 ﬁdei
571 2482 991 2555 professionem
1047 2479 1334 2536 accedunt
1371 2492 1488 2532 non
1551 2473 1744 2547 pauci.
1803 2471 2026 2544 Oppor-

379 2575 524 2628 tuno
555 2575 750 2627 autem
781 2573 1053 2641 tempore
1097 2567 1310 2636 oblato,
1359 2563 1569 2620 Paulus
1621 2575 1855 2617 rursum
1889 2574 2025 2615 con-

379 2660 662 2716 cionatur.
683 2658 763 2714 Ad
797 2673 970 2730 quem
1003 2673 1140 2713 cum
1183 2655 1415 2710 infinita
1463 2651 1784 2709 conflueret
1831 2649 2024 2712 turba,

375 2747 745 2804 aemulatione
775 2747 1032 2818 maligna
1070 2743 1254 2801 Judaei
1279 2742 1697 2813 accenduntur,
1746 2745 1802 2798 et
1849 2735 2026 2790 Paulo

371 2839 744 2898 adversantes
793 2835 1096 2891 resistunt.
1169 2832 1268 2888 llle
1333 2847 1466 2888 vero
1544 2832 1770 2890 ardoris
1810 2841 1864 2889 et
1919 2831 2024 2887 zeli

372 2927 630 2982 melioris
663 2924 893 2996 plenus,
925 2921 1180 2979 aversari
1211 2921 1446 2992 quidem
1509 2921 1688 2992 ipsos,
1738 2925 1796 2977 et
1841 2937 1904 2976 se
1953 2921 2022 2974 ad

370 3018 574 3087 gentes
604 3018 935 3070 convertere
982 3009 1142 3066 dicit.
1193 3011 1393 3080 Itaque
1438 3007 1648 3080 ingens
1688 3011 1884 3065 coorta
1939 3010 2028 3063 est

368 3103 593 3170 laetitia,
645 3118 770 3172 quae
834 3101 916 3156 ita
977 3097 1426 3168 recipiebantur,
1493 3099 1778 3168 gentium.
1836 3096 2023 3152 Judaei

369 3195 564 3249 autem
595 3189 808 3247 techna
856 3188 1111 3260 quadam
1170 3186 1608 3242 multitudinem
1663 3201 1863 3243 eorum
1923 3185 2021 3257 qui

366 3281 617 3338 honores
643 3279 943 3352 gerebant,
977 3276 1392 3349 primariorum
1413 3276 1671 3331 virorum
1701 3274 2018 3339 concitant,

361 3369 772 3440 lapidibusque
845 3365 1141 3440 apostolos
1248 3368 1438 3436 petere
1505 3368 1682 3436 atque
1749 3365 2019 3436 persequi

2139 2209 2240 2265 λου
2287 2209 2714 2284 κηρυττομένοις
2763 2213 3027 2270 πιστεύει.
3079 2211 3349 2267 Ἐντεῦθεν
3401 2213 3477 2275 εἷς
3537 2215 3639 2284 τήν
3684 2221 3787 2283 τῆς

2139 2298 2388 2361 Πισιδίας
2445 2300 2799 2376 παραγίνεται
2857 2301 3222 2374 Ἀντιόχειαν,
3275 2301 3366 2355 καὶ
3425 2299 3478 2356 ἐν
3536 2306 3606 2368 τῇ
3665 2324 3787 2358 συν·

2137 2391 2327 2464 αγωγῇ
2383 2389 2476 2443 τὸν
2526 2389 2801 2460 σωτήριον
2859 2386 3032 2464 λόγον
3101 2385 3436 2464 δημηγορεῖ.
3510 2391 3610 2444 Καὶ
3679 2396 3788 2448 τῶν

2134 2476 2301 2532 ἐθνῶν
2333 2477 2620 2552 προσίασιν
2673 2475 2773 2532 οὒκ
2821 2475 3003 2553 ἀλίγοι
3039 2520 3052 2533 .
3105 2479 3194 2532 καὶ
3237 2483 3430 2553 καιροῦ
3468 2477 3783 2556 γενομένου,

2141 2565 2355 2628 Παῦλος
2402 2565 2556 2626 αὖθις
2603 2563 2972 2642 ἐδημηγόρει,
3004 2565 3258 2640 Ἀπείρου
3308 2564 3365 2622 δὲ
3396 2567 3624 2643 στίφους
3655 2571 3785 2644 συρ-

2139 2655 2376 2732 ῥέοντος,
2439 2654 2592 2728 ζήλῳ
2640 2652 2898 2710 Ἰουδαῖοι
2948 2653 3276 2725 ἐκκαίονται,
3351 2657 3441 2712 καὶ
3520 2659 3784 2713 ἀντικαθί-

2131 2740 2325 2798 σταντο
2387 2741 2608 2815 Παύλῳ.
2639 2743 2696 2797 Ὀ
2746 2740 2802 2797 δὲ
2853 2743 3027 2813 ζήλου
3074 2743 3366 2814 πλησθεὶς,
3414 2743 3778 2823 ἆπεστράςρθαι

2140 2832 2232 2904 μέν
2283 2833 2496 2900 αὐτοὺς,
2547 2833 2684 2907 πρός
2732 2828 2789 2886 δὲ
2833 2831 2900 2886 τὰ
2951 2827 3075 2903 ἔθνη
3111 2831 3441 2910 ἐπιστρέφειν
3471 2831 3646 2910 ἔλεγε.
3679 2836 3781 2892 Καὶ

2135 2920 2278 2996 χαρὰ
2319 2921 2414 2993 μὲν
2458 2921 2524 2989 ἦν
2564 2924 2670 2976 τῶν
2723 2919 2885 2974 ἐθνῶν
2934 2919 3077 2976 οὕτω
3125 2923 3521 2995 προσιεμένων.
3555 2925 3774 2978 Ἐκεῖνοι

2135 3008 2192 3064 δὲ
2233 3009 2569 3084 τεχνηέντως
2597 3011 2663 3064 τά
2710 3008 2904 3087 πληιρη
2937 3015 3044 3064 τῶν
3075 3009 3126 3064 ἐν
3180 3011 3481 3086 ὑπεροχαῖς
3508 3007 3768 3082 ἀνασοϐή-

2134 3119 2336 3168 σαντες,
2398 3095 2612 3153 διώκειν
2672 3097 2850 3160 λίθοις
2921 3099 3048 3162 τοὺς
3121 3096 3466 3164 ἀποστόλους
3543 3101 3772 3158 ἔπεισαν.

2135 3187 2230 3241 Καὶ
2265 3189 2314 3241 οἱ
2351 3189 2446 3262 μὲν
2497 3187 2696 3242 ἐκεῖθεν
2756 3185 2831 3248 εἷς
2891 3187 3118 3243 Ἰκόνιον
3175 3190 3328 3259 ἧκον,
3373 3189 3463 3244 καὶ
3514 3190 3778 3264 Λύστραν,

2131 3277 2219 3330 καὶ
2277 3275 2640 3351 Ἀντιόχειαν,
2703 3273 2953 3330 Πισιδιαν
3010 3277 3100 3332 καὶ
3163 3276 3492 3354 Παμφυλίαν
3525 3297 3540 3311 ⁸
3576 3280 3666 3334 καὶ
3721 3279 3778 3334 ἐκ

2132 3364 2342 3439 Πέργης
2376 3363 2448 3426 εἷς
2503 3363 2840 3439 ’Δντιόχειαν
2889 3365 2990 3433 τὴν
3042 3366 3301 3439 μεγίστην
3339 3369 3497 3438 ἧκον,
3529 3367 3618 3422 καὶ
3661 3373 3775 3429 τοῖς

362 3459 736 3529 persuadent.
779 3458 969 3522 Quare
1003 3453 1251 3527 apostoli
1295 3454 1428 3509 inde
1492 3453 1780 3520 Iconium,
1818 3451 2018 3508 deinde

2140 3453 2308 3509 ἐκεῖσε
2338 3457 2569 3524 τὴντῶν
2615 3453 2782 3508 ἐθνῶν
2829 3452 3008 3508 πίστιν
3061 3453 3416 3530 ἀνήγγειλαν.
3476 3457 3777 3512 Μετέπειτα

367 3551 658 3619 Lystram,
685 3550 745 3602 et
781 3544 1176 3614 Antiochiam,
1203 3542 1483 3600 Pisidiam
1503 3546 1558 3598 et
1579 3542 1974 3615 Pamphyliam
2003 3556 2016 3598 :

367 3641 422 3694 et
452 3654 522 3694 ex
543 3639 724 3710 Perga
751 3636 1024 3707 deinceps
1052 3632 1417 3689 Antiochiam
1471 3632 1784 3688 maximam
1838 3646 2020 3703 perve.

365 3727 557 3796 niunt,
591 3731 759 3797 atque
788 3724 867 3782 ibi
908 3722 1186 3780 fratribus
1221 3721 1480 3793 gentium
1503 3721 1676 3776 {idem
1700 3724 1997 3792 exponunt

362 3817 740 3873 Postmodum
772 3830 907 3872 cum
937 3829 1006 3870 ex
1036 3813 1238 3869 Judaza
1289 3811 1529 3884 quidam
1579 3811 1892 3882 venissent,
1917 3813 2016 3882 qui

361 3921 430 3960 ex
460 3904 792 3976 praescripto
833 3901 978 3974 legis
1019 3901 1307 3969 Mosaicae,
1357 3917 1456 3957 eos
1496 3899 1596 3972 qui
1635 3915 1701 3958 ex
1745 3901 2016 3971 gentibus

361 3993 431 4048 ad
481 3991 614 4048 ﬁdei
667 3992 1087 4062 professionem
1165 3989 1524 4057 accederent,
1593 3990 1846 4060 primum
1895 3992 2012 4046 cir—

360 4081 637 4149 cumcidi,
669 4083 844 4152 atque
887 4079 966 4136 ita
1007 4080 1244 4136 demum
1319 4077 1380 4132 in
1411 4077 1701 4133 Christum
1759 4078 2010 4148 credere,

364 4174 666 4241 totamque
697 4168 875 4226 Mosis
905 4167 1087 4237 legem
1130 4182 1360 4223 scrvare
1407 4166 1637 4235 debere,
1693 4169 2010 4222 contende-

363 4262 526 4328 rent;
579 4257 873 4314 Barnabas
917 4259 974 4312 et
1013 4254 1228 4310 Paulus
1278 4254 1732 4324 Ilierosolymam
1783 4259 2008 4326 petunt,

365 4347 748 4420 qutestionem
781 4360 912 4401 eam
943 4346 1014 4400 ad
1061 4344 1353 4415 majorum
1400 4343 1660 4415 gentium
1719 4343 2014 4414 apostolos

363 4437 626 4495 relaturi.
658 4438 847 4509 Atque
879 4435 957 4492 ibi
1001 4435 1057 4490 in
1099 4437 1384 4490 conventu
1436 4433 1750 4490 multorum
1807 4435 2012 4492 Petrus

359 4529 506 4601 legis
531 4528 744 4600 jugum
776 4527 1123 4598 deprecatur
1172 4540 1187 4579 :
1246 4528 1304 4580 et
1349 4523 1600 4580 Jacohus
1657 4525 2012 4582 concionans

358 4617 553 4685 edicit,
577 4634 690 4673 non
720 4632 850 4673 esse
873 4614 1276 4672 lacessendam
1310 4613 1640 4670 molestiam
1685 4615 1766 4671 eis
1811 4615 1912 4688 qui
1944 4631 2012 4670 ex

359 4707 630 4776 gentibus
681 4707 854 4763 fidem
904 4705 1269 4777 susciperent
1313 4719 1327 4758 :
1380 4705 1477 4760 sed
1548 4719 1652 4775 per
1706 4704 2010 4776 epistolam

360 4796 476 4852 illis
505 4795 982 4868 signiﬁcandum,
1017 4802 1078 4850 ut
1109 4810 1171 4850 sc
1201 4810 1234 4850 a
1272 4793 1765 4850 contaminatione
1807 4810 2006 4852 eorum

364 4885 687 4960 quaeidolis
710 4889 910 4942 essent
939 4884 1286 4953 sacrificate,
1345 4901 1379 4940 a
1445 4885 1846 4955 fornicatione,
1895 4892 1952 4941 et
1981 4904 2014 4941 a

363 4977 659 5034 suffocatis
703 4977 1053 5032 abstineant.
1105 4978 1187 5030 Ita
1233 4991 1366 5031 cum
1418 4974 1596 5030 Paulo
1638 4978 1696 5030 et
1753 4976 2011 5032 Barnaba

360 5065 562 5134 ludas,
594 5063 698 5138 qui
726 5063 904 5121 etiam
935 5063 1216 5119 Barsabas
1260 5063 1454 5118 dictus
1493 5065 1604 5128 est,
1637 5065 1694 5118 et
1740 5061 1912 5132 Silas,
1941 5063 2007 5118 ad

361 5155 567 5212 fratres
639 5152 1030 5209 Antiochcnos
1081 5151 1351 5224 legantur
1401 5167 1416 5208 :
1465 5151 1820 5222 eisdemque,
1885 5168 2012 5222 qum

359 5242 607 5314 apostoli
639 5241 1057 5314 Hierosolymis
1095 5240 1504 5308 decrevissent,
1555 5253 1657 5313 per
1704 5241 2008 5312 epistolam

361 5332 684 5388 insinuant.
729 5331 928 5403 Neque
987 5329 1066 5384 ita
1117 5321 1301 5386 multo
1365 5334 1498 5402 post
1571 5329 1872 5386 Antiochia
1927 5329 2012 5386 illi

364 5435 592 5476 rursum
661 5419 990 5476 discedunt.
1057 5419 1232 5475 Porro
1303 5419 1516 5476 Paulus
1589 5425 1648 5474 et
1715 5420 2010 5474 Barnabas

363 5510 582 5568 offensa
601 5511 656 5565 et
677 5507 1112 5565 exacerbatione
1149 5507 1545 5566 intercedente
1585 5509 2008 5580 sejunguntur;

363 5603 422 5657 et
450 5596 744 5654 Barnabas
774 5597 1010 5670 quidem
1049 5597 1240 5655 Marco
1299 5601 1602 5670 assumpto
1655 5597 1713 5653 in
1755 5598 2008 5670 Cyprum

363 5686 604 5761 trajicit,
645 5686 862 5743 Paulus
907 5693 1094 5742 autem
1140 5686 1260 5742 Sila
1292 5686 1404 5743 sibi
1453 5687 1728 5758 adjuncto
1784 5687 2009 5760 Syriam

2133 3541 2191 3598 δέ
2220 3547 2382 3598 τινῶν
2434 3541 2486 3614 ἐξ
2536 3539 2798 3602 Ἰουδαίας
2846 3543 3113 3612 ἡκόντων,
3144 3544 3231 3598 καὶ
3295 3545 3428 3599 κατὰ
3471 3545 3566 3600 τὸν
3612 3546 3779 3620 νόμον

2131 3634 2370 3694 Μωσέως
2411 3631 2823 3706 περιτέμνεσθαι
2873 3637 3088 3707 πρῶτον
3158 3631 3578 3706 διατεινομένων
3638 3637 3769 3700 τοῦς

2129 3721 2180 3792 ἐξ
2234 3721 2400 3777 ἐθνῶν
2459 3720 2804 3796 προσιόντας,
2847 3721 2938 3776 καὶ
2997 3719 3138 3776 οὕτω
3185 3724 3453 3778 πιστεύειν
3513 3723 3590 3786 εἰς
3647 3731 3770 3799 Χρι-

2129 3813 2274 3882 στὸν,
2305 3815 2491 3883 τηρεῖν
2529 3831 2586 3866 τε
2633 3811 2722 3866 καὶ
2762 3809 2892 3866 ὅλον
2934 3811 3024 3866 τὸν
3055 3812 3224 3884 νόμον
3283 3812 3520 3868 Μωσέως
3557 3831 3570 3845 ·
3629 3822 3771 3890 Βαρ-

2127 3897 2293 3962 νάϐας
2323 3901 2416 3956 καὶ
2451 3901 2666 3963 Παῦλος
2698 3901 2822 3975 περὶ
2853 3906 2954 3970 τῆς
3011 3901 3271 3972 τοιαύτης
3323 3902 3603 3973 ξητήσεως
3655 3904 3773 3959 ἀνέ-

2128 3987 2300 4062 ϐησαν
2333 3989 2410 4054 εἷς
2439 3991 2814 4065 Ἱεροσόλυμα.
2853 3989 2958 4046 Καὶ
2990 3990 3195 4066 Πέτρος
3245 3992 3364 4064 μὲν,
3415 3992 3777 4057 συνελεύσεως

2127 4080 2354 4138 πολλῶν
2376 4079 2692 4156 γενομένης,
2724 4085 3018 4156 παρῃτεῖτο
3067 4082 3160 4136 τὸν
3204 4085 3302 4136 τοῦ
3348 4083 3524 4154 νόμου
3565 4086 3727 4160 ζυγόν
3759 4105 3772 4118 ·

2081 4194 2084 4198 ί
2123 4165 2386 4234 Ἰάκωϐος
2441 4167 2498 4224 δὲ
2563 4167 2924 4245 δημηγορῶν,
2979 4172 3056 4244 μὴ
3098 4167 3462 4247 παρενοχλεῖν
3502 4173 3620 4235 τοίς
3667 4173 3773 4228 ἀπὸ

2047 4832 2088 4896 D

2125 4265 2231 4317 τῶν
2289 4261 2459 4316 ἐθνῶν
2513 4259 2825 4316 πιστεύουσι
2891 4259 3178 4336 παρηγγύα
3227 4279 3242 4293 ·
3327 4261 3630 4317 ἐπιστεῖλαί
3711 4286 3775 4338 γε

2127 4352 2234 4422 μὴν
2266 4350 2451 4412 αὐτοῖς
2492 4348 2795 4424 ἀπέχεσθαι
2852 4352 2961 4404 τῶν
2999 4349 3392 4424 ἀλισγημάτων
3448 4355 3555 4406 τῶν
3613 4349 3770 4406 εῗδώ-

2123 4436 2258 4504 λων,
2317 4445 2420 4510 τῆς
2497 4437 2768 4511 πορνείας,
2824 4439 2916 4492 καὶ
2979 4441 3076 4493 τοῦ
3132 4443 3384 4496 πνικτοῦ.
3440 4440 3660 4512 Σύναμά
3714 4463 3772 4497 τε

2122 4527 2326 4602 Παύλῳ
2381 4527 2470 4582 καὶ
2520 4521 2768 4602 Βαρνάϐᾳ
2823 4523 3056 4597 Ἰούδας,
3111 4529 3138 4582 ὁ
3195 4528 3285 4582 καὶ
3343 4525 3624 4602 Βαρσαϐἆς
3679 4533 3768 4586 καί

2121 4617 2310 4686 Σίλας,
2354 4621 2470 4679 τοῖς
2521 4615 2598 4678 είς
2643 4615 2992 4691 Ἀντιόχειαν
3035 4612 3294 4694 ἀδελφοῖς
3350 4617 3717 4692 ἀνεπέμποντο
3750 4639 3762 4650 ·

2119 4707 2207 4762 καὶ
2265 4707 2331 4762 τὰ
2381 4703 2677 4782 δεδογμένα
2721 4710 2840 4768 τοῖς
2889 4703 2941 4758 ἐν
3013 4704 3376 4778 Ἰερουσαλήμ
3436 4707 3767 4771 ἀποστόλοις

2121 4793 2192 4850 δι’
2239 4793 2536 4865 ἐπιστολῆς
2587 4793 2794 4870 ἔλεγον.
2847 4794 2947 4848 Καὶ
3001 4795 3115 4866 μετ’
3173 4793 3368 4872 ὀλίγον
3431 4793 3584 4859 αὖθις
3629 4796 3770 4852 ἀπέ-

2129 4903 2377 4958 στρεφον.
2413 4881 2687 4936 Διίσταται
2747 4878 2804 4935 δὲ
2861 4882 3212 4956 παροξυσμοῦ
3273 4881 3566 4958 γενομένου
3617 4884 3766 4938 Παῦ-

2122 4972 2219 5033 λος
2279 4965 2548 5046 Βαρνάϐᾳ.
2601 4969 2699 5025 Καὶ
2758 4970 2786 5023 ὁ
2847 4971 2941 5044 μὲν
2984 4969 3076 5024 τὸν
3125 4969 3347 5044 Μάρκον
3408 4969 3764 5046 παραλαϐὼν,

2123 5060 2197 5122 εἷς
2255 5061 2466 5134 Κύπρον
2523 5059 2763 5114 ἀπέπλεε
2805 5077 2818 5089 ·
2881 5055 3083 5130 Παύλῳ
3126 5053 3184 5112 δὲ
3241 5057 3408 5124 Σίλας
3461 5058 3762 5138 ἐπιλεγεὲς,

2121 5150 2302 5207 εἵπετο
2343 5150 2420 5213 εἷς
2475 5151 2676 5224 Χυρίαν
2730 5168 2744 5182 ⁶
2792 5147 3038 5223 Λύστραν
3089 5145 3147 5202 δὲ
3193 5149 3282 5203 καὶ
3335 5144 3544 5224 Δέρϐην
3583 5148 3760 5224 διιὼν,

2121 5241 2209 5294 καὶ
2267 5260 2360 5295 τον
2417 5239 2681 5314 Τιμόθεον
2737 5233 3238 5313 προσλαμϐάνει-αι,
3311 5239 3430 5292 υἱὸν
3481 5239 3760 5312 Ἕλληνος

2123 5330 2242 5404 μὲν,
2301 5326 2568 5390 Ἰουδαίας
2626 5325 2684 5382 δὲ
2737 5333 2938 5396 πιστῆς
2995 5325 3123 5382 δντα
3179 5323 3346 5382 παῖδα
3378 5349 3392 5362 ·
3433 5329 3491 5385 ὃν
3547 5330 3638 5386 καὶ
3672 5329 3759 5388 διὰ

2119 5420 2248 5478 τοὺς
2304 5415 2602 5480 Ἰουδαίους
2661 5416 2948 5490 οἶκονομίᾳ
3005 5417 3292 5490 χρώμενος
3361 5417 3674 5493 περιέτεμεν
3732 5425 3761 5478 ὁ

2117 5513 2216 5578 τῆς
2247 5514 2554 5584 περιτομῆς
2593 5505 2896 5578 ἆναιρέτης.
2926 5504 3126 5567 Πάντες
3157 5506 3260 5580 γὰρ
3289 5507 3341 5560 o't
3371 5505 3420 5576 ἐξ
3481 5507 3759 5568 Ἰουδαίων

2117 5599 2302 5654 πιστοῖ
2350 5595 2571 5667 ἤδεισαν
2630 5597 2831 5671 πατρὸς
2888 5593 3016 5650 ὄντα
3056 5593 3354 5664 Ἕλληνος.
3403 5598 3760 5676 Διερχόμενοι

2118 5685 2178 5744 δὲ
2232 5689 2328 5750 τὰς
2391 5685 2593 5762 ρὸλεις,
2621 5687 2690 5742 τὰ
2736 5683 3074 5742 ἀποστολικά
3121 5683 3440 5762 ὑπέσπειρον
3491 5683 3754 5764 δόγματα.
