4070 6274
236 413 382 478 805

1261 398 1876 465 ECCLESIASTICE
1917 397 2312 462 HISTORIAE
2352 403 2500 465 LIB.
2546 406 2622 466 Il.

3545 422 3664 483 806

233 540 468 616 Φρυγίᾳ
507 540 637 614 γοῦν
685 535 775 590 καὶ
825 532 1066 604 Γαλατίᾳ
1101 531 1450 606 κηρύξαντες,
1489 527 1578 582 καὶ
1634 528 1733 596 τὴν
1780 520 1894 582 Mu-

2013 529 2155 599 petit
2198 546 2214 586 :
2263 534 2641 604 Lystramque
2686 537 2744 591 et
2797 535 3020 595 Derben
3077 554 3412 614 peragrans,
3463 547 3660 606 Timo-

230 629 366 685 σίαν
401 625 460 682 δὲ
489 626 622 682 εἵσω
667 628 774 680 τῶν
823 621 1010 699 λόγων
1057 621 1294 694 θέμενοι,
1327 621 1462 675 κατὰ
1507 619 1605 686 τήν
1657 621 1762 672 τῶν
1815 625 1902 672 Βι-

233 719 426 772 θυνῶν
461 714 721 790 ἐπαρχίαν
754 713 890 787 πρὸς
926 709 1142 785 βουλῆς
1175 711 1241 778 ἦν
1281 707 1505 769 ἐκείνοις
1537 705 1896 782 πορεύεσθαι·

230 807 346 861 οὐκ.
407 805 584 861 εἴκασε
646 805 753 875 μὴν
809 799 1003 862 αὐτοὺς
1064 800 1127 854 τὸ
1187 801 1408 870 Πνεῦμα
1456 798 1556 866 τήν
1603 796 1772 848 ἐκεῖσε
1829 793 1896 864 δὴ

230 894 596 951 στέλλεσθαι.
650 893 747 956 Εἲς
821 887 1056 966 Τρωάδα
1129 887 1220 942 οὖν
1291 888 1624 960 γενομένοις,
1702 885 1898 960 ὀνείρῳ

231 981 478 1039 Παύλου
531 982 853 1048 πεισθέντες,
912 979 988 1040 εἰς
1053 973 1385 1033 Μακεδονίαν
1451 970 1732 1029 διέϐαινον.
1797 974 1895 1029 Καὶ

230 1068 310 1141 δὴ
379 1065 680 1131 ἀποϐάντες
730 1074 832 1137 τῆς
889 1067 1048 1136 νεὼς,
1091 1062 1182 1119 διά
1240 1063 1605 1136 Σαμοθρᾴκης
1649 1062 1739 1118 καὶ
1795 1069 1894 1132 τῆς

229 1157 572 1221 Νεαπόλεως
627 1155 707 1219 είς
743 1158 844 1226 τὴν
893 1157 1119 1228 πρώτην
1167 1157 1274 1208 τῶν
1327 1148 1647 1206 Μακεδόνων
1699 1149 1895 1220 ἥκουσι

225 1246 408 1303 πόλιν
427 1265 441 1279 ⁶
463 1248 500 1316 ἡ
521 1250 630 1300 τῶν
664 1243 962 1300 Φιλίππιον
994 1241 1132 1312 αὕτη
1164 1238 1453 1297 κολώνεια.
1472 1240 1703 1296 Ἐκεῖθεν
1739 1235 1796 1294 δὲ
1817 1239 1894 1301 εἰς

228 1334 648 1406 Θεσσαλονίκην
698 1335 787 1390 καὶ
837 1335 937 1403 τήν
989 1331 1194 1406 ὅμορον
1245 1329 1414 1405 ταύτῃ
1449 1328 1705 1406 Βέῤῥοιαν
1749 1328 1896 1405 ἐχώ-

235 1443 419 1498 ρουν·
479 1419 666 1479 ἔπειτα
723 1423 799 1485 εἷς
859 1423 1125 1492 Ἀθήνας·
1181 1421 1272 1475 καὶ
1318 1421 1544 1492 καθεξῆς
1591 1421 1691 1490 τὴν
1744 1417 1895 1476 ἐσπέ-

235 1532 338 1587 ραν
396 1516 478 1584 τῷ
528 1511 856 1587 Εὖαγγελίῳ
909 1507 1146 1584 διῄεσαν.
1199 1511 1262 1564 Ἦ
1326 1509 1509 1582 μέντοι
1554 1507 1604 1579 ἐξ
1653 1509 1894 1582 Ἱεροσο-

232 1602 442 1676 λύμων
471 1599 760 1672 ἒπιστόλή,
793 1602 858 1670 ἣν
897 1605 1016 1664 τοῖς
1045 1597 1100 1654 ἐν
1131 1601 1456 1672 Ἀντιοχείᾳ,
1489 1599 1660 1672 Συρίᾳ
1703 1618 1760 1652 τε
1803 1599 1889 1652 καὶ

234 1691 493 1762 Κιλικία,
533 1691 621 1746 καὶ
675 1697 806 1746 πᾶσι
844 1695 961 1754 τοῖς
1008 1687 1058 1758 ἐξ
1109 1689 1268 1744 ἐθνῶν
1319 1693 1665 1744 πιστεύσασιν
1709 1686 1895 1742 ἔστελ-

236 1779 339 1836 λον
400 1777 491 1835 διά
548 1781 710 1848 Σίλα,
741 1781 913 1842 οὕτως
973 1777 1062 1832 ἐπὶ
1121 1777 1316 1848 λέξεως
1375 1778 1563 1851 εἶχεν·
1608 1800 1634 1827 ι(
1669 1774 1890 1844 Ἐπειδὴ

2011 617 2208 674 theum
2234 636 2464 692 quoque
2501 624 2765 696 suscipit,
2797 626 2974 683 Graeci
3011 629 3244 700 quidem
3278 636 3481 704 patris,
3515 637 3658 694 fide-

2011 706 2082 798 l_is
2106 713 2303 798 autem
2333 709 2541 768 Judaere
2573 714 2776 770 matris
2809 716 3016 772 filium.
3049 719 3228 783 Quem
3255 739 3395 780 sane
3426 731 3660 798 prepter

2006 795 2260 867 Judzecs,
2311 801 2620 858 consilium
2671 819 2774 874 pro
2821 810 3079 877 tempore
3125 810 3384 882 capiens,
3428 795 3488 869 et
3535 795 3661 873 illo-

2009 901 2137 940 rum
2189 903 2251 942 se
2300 889 2550 960 ingeniis
2582 897 3050 965 accommodans,
3087 914 3208 954 cum
3238 900 3362 971 ipse
3403 903 3656 962 circum-

2007 975 2286 1032 cisionem
2335 979 2657 1050 abrogaret,
2693 982 3080 1041 nihilominus
3120 991 3314 1045 tamen
3346 991 3654 1050 circumci—

2008 1063 2113 1154 dit.
2172 1066 2384 1123 Omnes
2441 1086 2695 1141 namque
2767 1088 2834 1129 ex
2896 1074 3117 1131 Judaeis
3175 1079 3374 1136 ﬁdeles
3431 1093 3656 1154 patrem

2004 1152 2131 1243 ejus
2174 1155 2438 1213 Graecum
2485 1158 2782 1218 hominem
2829 1177 2958 1220 esse
2999 1165 3281 1225 sciebant.
3322 1152 3524 1243 Itaque
3570 1174 3660 1231 illi

2005 1241 2232 1300 civitate
2308 1247 2529 1318 passim
2601 1250 2839 1320 adeunt,
2906 1257 2964 1309 et
3041 1257 3355 1326 apostolica
3425 1241 3658 1322 decreta

2003 1335 2395 1427 promulgant.
2450 1340 2512 1394 In
2560 1340 2808 1414 Phrygia
2859 1348 3052 1402 autem
3098 1353 3153 1402 et
3199 1348 3450 1420 Galatia,
3484 1363 3658 1427 atque

2001 1423 2176 1482 etiam
2224 1426 2296 1498 ;in
2366 1427 2570 1500 Mysia,
2620 1446 2751 1486 cum
2810 1433 3047 1490 verbum
3107 1423 3653 1510 praedicassent,_in

2003 1515 2200 1572 animo
2221 1515 2437 1572 habent
2458 1519 2808 1590 provinciam
2835 1539 3069 1596 quoque
3091 1526 3420 1600 Bithyniam
3453 1534 3616 1591 adire
3641 1546 3656 1586 :

2010 1601 2171 1660 I65
2208 1606 2307 1660 ed
2340 1623 2452 1678 quo
2485 1609 2678 1666 minus
2711 1611 2770 1667 id
2817 1613 3054 1686 faciant,
3085 1616 3338 1688 Spiritus
3385 1622 3470 1680 eis
3501 1624 3656 1681 obsi-

2003 1693 2125 1747 stit.
2185 1693 2464 1752 Craterum
2536 1698 2761 1754 Troade
2823 1717 2960 1759 cum
3033 1709 3249 1776 essent,
3309 1708 3369 1764 in
3429 1713 3655 1768 somnis

2003 1780 2188 1837 Paulo
2245 1784 2567 1851 admonito,
2626 1787 3029 1847 Macedoniam
3107 1793 3234 1850 inde
3301 1801 3526 1868 petunt.
3589 1803 3656 1856 Et

233 1869 558 1942 ἠκούσαμεν
603 1869 689 1924 ὅτι
767 1869 907 1929 τινὲς
966 1865 1217 1931 ἐλθόντες
1271 1865 1526 1940 ἐτάραξαν
1581 1864 1894 1939 ὑμᾶς,’λέ-

2008 1872 2139 1928 navi
2169 1876 2410 1944 egressi,
2444 1893 2545 1948 per
2587 1881 3027 1938 Samothracem
3057 1888 3114 1939 et
3155 1864 3480 1959 Neapolim,
3510 1899 3564 1946 et
3595 1893 3652 1948 in

238 1978 460 2032 γοντες,
493 1957 574 2012 ὅτι
617 1954 700 2012 δεῖ
737 1957 1152 2030 περιτέμνεσθαι
1195 1955 1285 2010 καὶ
1332 1960 1518 2027 τηρεῖν
1569 1955 1660 2010 τὸν
1707 1955 1896 2027 νόμον,

233 2049 320 2108 οἷς
367 2046 435 2100 ού
480 2044 894 2119 διεστειλάμεθα
921 2065 932 2077 ·
985 2040 1178 2115 Πὲδοξε
1223 2049 1304 2116 τῷ
1349 2045 1486 2120 ἁγίῳ
1516 2044 1738 2117 νεύματι
1789 2043 1877 2098 καὶ

239 2138 384 2208 ἡμίν
447 2133 798 2209 ὁμοθυμαδὸν
845 2137 1167 2211 γενομένοις
1220 2133 1387 2208 μηδὲν
1437 2129 1603 2188 πλέον
1662 2131 1894 2188 ἐπιτίθε-

239 2229 366 2280 σθαι
413 2226 544 2299 ὑμῖν
596 2226 761 2300 βάρος
805 2224 950 2296 πλὴν
993 2229 1101 2280 τῶν
1151 2222 1448 2300 ἐπάναγκες
1492 2222 1730 2278 τούτων·
1765 2223 1892 2278 aut-

241 2318 444 2391 χεσθαι
475 2315 880 2386 εἰδωλοθύτων,
912 2317 1001 2370 καὶ
1047 2313 1302 2388 αἵματος,
1335 2315 1423 2368 καὶ
1471 2321 1571 2384 τῆς
1621 2313 1895 2388 πορνείας,

236 2406 331 2460 καὶ
380 2409 480 2461 τοῦ
530 2409 775 2460 πνικτοῦ.
823 2407 910 2478 Ἐξ
963 2406 1036 2459 ὧν
1093 2401 1473 2474 διατηροῦντες
1531 2403 1776 2472 ἑαυτοὺς,
1835 2401 1892 2457 εὗ

237 2495 491 2570 πράξετε.
551 2493 853 2569 Ἔρρωσθε.
906 2493 1345 2567 ’Δπεστάλκαμεν
1416 2490 1474 2547 δὲ
1533 2491 1738 2548 Ἰούδα)
1802 2494 1890 2548 καὶ

241 2585 414 2640 Σίλαν
471 2583 820 2660 ἡγουμένους
879 2583 933 2638 ἐν
1000 2587 1117 2646 τοῖς
1176 2581 1432 2659 ἀδελφοῖς
1490 2584 1582 2637 σὺν
1654 2577 1894 2657 Βαρνάϐᾳ

239 2676 332 2728 καὶ
387 2672 620 2746 Παύλῳ,
669 2675 744 2734 ὡς
795 2675 1102 2750 ἀγαπητοῖς
1147 2674 1306 2745 ἡμῶν
1358 2669 1642 2746 ἀδελφοῖς,
1681 2671 1888 2744 ἀνθρώ-

240 2783 374 2824 ποις
422 2759 832 2834 παραδεδωκόσι
877 2762 974 2824 τὰς
1023 2761 1204 2836 ψυχάς
1248 2760 1424 2816 αὐτῶν
1469 2761 1603 2835 ὑπὲρ
1646 2765 1743 2816 τοῦ
1778 2760 1892 2814 ὀνό-

250 2871 422 2923 ματος
475 2855 569 2906 τοῦ
621 2852 819 2924 Κυρίου
873 2853 1032 2924 ἡμῶν
1067 2853 1247 2922 Ἰησοῦ
1305 2854 1563 2924 Χριστοῦ,
1590 2849 1728 2905 ὥστε
1785 2871 1886 2906 πα-

246 2937 535 3012 ρακαλέσαι
566 2940 708 3014 ὑμᾶς
736 2940 789 2995 ἐν
818 2945 937 3002 τοῖς
971 2937 1164 3014 λόγοις
1187 2939 1430 3004 τούτοις.
1472 2961 1498 2994 ι

2009 1963 2258 2033 primam
2293 1965 2674 2024 Macedonicae
2733 1987 2842 2026 orae
2909 1973 3195 2029 civitatem
3255 1976 3654 2051 Philipporum

2006 2052 2297 2108 coloniam
2346 2057 2708 2124 perveniunt.
2741 2059 2882 2114 Inde
2930 2077 3102 2132 porro
3153 2064 3651 2136 Thessalonicam,

2005 2145 2063 2196 et
2093 2142 2402 2199 finitimam
2443 2146 2492 2200 ei
2543 2146 2899 2214 Berrhmam,
2932 2165 3066 2206 mox
3115 2169 3347 2225 quoque
3391 2158 3650 2216 Athenas

2001 2229 2221 2286 adeunt
2251 2247 2266 2286 :
2297 2248 2364 2288 ac
2395 2232 2666 2306 deinceps
2719 2236 3079 2294 occidentem
3129 2257 3354 2311 versus,
3386 2245 3656 2318 Evange-

2005 2318 2148 2375 lium
2218 2323 2638 2380 annuntiantes
2682 2325 3153 2396 proﬁciscuntur.
3187 2331 3490 2389 Enimvero
3531 2337 3650 2404 epi-

2005 2409 2152 2464 stola
2185 2409 2284 2465 illa
2314 2427 2444 2482 quae
2484 2411 2902 2486 Hierosolymis
2935 2417 3005 2472 ad
3052 2434 3150 2474 eos
3181 2419 3284 2492 qui
3333 2422 3649 2480 Antiochiae

2004 2497 2063 2553 in
2093 2498 2250 2568 Syria
2283 2503 2338 2555 et
2367 2499 2584 2569 Cilicia,
2609 2501 2865 2574 locisque
2908 2503 3040 2562 aliis
3067 2508 3340 2566 omnibus
3371 2511 3442 2565 ad
3475 2511 3645 2568 ﬁdem

2003 2602 2066 2643 se
2095 2603 2162 2643 ex
2192 2589 2466 2658 gentibus
2513 2591 2914 2660 contulissent,
2942 2609 3044 2665 per
3085 2596 3265 2652 Silam
3316 2599 3497 2656 missa
3537 2606 3648 2669 est,

2003 2674 2061 2730 in
2090 2674 2211 2731 hinc
2240 2677 2412 2733 verba
2441 2682 2530 2734 est
2558 2683 2835 2750 concepta
2861 2697 2874 2735 :
2909 2703 2937 2732 «
2971 2683 3456 2757 Quandoquidem
3491 2689 3652 2744 audi-

2001 2765 2215 2834 vimus,
2272 2768 2424 2837 quod
2503 2769 2742 2839 quidam
2815 2771 3107 2828 venientes
3163 2791 3266 2831 vos
3334 2777 3648 2848 turbarint,

1995 2851 2256 2908 dicentes
2285 2869 2298 2906 :
2326 2853 2601 2926 Oporterc
2649 2873 2748 2912 vos
2797 2857 3155 2929 circumcidi,
3189 2862 3488 2936 legemque
3525 2882 3648 2922 ser-

1995 2956 2147 3005 vare,
2180 2942 2394 3013 quibus
2426 2944 2483 3000 id
2516 2961 2630 3001 non
2665 2947 3072 3005 mandavimus
3105 2966 3118 3006 :
3154 2951 3344 3008 visum
3393 2959 3484 3010 est
3513 2955 3649 3027 Spi-

241 3029 614 3088 rituisancto
651 3035 709 3088 et
766 3031 930 3088 nobis
989 3030 1337 3088 unanimiter
1396 3032 1784 3104 congregatis,
1818 3031 1962 3087 nihil
2015 3031 2180 3087 vobis
2241 3033 2394 3088 ultra
2452 3034 2753 3107 imponere
2809 3038 3022 3106 oneris,
3076 3045 3464 3116 praeterquam
3523 3045 3646 3101 haec

237 3121 588 3187 necessaria,
660 3125 721 3178 ut
785 3137 886 3177 vos
948 3121 1286 3177 abstineatis
1351 3121 1424 3176 ab
1498 3120 1905 3188 immolatitiis,
1973 3119 2441 3184 simulacrorum.
2502 3129 2559 3180 et
2640 3127 2947 3198 sanguine,
2999 3133 3056 3184 et
3121 3131 3519 3201 fornicatione,
3587 3141 3646 3193 et

233 3211 537 3270 sulIocatc.
568 3213 614 3268 A
645 3212 862 3285 quibus
907 3229 1008 3268 vos
1057 3211 1472 3278 custodientes,
1505 3211 1654 3268 bene
1700 3211 1902 3282 agetis.
1935 3211 2152 3267 Valete.
2202 3211 2462 3268 Misimus
2512 3219 2707 3272 autem
2738 3217 2956 3274 Judam
3007 3224 3063 3274 et
3093 3220 3294 3294 Silam,
3328 3224 3642 3294 prima‘rios

232 3314 302 3354 ex
330 3301 614 3358 fratribus
661 3301 836 3371 viros,
868 3317 1002 3358 cum
1052 3301 1319 3358 Barnaba
1356 3305 1412 3357 et
1461 3301 1656 3368 Paulo,
1691 3301 1921 3358 dilectis
1966 3300 2136 3357 nobis
2183 3303 2490 3372 fratribus,
2545 3305 2883 3364 hominibus
2929 3309 3030 3381 qui
3079 3310 3307 3368 animus
3356 3329 3490 3371 suas
3541 3332 3644 3388 pro

234 3391 476 3448 nomine
511 3391 734 3448 Domini
769 3392 948 3450 nostri
982 3392 1124 3449 Jesu
1147 3391 1363 3449 Christi
1393 3392 1780 3461 tradiderunt,
1817 3396 1878 3448 ut
1908 3392 2096 3449 verbis
2128 3392 2288 3448 hisce
2317 3411 2416 3450 vos
2447 3397 2892 3454 consolarentur
2920 3399 2986 3455 ⁸⁸.
3023 3422 3052 3450 ››

877 3538 1130 3592 ΚΕΦΑΔ.
1905 3543 1956 3607 ο

249 3643 406 3715 Περί
436 3646 564 3698 τῶν
595 3641 688 3704 εἷς
719 3639 1132 3697 Μακεδονίαν
1163 3639 1594 3719 πραχθέντων
1624 3644 1702 3719 τῷ
1731 3641 1890 3719 ῖεροο

311 3711 561 3788 κήρυκι
601 3714 862 3788 Παύλῳ·
896 3715 1000 3769 καὶ
1034 3714 1179 3787 περὶ
1207 3711 1561 3802 Διονυρίου
1590 3711 1890 3802 τοῦᾌρε-

316 3786 674 3860 οπάγίτου,
705 3786 982 3840 καὶτῶν
1022 3786 1563 3861 συγγραμμάτων
1595 3786 1814 3842 αὐτοῦ.

316 3909 406 3964 Ἑν
467 3907 770 3970 Φιλίπποις
829 3905 877 3962 δ’
925 3907 1094 3974 οὖσιν,
1121 3909 1155 3976 ἡ
1216 3905 1276 3962 ἐκ
1331 3907 1630 3979 Θυατείρων
1683 3928 1892 3985 πορφυ-

245 3995 496 4068 ρόπωλις
539 4001 620 4070 τῷ
669 3999 798 4070 θείῳ
837 3996 1053 4068 λουτρῷ
1101 3996 1348 4070 πρόσεισι
1377 4017 1390 4032 ο
1419 3997 1506 4051 καὶ
1553 3997 1615 4051 τὸ
1659 3995 1710 4050 ἐν
1763 4019 1893 4052 παι-

244 4079 404 4160 δίσκῃ
449 4087 658 4158 πνεῦμα
701 4089 798 4139 τοῦ
849 4084 1104 4147 Πύθωνος
1137 4089 1424 4160 προσταγῇ
1475 4084 1698 4141 Παύλου
1743 4085 1896 4141 ἐλαύ-

248 4195 418 4234 νεται.
475 4173 758 4231 Κᾶντεῦθεν
815 4181 931 4238 τοῖς
987 4175 1194 4248 κυρίοις
1251 4173 1459 4247 ἐκείνης
1513 4183 1613 4246 τῆς
1671 4175 1895 4238 ἐλπίδος

243 4266 338 4332 τῆς
396 4263 600 4319 ἐκεῖθεν
660 4261 934 4339 προσόδου
1008 4267 1466 4340 περιαιρεθείσης,
1532 4263 1702 4338 δεσμὰ
1767 4265 1894 4328 τοὺς

245 4353 590 4417 ἀποστόλους
624 4355 743 4430 εἶχε
777 4338 910 4428 μετά
949 4353 1206 4431 πληγάς·
1254 4357 1345 4410 καὶ
1389 4354 1721 4418 ποδοκάκαις
1765 4377 1894 4433 σφο-

247 4439 389 4517 δρῶς
453 4443 732 4514 ἐπιέζοντο
789 4443 945 4500 Ἀλλ’
1002 4443 1054 4499 ἐν
1119 4445 1304 4518 μέσαις
1379 4446 1522 4514 νυξὶν
1597 4445 1735 4520 εύχὴ
1807 4446 1896 4500 καὶ

245 4531 505 4608 ἀκρόασις
553 4537 662 4588 τῶν
717 4531 1126 4606 συνδεσμωτῶν.
1184 4535 1284 4588 Καὶ
1336 4534 1462 4590 σείει
1505 4535 1599 4608 μὲν
1647 4537 1745 4605 τήν
1791 4537 1893 4610 γῆν

247 4621 276 4675 ὁ
336 4623 516 4685 Θυός·
565 4624 620 4677 αἱ
679 4619 737 4677 δὲ
794 4621 951 4698 θύραι
1009 4622 1096 4678 καὶ
1156 4621 1254 4678 ὅσα
1300 4622 1526 4698 κλεῖθρα
1573 4625 1662 4678 καί
1726 4622 1897 4698 δεσμὰ

249 4707 482 4768 ἀνίεντο,
533 4709 590 4762 ’0
637 4706 695 4764 δὲ
747 4707 943 4787 φύλαξ,
1005 4713 1202 4784 μικροῦ
1258 4708 1319 4764 ἃν
1377 4709 1637 4785 αὐτόχειρ
1689 4709 1896 4786 ἐγένετο

251 4797 383 4863 ὅλας
444 4799 541 4862 τὰς
599 4798 763 4874 θύρας
819 4798 1166 4876 ἀνεῳγμένας
1220 4797 1374 4869 ἰδὼν,
1432 4801 1478 4854 εἰ
1540 4803 1617 4874 μή
1681 4800 1896 4864 Παῦλος

2588 3541 2822 3599 CAPUT
2859 3543 2982 3600 XX.

2007 3642 2078 3698 Dc
2131 3647 2435 3717 sacrosacri
2487 3651 2756 3717 pmcom’s
2813 3649 2980 3705 Pauli
3024 3651 3081 3706 in
3113 3651 3426 3709 Macedonia
3481 3657 3644 3716 rebus

2069 3717 2238 3840 gestis
2269 3733 2288 3768 :
2319 3725 2371 3771 et
2399 3716 2462 3773 de
2489 3716 2756 3790 Dionysio
2803 3722 3147 3792 Areopagita,
3183 3724 3442 3796 librisque
3486 3729 3642 3797 ejus-

2107 3802 2214 3841 em.

2073 3909 2246 3967 Porro
2278 3927 2412 3969 cum
2469 3914 2749 3988 Philippis
2793 3921 3010 3986 essent,
3046 3935 3312 3992 purpurae
3359 3923 3644 3980 venditrix

2004 4014 2033 4054 c
2063 3999 2292 4057 civitate
2320 4001 2725 4074 Thyatircrum
2759 4005 2975 4062 femina
3011 4009 3082 4063 ad
3118 4009 3382 4067 divinum
3424 4013 3648 4069 accedit

2003 4089 2322 4148 lavacrum.
2367 4092 2434 4147 Et
2497 4094 2739 4166 spiritus
2787 4095 3068 4168 Pythonis
3126 4099 3300 4168 jussu
3368 4100 3531 4156 Pauli
3579 4118 3647 4158 ex

2006 4178 2198 4250 puella
2230 4181 2502 4252 profugit.
2536 4183 2716 4253 Cujus
2747 4183 3024 4256 dominis,
3056 4201 3189 4242 cum
3224 4203 3358 4260 spes
3388 4194 3648 4260 quaestus

2004 4270 2152 4341 ejus,
2184 4285 2358 4342 quem
2399 4287 2466 4327 ex
2513 4287 2582 4327 ea
2627 4272 2950 4345 capiebant,
2983 4280 3135 4331 esset
3177 4279 3439 4349 praecisa,
3469 4278 3650 4336 illicet

2007 4360 2191 4431 plagae
2237 4363 2295 4415 et
2350 4359 2584 4416 vincula
2651 4361 2941 4434 apostolos
2998 4364 3305 4436 arripiunt,
3362 4373 3420 4423 et
3477 4369 3650 4440 pedes

2005 4463 2202 4504 eorum
2258 4449 2572 4506 admodum
2621 4453 3048 4524 constringunt.
3095 4455 3201 4511 Sed
3250 4454 3405 4511 enim
3439 4455 3652 4512 intem-

2007 4541 2167 4608 pesta
2212 4542 2380 4594 nocte
2425 4554 2622 4610 preces
2665 4540 2738 4595 ab
2785 4540 2868 4597 eis
2935 4541 3104 4608 ﬁunt,
3144 4559 3290 4613 quas
3336 4542 3396 4597 in
3445 4543 3648 4598 eodem

2006 4643 2232 4683 carcere
2279 4627 2455 4684 vincti
2499 4632 2685 4696 erant,
2716 4629 3052 4686 exaudiunt.
3097 4631 3172 4685 Ac
3215 4631 3370 4686 Deus
3417 4630 3648 4701 quidem

2007 4725 2214 4772 terram
2257 4719 2446 4772 movet
2472 4723 2527 4772 et
2573 4718 2874 4774 concutit:
2927 4719 3075 4774 fores
3123 4722 3339 4780 autem,
3371 4718 3650 4787 claustra,

2007 4811 2061 4860 et
2090 4801 2322 4860 vincula
2349 4804 2544 4861 omnia
2589 4805 2916 4862 solvuntur.
2948 4806 3153 4863 Custos
3201 4822 3370 4878 porro
3399 4807 3650 4864 carceris

251 4893 404 4964 φωνῇ
457 4892 651 4944 τοῦτον
686 4885 1024 4960 ἀνέστελλεν,
1055 4889 1289 4951 ἅπαντας
1341 4885 1493 4944 ἔνδον
1544 4889 1680 4944 εἶναι
1713 4889 1894 4958 εἶ’πών¹

2013 4892 2164 4949 fores
2195 4908 2399 4950 omnes
2428 4901 2657 4966 apertas
2704 4895 3091 4966 conspiciens,
3120 4893 3243 4966 ipse
3281 4895 3391 4952 sibi
3420 4896 3650 4952 attulis-

255 4980 348 5034 Καὶ
397 4977 585 5055 φωτὸς
644 4974 940 5051 διαρπάσας
997 4975 1310 5051 sia-{Segni
1365 4977 1416 5034 τί
1472 4975 1584 5034 δέοι
1642 4980 1896 5054 πράττειν

255 5067 465 5142 ἠρώτα.
500 5070 595 5124 Καὶ
631 5069 682 5124 οἳ
717 5071 812 5142 μὲν
838 5069 930 5124 τὸν
965 5066 1134 5145 λόγον
1163 5065 1541 5144 κατήγγελλον
1566 5084 1581 5100 ⁶
1622 5070 1650 5124 ὸ
1703 5067 1761 5124 δὲ
1805 5071 1900 5134 τάς

253 5155 472 5234 πληγάς
520 5156 828 5232 ἐθεράπευε,
875 5156 966 5212 καὶ
1021 5156 1242 5232 χλιαρῷ
1297 5155 1549 5231 ἀπένιψεν
1610 5155 1784 5216 ὕδατι.
1837 5161 1898 5214 O't

257 5241 313 5300 δὲ
358 5249 422 5303 τὸ
469 5249 612 5302 θεῖον
662 5245 975 5322 ἐχορήγουν
1023 5245 1201 5318 τούτῳ
1248 5243 1514 5321 λουτρόν⁸
1571 5249 1662 5302 καὶ
1711 5243 1900 5324 ἔχαιρε

257 5335 348 5389 σὺν
395 5340 529 5392 πᾶσι
573 5341 694 5397 τοῖς
744 5337 941 5391 ἑαυτοῦ
982 5337 1200 5411 Χριστῷ
1249 5336 1508 5411 προσιών.
1543 5337 1693 5411 ’Ἅμα
1731 5334 1780 5392 δ’
1824 5334 1900 5411 ἕῳ

259 5422 359 5480 ὑπὸ
416 5429 527 5481 τῶν
589 5445 905 5501 στρατηγων
958 5431 1058 5495 τῆς
1116 5425 1336 5498 εἱρκτῆς
1394 5424 1766 5482 ἀνίεντο·καί
1829 5425 1904 5482 δι’

258 5513 645 5590 Ἀμφιπόλεως
677 5516 768 5570 καὶ
801 5512 1182 5575 ’Δπολλωνίας
1226 5515 1294 5585 τῇ
1337 5513 1700 5590 Θεσσαλονίκῃ
1730 5537 1900 5591 προσ-

336 5717 380 5752 ³⁸
411 5717 539 5773 Act.
570 5729 665 5785 xv,
694 5712 764 5770 24
794 5728 958 5786 seqq.

2013 4987 2102 5038 set.
2131 4998 2362 5052 manus,
2395 4981 2507 5040 nisi
2542 4999 2675 5040 eum
2723 4999 2858 5041 voce
2897 5001 3006 5040 sua
3048 4983 3264 5040 Paulus
3292 4981 3465 5040 166
3493 4985 3651 5042 cohi-

2010 5073 2252 5142 buisset,
2285 5088 2486 5129 omnes
2535 5074 2728 5130 adhuc
2773 5073 2934 5130 intus
2982 5089 3110 5131 esse
3159 5073 3382 5132 dicens.
3431 5077 3517 5131 Ita
3551 5091 3653 5130 cu-

2008 5166 2154 5230 stos,
2186 5161 2422 5220 lucerna
2451 5167 2700 5234 arrepta,
2732 5179 3018 5224 carcerem
3049 5163 3394 5236 ingreditur,
3425 5169 3480 5219 et
3513 5164 3652 5235 quid

2009 5251 2121 5308 sibi
2179 5250 2506 5308 faciendum
2566 5251 2661 5319 sit,
2721 5256 2900 5323 rogat.
2951 5253 3092 5308 Tum
3153 5251 3236 5308 illi
3292 5253 3344 5308 ei
3399 5251 3653 5308 Verbum

2010 5339 2419 5411 depraedicant,
2453 5345 2509 5396 et
2558 5341 2684 5413 ipse
2732 5346 2991 5398 recentes
3023 5357 3225 5398 eorum
3271 5342 3489 5400 vibices
3516 5343 3654 5399 sub-

2011 5428 2196 5486 calida
2225 5428 2379 5486 lavat
2408 5447 2560 5504 aqua
2594 5447 2608 5486 :
2637 5446 2738 5501 pro
2769 5447 2882 5502 qua
2921 5431 2992 5486 ab
3025 5430 3141 5487 illis
3181 5431 3444 5489 divinum
3475 5431 3657 5488 sumit

2012 5519 2324 5574 lavacrum.
2394 5522 2594 5591 Itaque
2654 5521 2702 5574 is
2771 5537 2900 5575 cum
2962 5521 3085 5576 suis
3159 5522 3432 5579 omnibus
3489 5521 3653 5578 latus
