  <div class='ocr_page' id='page_1' title='image "/cluster/home/n/w/nwhite01/storage/ocr_20150623/145/mdp.39015061167048/411.png"; bbox 0 0 4070 6274; ppageno 0'>
   <div class='ocr_carea' id='block_1_1' title="bbox 469 333 590 394">
    <p class='ocr_par' dir='ltr' id='par_1_1' title="bbox 469 333 590 394">
     <span class='ocr_line' id='line_1_1' title="bbox 469 333 590 394; baseline -0.008 0"><span class='ocrx_word' id='word_1_1' title='bbox 469 333 590 394; x_wconf 85' lang='grc' dir='ltr'><strong>8οἹ</strong></span> 
     </span>
    </p>
   </div>
   <div class='ocr_carea' id='block_1_2' title="bbox 1768 328 2586 398">
    <p class='ocr_par' dir='ltr' id='par_1_2' title="bbox 1768 328 2586 398">
     <span class='ocr_line' id='line_1_2' title="bbox 1768 328 2586 398; baseline 0.012 -10"><span class='ocrx_word' id='word_1_2' title='bbox 1768 328 2192 394; x_wconf 81' lang='lat' dir='ltr'><strong>NlCEPHORI</strong></span> <span class='ocrx_word' id='word_1_3' title='bbox 2235 334 2334 396; x_wconf 83' lang='lat' dir='ltr'><strong>CA</strong></span> <span class='ocrx_word' id='word_1_4' title='bbox 2346 336 2586 398; x_wconf 82' lang='lat' dir='ltr'><strong>LLISTI</strong></span> 
     </span>
    </p>
   </div>
   <div class='ocr_carea' id='block_1_3' title="bbox 3753 346 3876 406">
    <p class='ocr_par' dir='ltr' id='par_1_3' title="bbox 3753 346 3876 406">
     <span class='ocr_line' id='line_1_3' title="bbox 3753 346 3876 406; baseline 0 0"><span class='ocrx_word' id='word_1_5' title='bbox 3753 346 3876 406; x_wconf 86' lang='lat'><strong>808</strong></span> 
     </span>
    </p>
   </div>
   <div class='ocr_carea' id='block_1_4' title="bbox 475 461 2105 544">
    <p class='ocr_par' dir='ltr' id='par_1_4' title="bbox 475 462 2105 534">
     <span class='ocr_line' id='line_1_4' title="bbox 475 462 2105 534; baseline -0.002 -12"><span class='ocrx_word' id='word_1_6' title='bbox 475 467 704 523; x_wconf 79' lang='lat' dir='ltr'><strong>Christo</strong></span> <span class='ocrx_word' id='word_1_7' title='bbox 751 481 877 522; x_wconf 89' lang='lat' dir='ltr'><strong>sese</strong></span> <span class='ocrx_word' id='word_1_8' title='bbox 921 465 1094 521; x_wconf 81' lang='lat' dir='ltr'><strong>dicat.</strong></span> <span class='ocrx_word' id='word_1_9' title='bbox 1129 463 1344 520; x_wconf 84' lang='lat' dir='ltr'><strong>Deinde</strong></span> <span class='ocrx_word' id='word_1_10' title='bbox 1391 462 1474 518; x_wconf 86' lang='lat' dir='ltr'><strong>illi</strong></span> <span class='ocrx_word' id='word_1_11' title='bbox 1524 462 1670 518; x_wconf 84' lang='lat' dir='ltr'><strong>bene</strong></span> <span class='ocrx_word' id='word_1_12' title='bbox 1715 478 1890 518; x_wconf 89' lang='lat' dir='ltr'><strong>mane</strong></span> <span class='ocrx_word' id='word_1_13' title='bbox 1931 465 2105 534; x_wconf 85' lang='lat' dir='ltr'><strong>magi-</strong></span> 
     </span>
    </p>
   </div>
   <div class='ocr_carea' id='block_1_5' title="bbox 2215 461 3871 544">
    <p class='ocr_par' dir='ltr' id='par_1_5' title="bbox 2229 461 3871 544">
     <span class='ocr_line' id='line_1_5' title="bbox 2229 461 3871 544; baseline 0.008 -26"><span class='ocrx_word' id='word_1_14' title='bbox 2229 461 2448 524; x_wconf 76' lang='grc' dir='ltr'>έϐαλον.</span> <span class='ocrx_word' id='word_1_15' title='bbox 2500 469 2567 524; x_wconf 84' lang='grc' dir='ltr'><strong>Οἱ</strong></span> <span class='ocrx_word' id='word_1_16' title='bbox 2623 465 2679 524; x_wconf 78' lang='grc' dir='ltr'>δὲ</span> <span class='ocrx_word' id='word_1_17' title='bbox 2734 474 2840 525; x_wconf 90' lang='grc' dir='ltr'><strong>τῶν</strong></span> <span class='ocrx_word' id='word_1_18' title='bbox 2898 470 3178 527; x_wconf 78' lang='grc' dir='ltr'><strong>Ἰουδαίων</strong></span> <span class='ocrx_word' id='word_1_19' title='bbox 3252 473 3493 536; x_wconf 74' lang='grc' dir='ltr'><strong>ἀπειθεῖς</strong></span> <span class='ocrx_word' id='word_1_20' title='bbox 3550 476 3650 544; x_wconf 76' lang='grc' dir='ltr'><strong>τήν</strong></span> <span class='ocrx_word' id='word_1_21' title='bbox 3712 475 3871 532; x_wconf 85' lang='grc' dir='ltr'>πόλιν</span> 
     </span>
    </p>
   </div>
   <div class='ocr_carea' id='block_1_6' title="bbox 473 554 2123 628">
    <p class='ocr_par' dir='ltr' id='par_1_6' title="bbox 473 554 2123 628">
     <span class='ocr_line' id='line_1_6' title="bbox 473 554 2123 628; baseline -0.002 -15"><span class='ocrx_word' id='word_1_22' title='bbox 473 563 696 614; x_wconf 88' lang='lat' dir='ltr'><strong>stratus</strong></span> <span class='ocrx_word' id='word_1_23' title='bbox 753 556 1284 628; x_wconf 88' lang='lat' dir='ltr'><strong>primariorumque</strong></span> <span class='ocrx_word' id='word_1_24' title='bbox 1339 554 1598 610; x_wconf 89' lang='lat' dir='ltr'><strong>virorum</strong></span> <span class='ocrx_word' id='word_1_25' title='bbox 1667 555 1841 624; x_wconf 80' lang='lat' dir='ltr'><strong>jussu</strong></span> <span class='ocrx_word' id='word_1_26' title='bbox 1897 571 2123 610; x_wconf 82' lang='lat' dir='ltr'><strong>carcere</strong></span> 
     </span>
    </p>
   </div>
   <div class='ocr_carea' id='block_1_7' title="bbox 471 643 2120 718">
    <p class='ocr_par' dir='ltr' id='par_1_7' title="bbox 471 643 2120 718">
     <span class='ocr_line' id='line_1_7' title="bbox 471 643 2120 718; baseline -0.003 -14"><span class='ocrx_word' id='word_1_27' title='bbox 471 647 690 717; x_wconf 89' lang='lat' dir='ltr'><strong>emissi,</strong></span> <span class='ocrx_word' id='word_1_28' title='bbox 749 661 850 718; x_wconf 90' lang='lat' dir='ltr'><strong>per</strong></span> <span class='ocrx_word' id='word_1_29' title='bbox 920 643 1314 716; x_wconf 85' lang='lat' dir='ltr'><strong>Amphipolim</strong></span> <span class='ocrx_word' id='word_1_30' title='bbox 1384 648 1442 699; x_wconf 92' lang='lat' dir='ltr'><strong>et</strong></span> <span class='ocrx_word' id='word_1_31' title='bbox 1493 643 1883 715; x_wconf 82' lang='lat' dir='ltr'><strong>Apolloniam,</strong></span> <span class='ocrx_word' id='word_1_32' title='bbox 1941 645 2120 700; x_wconf 84' lang='lat' dir='ltr'><strong>Thes-</strong></span> 
     </span>
    </p>
   </div>
   <div class='ocr_carea' id='block_1_8' title="bbox 471 732 2119 806">
    <p class='ocr_par' dir='ltr' id='par_1_8' title="bbox 471 732 2119 806">
     <span class='ocr_line' id='line_1_8' title="bbox 471 732 2119 806; baseline -0.002 -14"><span class='ocrx_word' id='word_1_33' title='bbox 471 737 789 792; x_wconf 88' lang='lat' dir='ltr'><strong>salonicam</strong></span> <span class='ocrx_word' id='word_1_34' title='bbox 812 735 1176 806; x_wconf 88' lang='lat' dir='ltr'><strong>perveniunt.</strong></span> <span class='ocrx_word' id='word_1_35' title='bbox 1200 734 1280 789; x_wconf 91' lang='lat' dir='ltr'><strong>Ibi</strong></span> <span class='ocrx_word' id='word_1_36' title='bbox 1303 733 1484 789; x_wconf 69' lang='lat' dir='ltr'><strong>Judaei</strong></span> <span class='ocrx_word' id='word_1_37' title='bbox 1503 735 1560 788; x_wconf 91' lang='lat' dir='ltr'><strong>in</strong></span> <span class='ocrx_word' id='word_1_38' title='bbox 1586 732 1787 789; x_wconf 84' lang='lat' dir='ltr'><strong>ﬁdeles</strong></span> <span class='ocrx_word' id='word_1_39' title='bbox 1806 733 2119 789; x_wconf 75' lang='lat' dir='ltr'><strong>tumultum</strong></span> 
     </span>
    </p>
   </div>
   <div class='ocr_carea' id='block_1_9' title="bbox 471 821 2118 893">
    <p class='ocr_par' dir='ltr' id='par_1_9' title="bbox 471 821 2118 893">
     <span class='ocr_line' id='line_1_9' title="bbox 471 821 2118 893; baseline -0.001 -14"><span class='ocrx_word' id='word_1_40' title='bbox 471 827 528 879; x_wconf 90' lang='lat' dir='ltr'><strong>in</strong></span> <span class='ocrx_word' id='word_1_41' title='bbox 581 825 720 878; x_wconf 85' lang='lat' dir='ltr'><strong>urbe</strong></span> <span class='ocrx_word' id='word_1_42' title='bbox 772 830 1020 889; x_wconf 89' lang='lat' dir='ltr'><strong>movent,</strong></span> <span class='ocrx_word' id='word_1_43' title='bbox 1055 825 1111 877; x_wconf 89' lang='lat' dir='ltr'><strong>et</strong></span> <span class='ocrx_word' id='word_1_44' title='bbox 1151 822 1374 888; x_wconf 83' lang='lat' dir='ltr'><strong>Jasoni,</strong></span> <span class='ocrx_word' id='word_1_45' title='bbox 1417 821 1516 891; x_wconf 88' lang='lat' dir='ltr'><strong>qui</strong></span> <span class='ocrx_word' id='word_1_46' title='bbox 1565 838 1664 877; x_wconf 92' lang='lat' dir='ltr'><strong>eos</strong></span> <span class='ocrx_word' id='word_1_47' title='bbox 1715 822 1962 893; x_wconf 80' lang='lat' dir='ltr'><strong>benigne</strong></span> <span class='ocrx_word' id='word_1_48' title='bbox 2015 822 2118 878; x_wconf 80' lang='lat' dir='ltr'><strong>bo-</strong></span> 
     </span>
    </p>
   </div>
   <div class='ocr_carea' id='block_1_10' title="bbox 469 911 2119 985">
    <p class='ocr_par' dir='ltr' id='par_1_10' title="bbox 469 911 2119 985">
     <span class='ocr_line' id='line_1_10' title="bbox 469 911 2119 985; baseline -0.002 -14"><span class='ocrx_word' id='word_1_49' title='bbox 469 915 644 985; x_wconf 89' lang='lat' dir='ltr'><strong>spitio</strong></span> <span class='ocrx_word' id='word_1_50' title='bbox 691 921 1010 984; x_wconf 87' lang='lat' dir='ltr'><strong>exceperat,</strong></span> <span class='ocrx_word' id='word_1_51' title='bbox 1061 913 1357 984; x_wconf 82' lang='lat' dir='ltr'><strong>negotium</strong></span> <span class='ocrx_word' id='word_1_52' title='bbox 1411 912 1727 968; x_wconf 81' lang='lat' dir='ltr'><strong>facessunt.</strong></span> <span class='ocrx_word' id='word_1_53' title='bbox 1759 911 1873 967; x_wconf 89' lang='lat' dir='ltr'><strong>Nec</strong></span> <span class='ocrx_word' id='word_1_54' title='bbox 1923 915 2119 968; x_wconf 89' lang='lat' dir='ltr'><strong>minus</strong></span> 
     </span>
    </p>
   </div>
   <div class='ocr_carea' id='block_1_11' title="bbox 467 1001 2119 1060">
    <p class='ocr_par' dir='ltr' id='par_1_11' title="bbox 467 1001 2119 1060">
     <span class='ocr_line' id='line_1_11' title="bbox 467 1001 2119 1060; baseline -0.002 0"><span class='ocrx_word' id='word_1_55' title='bbox 467 1008 524 1060; x_wconf 88' lang='lat' dir='ltr'><strong>et</strong></span> <span class='ocrx_word' id='word_1_56' title='bbox 566 1003 850 1060; x_wconf 72' lang='lat' dir='ltr'><strong>Berrhmte</strong></span> <span class='ocrx_word' id='word_1_57' title='bbox 905 1001 1123 1058; x_wconf 80' lang='lat' dir='ltr'><strong>similia</strong></span> <span class='ocrx_word' id='word_1_58' title='bbox 1169 1003 1254 1058; x_wconf 90' lang='lat' dir='ltr'><strong>eis</strong></span> <span class='ocrx_word' id='word_1_59' title='bbox 1308 1002 1600 1057; x_wconf 91' lang='lat' dir='ltr'><strong>accidunt.</strong></span> <span class='ocrx_word' id='word_1_60' title='bbox 1651 1002 1761 1058; x_wconf 76' lang='lat' dir='ltr'><strong>Sed</strong></span> <span class='ocrx_word' id='word_1_61' title='bbox 1825 1002 2040 1058; x_wconf 81' lang='lat' dir='ltr'><strong>Paulus</strong></span> <span class='ocrx_word' id='word_1_62' title='bbox 2087 1020 2119 1057; x_wconf 89' lang='lat' dir='ltr'><strong>a</strong></span> 
     </span>
    </p>
   </div>
   <div class='ocr_carea' id='block_1_12' title="bbox 467 1089 2114 1157">
    <p class='ocr_par' dir='ltr' id='par_1_12' title="bbox 467 1089 2114 1157">
     <span class='ocr_line' id='line_1_12' title="bbox 467 1089 2114 1157; baseline -0.002 -8"><span class='ocrx_word' id='word_1_63' title='bbox 467 1091 743 1149; x_wconf 79' lang='lat' dir='ltr'><strong>fratribus</strong></span> <span class='ocrx_word' id='word_1_64' title='bbox 785 1091 856 1148; x_wconf 91' lang='lat' dir='ltr'><strong>ad</strong></span> <span class='ocrx_word' id='word_1_65' title='bbox 903 1105 1065 1147; x_wconf 90' lang='lat' dir='ltr'><strong>mare</strong></span> <span class='ocrx_word' id='word_1_66' title='bbox 1111 1090 1416 1157; x_wconf 87' lang='lat' dir='ltr'><strong>deductus,</strong></span> <span class='ocrx_word' id='word_1_67' title='bbox 1449 1089 1708 1146; x_wconf 86' lang='lat' dir='ltr'><strong>Athenas</strong></span> <span class='ocrx_word' id='word_1_68' title='bbox 1758 1090 1932 1146; x_wconf 81' lang='lat' dir='ltr'><strong>venit.</strong></span> <span class='ocrx_word' id='word_1_69' title='bbox 1973 1091 2114 1147; x_wconf 89' lang='lat' dir='ltr'><strong>Eam</strong></span> 
     </span>
    </p>
   </div>
   <div class='ocr_carea' id='block_1_13' title="bbox 465 1177 2115 1247">
    <p class='ocr_par' dir='ltr' id='par_1_13' title="bbox 465 1177 2115 1247">
     <span class='ocr_line' id='line_1_13' title="bbox 465 1177 2115 1247; baseline -0.002 -7"><span class='ocrx_word' id='word_1_70' title='bbox 465 1184 672 1240; x_wconf 85' lang='lat' dir='ltr'><strong>urbem</strong></span> <span class='ocrx_word' id='word_1_71' title='bbox 704 1180 1148 1238; x_wconf 90' lang='lat' dir='ltr'><strong>simulacrorum</strong></span> <span class='ocrx_word' id='word_1_72' title='bbox 1181 1177 1364 1236; x_wconf 90' lang='lat' dir='ltr'><strong>cultui</strong></span> <span class='ocrx_word' id='word_1_73' title='bbox 1410 1179 1660 1236; x_wconf 85' lang='lat' dir='ltr'><strong>deditam</strong></span> <span class='ocrx_word' id='word_1_74' title='bbox 1693 1194 1964 1247; x_wconf 79' lang='lat' dir='ltr'><strong>cernens,</strong></span> <span class='ocrx_word' id='word_1_75' title='bbox 1997 1195 2115 1236; x_wconf 79' lang='lat' dir='ltr'><strong>ser-</strong></span> 
     </span>
    </p>
   </div>
   <div class='ocr_carea' id='block_1_14' title="bbox 467 1267 2116 1340">
    <p class='ocr_par' dir='ltr' id='par_1_14' title="bbox 467 1267 2116 1340">
     <span class='ocr_line' id='line_1_14' title="bbox 467 1267 2116 1340; baseline -0.003 -12"><span class='ocrx_word' id='word_1_76' title='bbox 467 1287 670 1328; x_wconf 89' lang='lat' dir='ltr'><strong>mones</strong></span> <span class='ocrx_word' id='word_1_77' title='bbox 699 1274 755 1328; x_wconf 89' lang='lat' dir='ltr'><strong>et</strong></span> <span class='ocrx_word' id='word_1_78' title='bbox 799 1286 936 1327; x_wconf 91' lang='lat' dir='ltr'><strong>cum</strong></span> <span class='ocrx_word' id='word_1_79' title='bbox 966 1269 1049 1327; x_wconf 90' lang='lat' dir='ltr'><strong>eis</strong></span> <span class='ocrx_word' id='word_1_80' title='bbox 1081 1267 1184 1340; x_wconf 89' lang='lat' dir='ltr'><strong>qui</strong></span> <span class='ocrx_word' id='word_1_81' title='bbox 1231 1283 1300 1323; x_wconf 84' lang='lat' dir='ltr'><strong>ex</strong></span> <span class='ocrx_word' id='word_1_82' title='bbox 1346 1283 1637 1340; x_wconf 79' lang='lat' dir='ltr'><strong>synagoga</strong></span> <span class='ocrx_word' id='word_1_83' title='bbox 1685 1273 1851 1324; x_wconf 89' lang='lat' dir='ltr'><strong>erant</strong></span> <span class='ocrx_word' id='word_1_84' title='bbox 1894 1268 2116 1325; x_wconf 80' lang='lat' dir='ltr'><strong>Judaeis</strong></span> 
     </span>
    </p>
   </div>
   <div class='ocr_carea' id='block_1_15' title="bbox 465 1355 2115 1434">
    <p class='ocr_par' dir='ltr' id='par_1_15' title="bbox 465 1355 2115 1434">
     <span class='ocr_line' id='line_1_15' title="bbox 465 1355 2115 1434; baseline -0.002 -17"><span class='ocrx_word' id='word_1_85' title='bbox 465 1366 522 1418; x_wconf 89' lang='lat' dir='ltr'><strong>et</strong></span> <span class='ocrx_word' id='word_1_86' title='bbox 551 1377 685 1417; x_wconf 92' lang='lat' dir='ltr'><strong>cum</strong></span> <span class='ocrx_word' id='word_1_87' title='bbox 719 1358 1082 1434; x_wconf 87' lang='lat' dir='ltr'><strong>philosophis</strong></span> <span class='ocrx_word' id='word_1_88' title='bbox 1115 1357 1416 1430; x_wconf 86' lang='lat' dir='ltr'><strong>Epicureis</strong></span> <span class='ocrx_word' id='word_1_89' title='bbox 1447 1355 1626 1414; x_wconf 81' lang='lat' dir='ltr'><strong>simul</strong></span> <span class='ocrx_word' id='word_1_90' title='bbox 1655 1360 1716 1414; x_wconf 88' lang='lat' dir='ltr'><strong>et</strong></span> <span class='ocrx_word' id='word_1_91' title='bbox 1735 1357 1940 1413; x_wconf 85' lang='lat' dir='ltr'><strong>Stoicis</strong></span> <span class='ocrx_word' id='word_1_92' title='bbox 1970 1373 2115 1414; x_wconf 87' lang='lat' dir='ltr'><strong>con-</strong></span> 
     </span>
    </p>
   </div>
   <div class='ocr_carea' id='block_1_16' title="bbox 465 1446 2114 1522">
    <p class='ocr_par' dir='ltr' id='par_1_16' title="bbox 465 1446 2114 1522">
     <span class='ocr_line' id='line_1_16' title="bbox 465 1446 2114 1522; baseline -0.002 -15"><span class='ocrx_word' id='word_1_93' title='bbox 465 1453 662 1508; x_wconf 77' lang='lat' dir='ltr'><strong>fert.A</strong></span> <span class='ocrx_word' id='word_1_94' title='bbox 693 1450 908 1522; x_wconf 85' lang='lat' dir='ltr'><strong>quibus</strong></span> <span class='ocrx_word' id='word_1_95' title='bbox 957 1453 1236 1520; x_wconf 90' lang='lat' dir='ltr'><strong>tanquam</strong></span> <span class='ocrx_word' id='word_1_96' title='bbox 1282 1446 1689 1520; x_wconf 80' lang='lat' dir='ltr'><strong>nugigerulus,</strong></span> <span class='ocrx_word' id='word_1_97' title='bbox 1721 1447 2114 1518; x_wconf 62' lang='lat' dir='ltr'><strong>iiuaniumque</strong></span> 
     </span>
    </p>
   </div>
   <div class='ocr_carea' id='block_1_17' title="bbox 462 1538 2114 1610">
    <p class='ocr_par' dir='ltr' id='par_1_17' title="bbox 462 1538 2114 1610">
     <span class='ocr_line' id='line_1_17' title="bbox 462 1538 2114 1610; baseline -0.002 -12"><span class='ocrx_word' id='word_1_98' title='bbox 462 1541 770 1598; x_wconf 90' lang='lat' dir='ltr'><strong>verborum</strong></span> <span class='ocrx_word' id='word_1_99' title='bbox 803 1544 980 1601; x_wconf 88' lang='lat' dir='ltr'><strong>sator,</strong></span> <span class='ocrx_word' id='word_1_100' title='bbox 1013 1544 1070 1594; x_wconf 89' lang='lat' dir='ltr'><strong>et</strong></span> <span class='ocrx_word' id='word_1_101' title='bbox 1107 1538 1546 1610; x_wconf 89' lang='lat' dir='ltr'><strong>peregrinorum</strong></span> <span class='ocrx_word' id='word_1_102' title='bbox 1599 1538 1840 1594; x_wconf 87' lang='lat' dir='ltr'><strong>deorum</strong></span> <span class='ocrx_word' id='word_1_103' title='bbox 1891 1553 2114 1594; x_wconf 89' lang='lat' dir='ltr'><strong>annun-</strong></span> 
     </span>
    </p>
   </div>
   <div class='ocr_carea' id='block_1_18' title="bbox 461 1627 2112 1700">
    <p class='ocr_par' dir='ltr' id='par_1_18' title="bbox 461 1627 2112 1700">
     <span class='ocr_line' id='line_1_18' title="bbox 461 1627 2112 1700; baseline -0.004 -12"><span class='ocrx_word' id='word_1_104' title='bbox 461 1632 658 1699; x_wconf 88' lang='lat' dir='ltr'><strong>tiator,</strong></span> <span class='ocrx_word' id='word_1_105' title='bbox 709 1629 982 1686; x_wconf 86' lang='lat' dir='ltr'><strong>conviciis</strong></span> <span class='ocrx_word' id='word_1_106' title='bbox 1030 1627 1285 1700; x_wconf 83' lang='lat' dir='ltr'><strong>graviter</strong></span> <span class='ocrx_word' id='word_1_107' title='bbox 1329 1628 1654 1698; x_wconf 73' lang='lat' dir='ltr'><strong>exagitetur</strong></span> <span class='ocrx_word' id='word_1_108' title='bbox 1694 1643 1708 1682; x_wconf 92' lang='lat'>:</span> <span class='ocrx_word' id='word_1_109' title='bbox 1755 1631 1811 1682; x_wconf 91' lang='lat' dir='ltr'><strong>et</strong></span> <span class='ocrx_word' id='word_1_110' title='bbox 1855 1643 2112 1698; x_wconf 84' lang='lat' dir='ltr'><strong>compre-</strong></span> 
     </span>
    </p>
   </div>
   <div class='ocr_carea' id='block_1_19' title="bbox 463 1715 2108 1788">
    <p class='ocr_par' dir='ltr' id='par_1_19' title="bbox 463 1715 2108 1788">
     <span class='ocr_line' id='line_1_19' title="bbox 463 1715 2108 1788; baseline -0.004 -12"><span class='ocrx_word' id='word_1_111' title='bbox 463 1721 707 1786; x_wconf 86' lang='lat' dir='ltr'><strong>hensus,</strong></span> <span class='ocrx_word' id='word_1_112' title='bbox 752 1718 812 1773; x_wconf 90' lang='lat' dir='ltr'><strong>in</strong></span> <span class='ocrx_word' id='word_1_113' title='bbox 861 1733 1202 1788; x_wconf 90' lang='lat' dir='ltr'><strong>supremum</strong></span> <span class='ocrx_word' id='word_1_114' title='bbox 1254 1716 1332 1772; x_wconf 91' lang='lat' dir='ltr'><strong>ibi</strong></span> <span class='ocrx_word' id='word_1_115' title='bbox 1375 1715 1688 1786; x_wconf 87' lang='lat' dir='ltr'><strong>judicium,</strong></span> <span class='ocrx_word' id='word_1_116' title='bbox 1719 1717 2108 1787; x_wconf 85' lang='lat' dir='ltr'><strong>Areopagum,</strong></span> 
     </span>
    </p>
   </div>
   <div class='ocr_carea' id='block_1_20' title="bbox 463 1804 2191 1896">
    <p class='ocr_par' dir='ltr' id='par_1_20' title="bbox 463 1804 2191 1896">
     <span class='ocr_line' id='line_1_20' title="bbox 463 1804 2191 1896; baseline -0.004 -31"><span class='ocrx_word' id='word_1_117' title='bbox 463 1825 564 1866; x_wconf 88' lang='lat' dir='ltr'><strong>seu</strong></span> <span class='ocrx_word' id='word_1_118' title='bbox 600 1807 804 1863; x_wconf 84' lang='lat' dir='ltr'><strong>Martis</strong></span> <span class='ocrx_word' id='word_1_119' title='bbox 835 1807 1042 1896; x_wconf 82' lang='lat' dir='ltr'><strong>collem</strong></span> <span class='ocrx_word' id='word_1_120' title='bbox 1093 1807 1419 1896; x_wconf 80' lang='lat' dir='ltr'><strong>nominant,</strong></span> <span class='ocrx_word' id='word_1_121' title='bbox 1452 1804 1811 1896; x_wconf 84' lang='lat' dir='ltr'><strong>producitur,</strong></span> <span class='ocrx_word' id='word_1_122' title='bbox 1842 1808 2014 1874; x_wconf 83' lang='lat' dir='ltr'><strong>atque</strong></span> <span class='ocrx_word' id='word_1_123' title='bbox 2040 1805 2108 1860; x_wconf 90' lang='lat' dir='ltr'><strong>ad</strong></span> <span class='ocrx_word' id='word_1_124' title='bbox 2145 1831 2191 1896; x_wconf 75' lang='grc' dir='ltr'><strong>Β</strong></span> 
     </span>
    </p>
   </div>
   <div class='ocr_carea' id='block_1_21' title="bbox 458 1893 2116 1966">
    <p class='ocr_par' dir='ltr' id='par_1_21' title="bbox 458 1893 2116 1966">
     <span class='ocr_line' id='line_1_21' title="bbox 458 1893 2116 1966; baseline -0.003 -13"><span class='ocrx_word' id='word_1_125' title='bbox 458 1897 727 1966; x_wconf 87' lang='lat' dir='ltr'><strong>judicum</strong></span> <span class='ocrx_word' id='word_1_126' title='bbox 761 1895 1036 1951; x_wconf 88' lang='lat' dir='ltr'><strong>subsellia</strong></span> <span class='ocrx_word' id='word_1_127' title='bbox 1066 1894 1314 1950; x_wconf 85' lang='lat' dir='ltr'><strong>sistitur.</strong></span> <span class='ocrx_word' id='word_1_128' title='bbox 1349 1894 1560 1951; x_wconf 86' lang='lat' dir='ltr'><strong>Novem</strong></span> <span class='ocrx_word' id='word_1_129' title='bbox 1595 1895 1633 1948; x_wconf 92' lang='lat' dir='ltr'><strong>ii</strong></span> <span class='ocrx_word' id='word_1_130' title='bbox 1665 1898 1854 1962; x_wconf 88' lang='lat' dir='ltr'><strong>erant,</strong></span> <span class='ocrx_word' id='word_1_131' title='bbox 1886 1893 2116 1964; x_wconf 88' lang='lat' dir='ltr'><strong>sapien-</strong></span> 
     </span>
    </p>
   </div>
   <div class='ocr_carea' id='block_1_22' title="bbox 462 1983 2112 2055">
    <p class='ocr_par' dir='ltr' id='par_1_22' title="bbox 462 1983 2112 2055">
     <span class='ocr_line' id='line_1_22' title="bbox 462 1983 2112 2055; baseline -0.002 -15"><span class='ocrx_word' id='word_1_132' title='bbox 462 1985 564 2052; x_wconf 89' lang='lat' dir='ltr'><strong>tia,</strong></span> <span class='ocrx_word' id='word_1_133' title='bbox 599 1985 828 2053; x_wconf 89' lang='lat' dir='ltr'><strong>virtutc,</strong></span> <span class='ocrx_word' id='word_1_134' title='bbox 862 2000 1071 2055; x_wconf 87' lang='lat' dir='ltr'><strong>genere</strong></span> <span class='ocrx_word' id='word_1_135' title='bbox 1111 1988 1168 2038; x_wconf 90' lang='lat' dir='ltr'><strong>et</strong></span> <span class='ocrx_word' id='word_1_136' title='bbox 1209 1983 1419 2054; x_wconf 91' lang='lat' dir='ltr'><strong>opibus</strong></span> <span class='ocrx_word' id='word_1_137' title='bbox 1466 1983 1743 2039; x_wconf 87' lang='lat' dir='ltr'><strong>omnibus</strong></span> <span class='ocrx_word' id='word_1_138' title='bbox 1792 1983 1922 2038; x_wconf 87' lang='lat' dir='ltr'><strong>aliis</strong></span> <span class='ocrx_word' id='word_1_139' title='bbox 1970 1999 2112 2054; x_wconf 68' lang='lat' dir='ltr'><strong>prae-</strong></span> 
     </span>
    </p>
   </div>
   <div class='ocr_carea' id='block_1_23' title="bbox 463 2072 2114 2143">
    <p class='ocr_par' dir='ltr' id='par_1_23' title="bbox 463 2072 2114 2143">
     <span class='ocr_line' id='line_1_23' title="bbox 463 2072 2114 2143; baseline -0.002 -13"><span class='ocrx_word' id='word_1_140' title='bbox 463 2075 778 2131; x_wconf 88' lang='lat' dir='ltr'><strong>stantiores</strong></span> <span class='ocrx_word' id='word_1_141' title='bbox 806 2073 1007 2143; x_wconf 88' lang='lat' dir='ltr'><strong>habiti,</strong></span> <span class='ocrx_word' id='word_1_142' title='bbox 1032 2083 1085 2130; x_wconf 90' lang='lat' dir='ltr'><strong>et</strong></span> <span class='ocrx_word' id='word_1_143' title='bbox 1109 2075 1176 2128; x_wconf 90' lang='lat' dir='ltr'><strong>ad</strong></span> <span class='ocrx_word' id='word_1_144' title='bbox 1195 2073 1482 2143; x_wconf 88' lang='lat' dir='ltr'><strong>judicium</strong></span> <span class='ocrx_word' id='word_1_145' title='bbox 1518 2088 1732 2128; x_wconf 91' lang='lat' dir='ltr'><strong>munus</strong></span> <span class='ocrx_word' id='word_1_146' title='bbox 1751 2072 2114 2137; x_wconf 82' lang='lat' dir='ltr'><strong>obeundum,</strong></span> 
     </span>
    </p>
   </div>
   <div class='ocr_carea' id='block_1_24' title="bbox 462 2161 2108 2238">
    <p class='ocr_par' dir='ltr' id='par_1_24' title="bbox 462 2161 2108 2238">
     <span class='ocr_line' id='line_1_24' title="bbox 462 2161 2108 2238; baseline -0.002 -18"><span class='ocrx_word' id='word_1_147' title='bbox 462 2169 638 2237; x_wconf 87' lang='lat' dir='ltr'><strong>prout</strong></span> <span class='ocrx_word' id='word_1_148' title='bbox 665 2165 910 2238; x_wconf 88' lang='lat' dir='ltr'><strong>quisque</strong></span> <span class='ocrx_word' id='word_1_149' title='bbox 938 2181 1138 2222; x_wconf 88' lang='lat' dir='ltr'><strong>eorum</strong></span> <span class='ocrx_word' id='word_1_150' title='bbox 1162 2165 1324 2221; x_wconf 88' lang='lat' dir='ltr'><strong>visus</strong></span> <span class='ocrx_word' id='word_1_151' title='bbox 1354 2169 1413 2220; x_wconf 88' lang='lat' dir='ltr'><strong>et</strong></span> <span class='ocrx_word' id='word_1_152' title='bbox 1442 2166 1724 2236; x_wconf 89' lang='lat' dir='ltr'><strong>optimus,</strong></span> <span class='ocrx_word' id='word_1_153' title='bbox 1747 2164 1818 2218; x_wconf 88' lang='lat' dir='ltr'><strong>ad</strong></span> <span class='ocrx_word' id='word_1_154' title='bbox 1853 2161 2108 2218; x_wconf 86' lang='lat' dir='ltr'><strong>tribunal</strong></span> 
     </span>
    </p>
   </div>
   <div class='ocr_carea' id='block_1_25' title="bbox 461 2251 2109 2323">
    <p class='ocr_par' dir='ltr' id='par_1_25' title="bbox 461 2251 2109 2323">
     <span class='ocr_line' id='line_1_25' title="bbox 461 2251 2109 2323; baseline -0.004 -13"><span class='ocrx_word' id='word_1_155' title='bbox 461 2255 616 2313; x_wconf 91' lang='lat' dir='ltr'><strong>lecti.</strong></span> <span class='ocrx_word' id='word_1_156' title='bbox 649 2257 714 2311; x_wconf 89' lang='lat' dir='ltr'><strong>In</strong></span> <span class='ocrx_word' id='word_1_157' title='bbox 755 2255 944 2311; x_wconf 92' lang='lat' dir='ltr'><strong>medio</strong></span> <span class='ocrx_word' id='word_1_158' title='bbox 993 2253 1200 2310; x_wconf 88' lang='lat' dir='ltr'><strong>horum</strong></span> <span class='ocrx_word' id='word_1_159' title='bbox 1251 2252 1604 2321; x_wconf 86' lang='lat' dir='ltr'><strong>consistens,</strong></span> <span class='ocrx_word' id='word_1_160' title='bbox 1634 2251 2109 2323; x_wconf 87' lang='lat' dir='ltr'><strong>superstitionem</strong></span> 
     </span>
    </p>
   </div>
   <div class='ocr_carea' id='block_1_26' title="bbox 460 2339 2111 2415">
    <p class='ocr_par' dir='ltr' id='par_1_26' title="bbox 460 2339 2111 2415">
     <span class='ocr_line' id='line_1_26' title="bbox 460 2339 2111 2415; baseline -0.004 -14"><span class='ocrx_word' id='word_1_161' title='bbox 460 2360 686 2414; x_wconf 87' lang='lat' dir='ltr'><strong>eorum,</strong></span> <span class='ocrx_word' id='word_1_162' title='bbox 717 2361 783 2400; x_wconf 90' lang='lat' dir='ltr'><strong>ac</strong></span> <span class='ocrx_word' id='word_1_163' title='bbox 814 2343 1017 2415; x_wconf 87' lang='lat' dir='ltr'><strong>templi</strong></span> <span class='ocrx_word' id='word_1_164' title='bbox 1048 2343 1224 2413; x_wconf 89' lang='lat' dir='ltr'><strong>illius,</strong></span> <span class='ocrx_word' id='word_1_165' title='bbox 1257 2343 1412 2414; x_wconf 90' lang='lat' dir='ltr'><strong>quod</strong></span> <span class='ocrx_word' id='word_1_166' title='bbox 1445 2341 1595 2413; x_wconf 89' lang='lat' dir='ltr'><strong>apud</strong></span> <span class='ocrx_word' id='word_1_167' title='bbox 1629 2356 1727 2396; x_wconf 91' lang='lat' dir='ltr'><strong>eos</strong></span> <span class='ocrx_word' id='word_1_168' title='bbox 1767 2339 1964 2411; x_wconf 85' lang='lat' dir='ltr'><strong>Ignoto</strong></span> <span class='ocrx_word' id='word_1_169' title='bbox 1998 2339 2111 2395; x_wconf 93' lang='lat' dir='ltr'><strong>Deo</strong></span> 
     </span>
    </p>
   </div>
   <div class='ocr_carea' id='block_1_27' title="bbox 460 2428 2113 2501">
    <p class='ocr_par' dir='ltr' id='par_1_27' title="bbox 460 2428 2113 2501">
     <span class='ocr_line' id='line_1_27' title="bbox 460 2428 2113 2501; baseline -0.005 -11"><span class='ocrx_word' id='word_1_170' title='bbox 460 2438 859 2492; x_wconf 87' lang='lat' dir='ltr'><strong>consecratum</strong></span> <span class='ocrx_word' id='word_1_171' title='bbox 917 2437 1064 2500; x_wconf 88' lang='lat' dir='ltr'><strong>erat,</strong></span> <span class='ocrx_word' id='word_1_172' title='bbox 1107 2433 1418 2488; x_wconf 85' lang='lat' dir='ltr'><strong>annuntiat</strong></span> <span class='ocrx_word' id='word_1_173' title='bbox 1473 2447 1487 2484; x_wconf 75' lang='grc' dir='ltr'><strong>ε</strong></span> <span class='ocrx_word' id='word_1_174' title='bbox 1539 2445 1720 2501; x_wconf 87' lang='lat' dir='ltr'><strong>seque</strong></span> <span class='ocrx_word' id='word_1_175' title='bbox 1782 2428 1908 2497; x_wconf 89' lang='lat' dir='ltr'><strong>ejus</strong></span> <span class='ocrx_word' id='word_1_176' title='bbox 1973 2445 2113 2500; x_wconf 83' lang='lat' dir='ltr'><strong>apo-</strong></span> 
     </span>
    </p>
   </div>
   <div class='ocr_carea' id='block_1_28' title="bbox 459 2517 2107 2595">
    <p class='ocr_par' dir='ltr' id='par_1_28' title="bbox 459 2517 2107 2595">
     <span class='ocr_line' id='line_1_28' title="bbox 459 2517 2107 2595; baseline -0.005 -15"><span class='ocrx_word' id='word_1_177' title='bbox 459 2524 676 2580; x_wconf 89' lang='lat' dir='ltr'><strong>stolum</strong></span> <span class='ocrx_word' id='word_1_178' title='bbox 708 2531 758 2579; x_wconf 87' lang='lat' dir='ltr'><strong>et</strong></span> <span class='ocrx_word' id='word_1_179' title='bbox 789 2524 1043 2595; x_wconf 88' lang='lat' dir='ltr'><strong>legatum</strong></span> <span class='ocrx_word' id='word_1_180' title='bbox 1073 2537 1202 2579; x_wconf 90' lang='lat' dir='ltr'><strong>esse</strong></span> <span class='ocrx_word' id='word_1_181' title='bbox 1251 2521 1478 2589; x_wconf 90' lang='lat' dir='ltr'><strong>asserit,</strong></span> <span class='ocrx_word' id='word_1_182' title='bbox 1511 2535 1684 2591; x_wconf 88' lang='lat' dir='ltr'><strong>quem</strong></span> <span class='ocrx_word' id='word_1_183' title='bbox 1717 2526 1771 2574; x_wconf 88' lang='lat' dir='ltr'><strong>et</strong></span> <span class='ocrx_word' id='word_1_184' title='bbox 1800 2517 2107 2574; x_wconf 89' lang='lat' dir='ltr'><strong>Dominum</strong></span> 
     </span>
    </p>
   </div>
   <div class='ocr_carea' id='block_1_29' title="bbox 456 2608 2104 2681">
    <p class='ocr_par' dir='ltr' id='par_1_29' title="bbox 456 2608 2104 2681">
     <span class='ocr_line' id='line_1_29' title="bbox 456 2608 2104 2681; baseline -0.004 -12"><span class='ocrx_word' id='word_1_185' title='bbox 456 2617 514 2669; x_wconf 89' lang='lat' dir='ltr'><strong>et</strong></span> <span class='ocrx_word' id='word_1_186' title='bbox 559 2617 874 2669; x_wconf 88' lang='lat' dir='ltr'><strong>creatorem</strong></span> <span class='ocrx_word' id='word_1_187' title='bbox 907 2612 1033 2667; x_wconf 76' lang='lat' dir='ltr'><strong>cmli</strong></span> <span class='ocrx_word' id='word_1_188' title='bbox 1065 2615 1120 2667; x_wconf 89' lang='lat' dir='ltr'><strong>et</strong></span> <span class='ocrx_word' id='word_1_189' title='bbox 1153 2617 1338 2681; x_wconf 78' lang='lat' dir='ltr'><strong>terras,</strong></span> <span class='ocrx_word' id='word_1_190' title='bbox 1372 2610 1528 2681; x_wconf 91' lang='lat' dir='ltr'><strong>quod</strong></span> <span class='ocrx_word' id='word_1_191' title='bbox 1577 2608 1795 2664; x_wconf 89' lang='lat' dir='ltr'><strong>scilicet</strong></span> <span class='ocrx_word' id='word_1_192' title='bbox 1843 2623 1944 2680; x_wconf 88' lang='lat' dir='ltr'><strong>per</strong></span> <span class='ocrx_word' id='word_1_193' title='bbox 1973 2623 2104 2663; x_wconf 89' lang='lat' dir='ltr'><strong>eum</strong></span> 
     </span>
    </p>
   </div>
   <div class='ocr_carea' id='block_1_30' title="bbox 457 2697 2112 2772">
    <p class='ocr_par' dir='ltr' id='par_1_30' title="bbox 457 2697 2112 2772">
     <span class='ocr_line' id='line_1_30' title="bbox 457 2697 2112 2772; baseline -0.005 -14"><span class='ocrx_word' id='word_1_194' title='bbox 457 2705 780 2772; x_wconf 73' lang='lat' dir='ltr'><strong>consistant</strong></span> <span class='ocrx_word' id='word_1_195' title='bbox 809 2701 1024 2770; x_wconf 89' lang='lat' dir='ltr'><strong>omnia,</strong></span> <span class='ocrx_word' id='word_1_196' title='bbox 1058 2701 1299 2772; x_wconf 87' lang='lat' dir='ltr'><strong>ipseque</strong></span> <span class='ocrx_word' id='word_1_197' title='bbox 1349 2699 1571 2755; x_wconf 89' lang='lat' dir='ltr'><strong>nullius</strong></span> <span class='ocrx_word' id='word_1_198' title='bbox 1602 2699 1682 2754; x_wconf 89' lang='lat' dir='ltr'><strong>rei</strong></span> <span class='ocrx_word' id='word_1_199' title='bbox 1731 2697 2020 2767; x_wconf 81' lang='lat' dir='ltr'><strong>indigens,</strong></span> <span class='ocrx_word' id='word_1_200' title='bbox 2055 2699 2112 2751; x_wconf 90' lang='lat' dir='ltr'><strong>et</strong></span> 
     </span>
    </p>
   </div>
   <div class='ocr_carea' id='block_1_31' title="bbox 457 2785 2110 2869">
    <p class='ocr_par' dir='ltr' id='par_1_31' title="bbox 457 2785 2110 2869">
     <span class='ocr_line' id='line_1_31' title="bbox 457 2785 2110 2869; baseline -0.005 -21"><span class='ocrx_word' id='word_1_201' title='bbox 457 2794 604 2869; x_wconf 87' lang='lat' dir='ltr'><strong>nulli</strong></span> <span class='ocrx_word' id='word_1_202' title='bbox 635 2795 897 2848; x_wconf 87' lang='lat' dir='ltr'><strong>omnium</strong></span> <span class='ocrx_word' id='word_1_203' title='bbox 931 2791 1177 2847; x_wconf 66' lang='lat' dir='ltr'><strong>materiae</strong></span> <span class='ocrx_word' id='word_1_204' title='bbox 1207 2789 1420 2845; x_wconf 89' lang='lat' dir='ltr'><strong>similis</strong></span> <span class='ocrx_word' id='word_1_205' title='bbox 1451 2789 1551 2857; x_wconf 88' lang='lat' dir='ltr'><strong>sit,</strong></span> <span class='ocrx_word' id='word_1_206' title='bbox 1584 2787 1796 2842; x_wconf 87' lang='lat' dir='ltr'><strong>laudat.</strong></span> <span class='ocrx_word' id='word_1_207' title='bbox 1830 2785 1917 2840; x_wconf 89' lang='lat' dir='ltr'><strong>Illi</strong></span> <span class='ocrx_word' id='word_1_208' title='bbox 1952 2786 2110 2842; x_wconf 89' lang='lat' dir='ltr'><strong>insu-</strong></span> 
     </span>
    </p>
   </div>
   <div class='ocr_carea' id='block_1_32' title="bbox 457 2875 2104 2953">
    <p class='ocr_par' dir='ltr' id='par_1_32' title="bbox 457 2875 2104 2953">
     <span class='ocr_line' id='line_1_32' title="bbox 457 2875 2104 2953; baseline -0.005 -16"><span class='ocrx_word' id='word_1_209' title='bbox 457 2898 559 2953; x_wconf 90' lang='lat' dir='ltr'><strong>per</strong></span> <span class='ocrx_word' id='word_1_210' title='bbox 581 2883 821 2950; x_wconf 90' lang='lat' dir='ltr'><strong>addens,</strong></span> <span class='ocrx_word' id='word_1_211' title='bbox 855 2879 1014 2935; x_wconf 89' lang='lat' dir='ltr'><strong>nulla</strong></span> <span class='ocrx_word' id='word_1_212' title='bbox 1046 2895 1180 2934; x_wconf 89' lang='lat' dir='ltr'><strong>eum</strong></span> <span class='ocrx_word' id='word_1_213' title='bbox 1229 2879 1341 2934; x_wconf 87' lang='lat' dir='ltr'><strong>alia</strong></span> <span class='ocrx_word' id='word_1_214' title='bbox 1375 2893 1432 2933; x_wconf 90' lang='lat' dir='ltr'><strong>re</strong></span> <span class='ocrx_word' id='word_1_215' title='bbox 1462 2893 1638 2948; x_wconf 90' lang='lat' dir='ltr'><strong>quam</strong></span> <span class='ocrx_word' id='word_1_216' title='bbox 1680 2875 1794 2947; x_wconf 91' lang='lat' dir='ltr'><strong>piis</strong></span> <span class='ocrx_word' id='word_1_217' title='bbox 1824 2875 2104 2930; x_wconf 85' lang='lat' dir='ltr'><strong>bonorum</strong></span> 
     </span>
    </p>
   </div>
   <div class='ocr_carea' id='block_1_33' title="bbox 456 2965 2107 3040">
    <p class='ocr_par' dir='ltr' id='par_1_33' title="bbox 456 2965 2107 3040">
     <span class='ocr_line' id='line_1_33' title="bbox 456 2965 2107 3040; baseline -0.005 -16"><span class='ocrx_word' id='word_1_218' title='bbox 456 2970 728 3040; x_wconf 87' lang='lat' dir='ltr'><strong>operibus</strong></span> <span class='ocrx_word' id='word_1_219' title='bbox 775 2973 832 3024; x_wconf 91' lang='lat' dir='ltr'><strong>et</strong></span> <span class='ocrx_word' id='word_1_220' title='bbox 891 2968 1145 3024; x_wconf 86' lang='lat' dir='ltr'><strong>veritatis</strong></span> <span class='ocrx_word' id='word_1_221' title='bbox 1191 2965 1519 3036; x_wconf 81' lang='lat' dir='ltr'><strong>cognitione</strong></span> <span class='ocrx_word' id='word_1_222' title='bbox 1567 2965 1721 3019; x_wconf 91' lang='lat' dir='ltr'><strong>coli:</strong></span> <span class='ocrx_word' id='word_1_223' title='bbox 1773 2967 1827 3019; x_wconf 92' lang='lat' dir='ltr'><strong>et</strong></span> <span class='ocrx_word' id='word_1_224' title='bbox 1879 2971 2107 3033; x_wconf 82' lang='lat' dir='ltr'><strong>peccata</strong></span> 
     </span>
    </p>
   </div>
   <div class='ocr_carea' id='block_1_34' title="bbox 457 3052 2104 3128">
    <p class='ocr_par' dir='ltr' id='par_1_34' title="bbox 457 3052 2104 3128">
     <span class='ocr_line' id='line_1_34' title="bbox 457 3052 2104 3128; baseline -0.005 -15"><span class='ocrx_word' id='word_1_225' title='bbox 457 3059 710 3128; x_wconf 89' lang='lat' dir='ltr'><strong>quidem,</strong></span> <span class='ocrx_word' id='word_1_226' title='bbox 743 3073 840 3128; x_wconf 92' lang='lat' dir='ltr'><strong>per</strong></span> <span class='ocrx_word' id='word_1_227' title='bbox 886 3055 1275 3127; x_wconf 83' lang='lat' dir='ltr'><strong>ignorantiam</strong></span> <span class='ocrx_word' id='word_1_228' title='bbox 1325 3055 1441 3108; x_wconf 87' lang='lat' dir='ltr'><strong>huc</strong></span> <span class='ocrx_word' id='word_1_229' title='bbox 1471 3068 1653 3124; x_wconf 89' lang='lat' dir='ltr'><strong>usque</strong></span> <span class='ocrx_word' id='word_1_230' title='bbox 1686 3069 1718 3107; x_wconf 92' lang='lat' dir='ltr'><strong>a</strong></span> <span class='ocrx_word' id='word_1_231' title='bbox 1749 3052 1916 3106; x_wconf 88' lang='lat' dir='ltr'><strong>nobis</strong></span> <span class='ocrx_word' id='word_1_232' title='bbox 1946 3067 2104 3106; x_wconf 90' lang='lat' dir='ltr'><strong>com-</strong></span> 
     </span>
    </p>
   </div>
   <div class='ocr_carea' id='block_1_35' title="bbox 457 3143 2106 3214">
    <p class='ocr_par' dir='ltr' id='par_1_35' title="bbox 457 3143 2106 3214">
     <span class='ocr_line' id='line_1_35' title="bbox 457 3143 2106 3214; baseline -0.004 -14"><span class='ocrx_word' id='word_1_233' title='bbox 457 3147 660 3214; x_wconf 83' lang='lat' dir='ltr'><strong>missa,</strong></span> <span class='ocrx_word' id='word_1_234' title='bbox 683 3161 815 3201; x_wconf 89' lang='lat' dir='ltr'><strong>eum</strong></span> <span class='ocrx_word' id='word_1_235' title='bbox 849 3143 1216 3200; x_wconf 87' lang='lat' dir='ltr'><strong>dissimulare</strong></span> <span class='ocrx_word' id='word_1_236' title='bbox 1237 3147 1410 3214; x_wconf 86' lang='lat' dir='ltr'><strong>atque</strong></span> <span class='ocrx_word' id='word_1_237' title='bbox 1441 3143 1734 3198; x_wconf 86' lang='lat' dir='ltr'><strong>remittere</strong></span> <span class='ocrx_word' id='word_1_238' title='bbox 1761 3157 1774 3208; x_wconf 89' lang='lat'><strong>;</strong></span> <span class='ocrx_word' id='word_1_239' title='bbox 1808 3143 1876 3195; x_wconf 92' lang='lat' dir='ltr'><strong>de</strong></span> <span class='ocrx_word' id='word_1_240' title='bbox 1903 3144 2106 3195; x_wconf 69' lang='lat' dir='ltr'><strong>cmtero</strong></span> 
     </span>
    </p>
   </div>
   <div class='ocr_carea' id='block_1_36' title="bbox 455 3229 2102 3304">
    <p class='ocr_par' dir='ltr' id='par_1_36' title="bbox 455 3229 2102 3304">
     <span class='ocr_line' id='line_1_36' title="bbox 455 3229 2102 3304; baseline -0.004 -14"><span class='ocrx_word' id='word_1_241' title='bbox 455 3239 648 3290; x_wconf 90' lang='lat' dir='ltr'><strong>autem</strong></span> <span class='ocrx_word' id='word_1_242' title='bbox 701 3233 1190 3304; x_wconf 89' lang='lat' dir='ltr'><strong>resipiscendum,</strong></span> <span class='ocrx_word' id='word_1_243' title='bbox 1223 3237 1282 3288; x_wconf 88' lang='lat' dir='ltr'><strong>et</strong></span> <span class='ocrx_word' id='word_1_244' title='bbox 1330 3230 1521 3286; x_wconf 88' lang='lat' dir='ltr'><strong>verbis</strong></span> <span class='ocrx_word' id='word_1_245' title='bbox 1573 3229 1702 3285; x_wconf 81' lang='lat' dir='ltr'><strong>ﬁdei</strong></span> <span class='ocrx_word' id='word_1_246' title='bbox 1747 3229 2102 3284; x_wconf 90' lang='lat' dir='ltr'><strong>credendum</strong></span> 
     </span>
    </p>
   </div>
   <div class='ocr_carea' id='block_1_37' title="bbox 455 3321 2103 3393">
    <p class='ocr_par' dir='ltr' id='par_1_37' title="bbox 455 3321 2103 3393">
     <span class='ocr_line' id='line_1_37' title="bbox 455 3321 2103 3393; baseline -0.005 -14"><span class='ocrx_word' id='word_1_247' title='bbox 455 3339 605 3380; x_wconf 86' lang='lat' dir='ltr'><strong>esse.</strong></span> <span class='ocrx_word' id='word_1_248' title='bbox 632 3321 1034 3393; x_wconf 87' lang='lat' dir='ltr'><strong>chudicandi</strong></span> <span class='ocrx_word' id='word_1_249' title='bbox 1065 3337 1290 3392; x_wconf 86' lang='lat' dir='ltr'><strong>quoque</strong></span> <span class='ocrx_word' id='word_1_250' title='bbox 1322 3335 1457 3374; x_wconf 90' lang='lat' dir='ltr'><strong>eum</strong></span> <span class='ocrx_word' id='word_1_251' title='bbox 1490 3321 1828 3389; x_wconf 87' lang='lat' dir='ltr'><strong>potestatem</strong></span> <span class='ocrx_word' id='word_1_252' title='bbox 1855 3322 2103 3389; x_wconf 84' lang='lat' dir='ltr'><strong>propter-</strong></span> 
     </span>
    </p>
   </div>
   <div class='ocr_carea' id='block_1_38' title="bbox 454 3407 2103 3485">
    <p class='ocr_par' dir='ltr' id='par_1_38' title="bbox 454 3407 2103 3485">
     <span class='ocr_line' id='line_1_38' title="bbox 454 3407 2103 3485; baseline -0.006 -15"><span class='ocrx_word' id='word_1_253' title='bbox 454 3431 523 3470; x_wconf 89' lang='lat' dir='ltr'><strong>ea</strong></span> <span class='ocrx_word' id='word_1_254' title='bbox 552 3415 842 3485; x_wconf 85' lang='lat' dir='ltr'><strong>recepisse</strong></span> <span class='ocrx_word' id='word_1_255' title='bbox 881 3411 1040 3479; x_wconf 88' lang='lat' dir='ltr'><strong>dicit,</strong></span> <span class='ocrx_word' id='word_1_256' title='bbox 1072 3411 1264 3483; x_wconf 91' lang='lat' dir='ltr'><strong>ipsum</strong></span> <span class='ocrx_word' id='word_1_257' title='bbox 1297 3409 1520 3466; x_wconf 89' lang='lat' dir='ltr'><strong>scilicet</strong></span> <span class='ocrx_word' id='word_1_258' title='bbox 1556 3409 1749 3465; x_wconf 80' lang='lat' dir='ltr'><strong>lesum</strong></span> <span class='ocrx_word' id='word_1_259' title='bbox 1783 3407 2103 3473; x_wconf 89' lang='lat' dir='ltr'><strong>Christum,</strong></span> 
     </span>
    </p>
   </div>
   <div class='ocr_carea' id='block_1_39' title="bbox 457 3497 2106 3576">
    <p class='ocr_par' dir='ltr' id='par_1_39' title="bbox 457 3497 2106 3576">
     <span class='ocr_line' id='line_1_39' title="bbox 457 3497 2106 3576; baseline -0.004 -17"><span class='ocrx_word' id='word_1_260' title='bbox 457 3503 557 3576; x_wconf 91' lang='lat' dir='ltr'><strong>qui</strong></span> <span class='ocrx_word' id='word_1_261' title='bbox 589 3503 802 3560; x_wconf 86' lang='lat' dir='ltr'><strong>divinis</strong></span> <span class='ocrx_word' id='word_1_262' title='bbox 849 3517 1092 3574; x_wconf 87' lang='lat' dir='ltr'><strong>prorsus</strong></span> <span class='ocrx_word' id='word_1_263' title='bbox 1125 3501 1290 3556; x_wconf 81' lang='lat' dir='ltr'><strong>factis</strong></span> <span class='ocrx_word' id='word_1_264' title='bbox 1319 3508 1374 3555; x_wconf 91' lang='lat' dir='ltr'><strong>et</strong></span> <span class='ocrx_word' id='word_1_265' title='bbox 1423 3499 1696 3571; x_wconf 90' lang='lat' dir='ltr'><strong>operibus</strong></span> <span class='ocrx_word' id='word_1_266' title='bbox 1741 3497 1894 3553; x_wconf 90' lang='lat' dir='ltr'><strong>Deus</strong></span> <span class='ocrx_word' id='word_1_267' title='bbox 1926 3499 2106 3568; x_wconf 80' lang='lat' dir='ltr'><strong>perfe-</strong></span> 
     </span>
    </p>
   </div>
   <div class='ocr_carea' id='block_1_40' title="bbox 455 3586 2103 3662">
    <p class='ocr_par' dir='ltr' id='par_1_40' title="bbox 455 3586 2103 3662">
     <span class='ocr_line' id='line_1_40' title="bbox 455 3586 2103 3662; baseline -0.005 -13"><span class='ocrx_word' id='word_1_268' title='bbox 455 3597 606 3660; x_wconf 88' lang='lat' dir='ltr'><strong>ctus,</strong></span> <span class='ocrx_word' id='word_1_269' title='bbox 655 3596 713 3649; x_wconf 89' lang='lat' dir='ltr'><strong>et</strong></span> <span class='ocrx_word' id='word_1_270' title='bbox 758 3591 912 3647; x_wconf 89' lang='lat' dir='ltr'><strong>idem</strong></span> <span class='ocrx_word' id='word_1_271' title='bbox 961 3591 1251 3662; x_wconf 78' lang='lat' dir='ltr'><strong>perfectus</strong></span> <span class='ocrx_word' id='word_1_272' title='bbox 1313 3589 1478 3659; x_wconf 88' lang='lat' dir='ltr'><strong>(citra</strong></span> <span class='ocrx_word' id='word_1_273' title='bbox 1523 3591 1714 3643; x_wconf 88' lang='lat' dir='ltr'><strong>tamen</strong></span> <span class='ocrx_word' id='word_1_274' title='bbox 1775 3586 2103 3658; x_wconf 89' lang='lat' dir='ltr'><strong>peccatum)</strong></span> 
     </span>
    </p>
   </div>
   <div class='ocr_carea' id='block_1_41' title="bbox 456 3676 2106 3752">
    <p class='ocr_par' dir='ltr' id='par_1_41' title="bbox 456 3676 2106 3752">
     <span class='ocr_line' id='line_1_41' title="bbox 456 3676 2106 3752; baseline -0.004 -15"><span class='ocrx_word' id='word_1_275' title='bbox 456 3683 630 3738; x_wconf 86' lang='lat' dir='ltr'><strong>homo</strong></span> <span class='ocrx_word' id='word_1_276' title='bbox 681 3680 1030 3748; x_wconf 87' lang='lat' dir='ltr'><strong>declaratus,</strong></span> <span class='ocrx_word' id='word_1_277' title='bbox 1081 3696 1184 3752; x_wconf 93' lang='lat' dir='ltr'><strong>pro</strong></span> <span class='ocrx_word' id='word_1_278' title='bbox 1239 3678 1514 3734; x_wconf 89' lang='lat' dir='ltr'><strong>omnibus</strong></span> <span class='ocrx_word' id='word_1_279' title='bbox 1553 3676 1867 3732; x_wconf 81' lang='lat' dir='ltr'><strong>cruciﬁxus</strong></span> <span class='ocrx_word' id='word_1_280' title='bbox 1920 3676 2016 3739; x_wconf 85' lang='lat' dir='ltr'><strong>sit,</strong></span> <span class='ocrx_word' id='word_1_281' title='bbox 2047 3680 2106 3731; x_wconf 87' lang='lat' dir='ltr'><strong>et</strong></span> 
     </span>
    </p>
   </div>
   <div class='ocr_carea' id='block_1_42' title="bbox 455 3765 2103 3840">
    <p class='ocr_par' dir='ltr' id='par_1_42' title="bbox 455 3765 2103 3840">
     <span class='ocr_line' id='line_1_42' title="bbox 455 3765 2103 3840; baseline -0.004 -14"><span class='ocrx_word' id='word_1_282' title='bbox 455 3789 488 3826; x_wconf 93' lang='lat' dir='ltr'><strong>a</strong></span> <span class='ocrx_word' id='word_1_283' title='bbox 528 3770 774 3827; x_wconf 90' lang='lat' dir='ltr'><strong>mortuis</strong></span> <span class='ocrx_word' id='word_1_284' title='bbox 821 3770 1223 3837; x_wconf 86' lang='lat' dir='ltr'><strong>resurrexerit,</strong></span> <span class='ocrx_word' id='word_1_285' title='bbox 1254 3768 1649 3840; x_wconf 88' lang='lat' dir='ltr'><strong>omnibusque</strong></span> <span class='ocrx_word' id='word_1_286' title='bbox 1697 3765 2103 3836; x_wconf 84' lang='lat' dir='ltr'><strong>spectantibus</strong></span> 
     </span>
    </p>
   </div>
   <div class='ocr_carea' id='block_1_43' title="bbox 455 3853 2104 3928">
    <p class='ocr_par' dir='ltr' id='par_1_43' title="bbox 455 3853 2104 3928">
     <span class='ocr_line' id='line_1_43' title="bbox 455 3853 2104 3928; baseline -0.004 -14"><span class='ocrx_word' id='word_1_287' title='bbox 455 3861 526 3914; x_wconf 87' lang='lat' dir='ltr'><strong>ad</strong></span> <span class='ocrx_word' id='word_1_288' title='bbox 558 3876 732 3914; x_wconf 90' lang='lat' dir='ltr'><strong>suum</strong></span> <span class='ocrx_word' id='word_1_289' title='bbox 777 3859 838 3913; x_wconf 90' lang='lat' dir='ltr'><strong>in</strong></span> <span class='ocrx_word' id='word_1_290' title='bbox 889 3859 1097 3914; x_wconf 75' lang='lat' dir='ltr'><strong>cmlum</strong></span> <span class='ocrx_word' id='word_1_291' title='bbox 1146 3857 1378 3913; x_wconf 87' lang='lat' dir='ltr'><strong>redierit</strong></span> <span class='ocrx_word' id='word_1_292' title='bbox 1419 3861 1668 3928; x_wconf 89' lang='lat' dir='ltr'><strong>patrem,</strong></span> <span class='ocrx_word' id='word_1_293' title='bbox 1701 3870 1890 3911; x_wconf 90' lang='lat' dir='ltr'><strong>rerum</strong></span> <span class='ocrx_word' id='word_1_294' title='bbox 1936 3853 2104 3909; x_wconf 80' lang='lat' dir='ltr'><strong>nimi-</strong></span> 
     </span>
    </p>
   </div>
   <div class='ocr_carea' id='block_1_44' title="bbox 457 3942 2100 4015">
    <p class='ocr_par' dir='ltr' id='par_1_44' title="bbox 457 3942 2100 4015">
     <span class='ocr_line' id='line_1_44' title="bbox 457 3942 2100 4015; baseline -0.003 -15"><span class='ocrx_word' id='word_1_295' title='bbox 457 3963 587 4002; x_wconf 90' lang='lat' dir='ltr'><strong>rum</strong></span> <span class='ocrx_word' id='word_1_296' title='bbox 620 3945 1021 4002; x_wconf 86' lang='lat' dir='ltr'><strong>universarum</strong></span> <span class='ocrx_word' id='word_1_297' title='bbox 1069 3947 1271 4002; x_wconf 89' lang='lat' dir='ltr'><strong>Deum.</strong></span> <span class='ocrx_word' id='word_1_298' title='bbox 1303 3945 1663 4008; x_wconf 89' lang='lat' dir='ltr'><strong>Quibusdam</strong></span> <span class='ocrx_word' id='word_1_299' title='bbox 1696 3945 1913 4015; x_wconf 82' lang='lat' dir='ltr'><strong>itaque,</strong></span> <span class='ocrx_word' id='word_1_300' title='bbox 1947 3942 2100 4014; x_wconf 88' lang='lat' dir='ltr'><strong>quod</strong></span> 
     </span>
    </p>
   </div>
   <div class='ocr_carea' id='block_1_45' title="bbox 461 4031 2100 4094">
    <p class='ocr_par' dir='ltr' id='par_1_45' title="bbox 461 4031 2100 4094">
     <span class='ocr_line' id='line_1_45' title="bbox 461 4031 2100 4094; baseline -0.004 -2"><span class='ocrx_word' id='word_1_301' title='bbox 461 4035 945 4092; x_wconf 87' lang='lat' dir='ltr'><strong>resurrectionem</strong></span> <span class='ocrx_word' id='word_1_302' title='bbox 969 4036 1040 4091; x_wconf 90' lang='lat' dir='ltr'><strong>ab</strong></span> <span class='ocrx_word' id='word_1_303' title='bbox 1071 4050 1138 4090; x_wconf 92' lang='lat' dir='ltr'><strong>eo</strong></span> <span class='ocrx_word' id='word_1_304' title='bbox 1162 4034 1488 4094; x_wconf 84' lang='lat' dir='ltr'><strong>audiercnt,</strong></span> <span class='ocrx_word' id='word_1_305' title='bbox 1521 4049 1612 4089; x_wconf 85' lang='lat' dir='ltr'><strong>res</strong></span> <span class='ocrx_word' id='word_1_306' title='bbox 1633 4036 1754 4088; x_wconf 88' lang='lat' dir='ltr'><strong>tota</strong></span> <span class='ocrx_word' id='word_1_307' title='bbox 1782 4031 2100 4088; x_wconf 74' lang='lat' dir='ltr'><strong>ludibrium</strong></span> 
     </span>
    </p>
   </div>
   <div class='ocr_carea' id='block_1_46' title="bbox 457 4123 2104 4197">
    <p class='ocr_par' dir='ltr' id='par_1_46' title="bbox 457 4123 2104 4197">
     <span class='ocr_line' id='line_1_46' title="bbox 457 4123 2104 4197; baseline -0.003 -14"><span class='ocrx_word' id='word_1_308' title='bbox 457 4131 517 4184; x_wconf 88' lang='lat' dir='ltr'><strong>et</strong></span> <span class='ocrx_word' id='word_1_309' title='bbox 565 4127 764 4183; x_wconf 78' lang='lat' dir='ltr'><strong>fabula</strong></span> <span class='ocrx_word' id='word_1_310' title='bbox 812 4127 1160 4197; x_wconf 81' lang='lat' dir='ltr'><strong>videbatur;</strong></span> <span class='ocrx_word' id='word_1_311' title='bbox 1205 4125 1448 4196; x_wconf 89' lang='lat' dir='ltr'><strong>quidam</strong></span> <span class='ocrx_word' id='word_1_312' title='bbox 1495 4128 1687 4180; x_wconf 89' lang='lat' dir='ltr'><strong>autem</strong></span> <span class='ocrx_word' id='word_1_313' title='bbox 1738 4123 1929 4180; x_wconf 90' lang='lat' dir='ltr'><strong>verbis</strong></span> <span class='ocrx_word' id='word_1_314' title='bbox 1975 4125 2104 4194; x_wconf 86' lang='lat' dir='ltr'><strong>ejus</strong></span> 
     </span>
    </p>
   </div>
   <div class='ocr_carea' id='block_1_47' title="bbox 453 4212 2100 4284">
    <p class='ocr_par' dir='ltr' id='par_1_47' title="bbox 453 4212 2100 4284">
     <span class='ocr_line' id='line_1_47' title="bbox 453 4212 2100 4284; baseline -0.004 -11"><span class='ocrx_word' id='word_1_315' title='bbox 453 4218 774 4282; x_wconf 85' lang='lat' dir='ltr'><strong>credentes,</strong></span> <span class='ocrx_word' id='word_1_316' title='bbox 805 4231 940 4271; x_wconf 91' lang='lat' dir='ltr'><strong>eum</strong></span> <span class='ocrx_word' id='word_1_317' title='bbox 998 4215 1387 4270; x_wconf 87' lang='lat' dir='ltr'><strong>sectabantur.</strong></span> <span class='ocrx_word' id='word_1_318' title='bbox 1441 4214 1503 4268; x_wconf 89' lang='lat' dir='ltr'><strong>In</strong></span> <span class='ocrx_word' id='word_1_319' title='bbox 1552 4213 1768 4284; x_wconf 88' lang='lat' dir='ltr'><strong>quibus</strong></span> <span class='ocrx_word' id='word_1_320' title='bbox 1809 4212 2100 4283; x_wconf 81' lang='lat' dir='ltr'><strong>etDiony-</strong></span> 
     </span>
    </p>
   </div>
   <div class='ocr_carea' id='block_1_48' title="bbox 451 4299 2101 4376">
    <p class='ocr_par' dir='ltr' id='par_1_48' title="bbox 451 4299 2101 4376">
     <span class='ocr_line' id='line_1_48' title="bbox 451 4299 2101 4376; baseline -0.005 -14"><span class='ocrx_word' id='word_1_321' title='bbox 451 4307 574 4362; x_wconf 90' lang='lat' dir='ltr'><strong>sius</strong></span> <span class='ocrx_word' id='word_1_322' title='bbox 616 4304 962 4376; x_wconf 80' lang='lat' dir='ltr'><strong>Areopagita</strong></span> <span class='ocrx_word' id='word_1_323' title='bbox 991 4303 1090 4360; x_wconf 90' lang='lat' dir='ltr'><strong>ille</strong></span> <span class='ocrx_word' id='word_1_324' title='bbox 1137 4302 1268 4370; x_wconf 83' lang='lat' dir='ltr'><strong>fuit,</strong></span> <span class='ocrx_word' id='word_1_325' title='bbox 1302 4317 1455 4358; x_wconf 91' lang='lat' dir='ltr'><strong>unus</strong></span> <span class='ocrx_word' id='word_1_326' title='bbox 1482 4317 1551 4356; x_wconf 83' lang='lat' dir='ltr'><strong>ex</strong></span> <span class='ocrx_word' id='word_1_327' title='bbox 1580 4299 1944 4372; x_wconf 88' lang='lat' dir='ltr'><strong>sapientibus</strong></span> <span class='ocrx_word' id='word_1_328' title='bbox 1985 4300 2101 4355; x_wconf 92' lang='lat' dir='ltr'><strong>illis</strong></span> 
     </span>
    </p>
   </div>
   <div class='ocr_carea' id='block_1_49' title="bbox 449 4389 2097 4469">
    <p class='ocr_par' dir='ltr' id='par_1_49' title="bbox 449 4389 2097 4469">
     <span class='ocr_line' id='line_1_49' title="bbox 449 4389 2097 4469; baseline -0.004 -18"><span class='ocrx_word' id='word_1_329' title='bbox 449 4399 508 4451; x_wconf 91' lang='lat' dir='ltr'><strong>et</strong></span> <span class='ocrx_word' id='word_1_330' title='bbox 537 4393 776 4450; x_wconf 88' lang='lat' dir='ltr'><strong>delectis</strong></span> <span class='ocrx_word' id='word_1_331' title='bbox 827 4392 983 4449; x_wconf 84' lang='lat' dir='ltr'><strong>viris.</strong></span> <span class='ocrx_word' id='word_1_332' title='bbox 1019 4391 1170 4469; x_wconf 72' lang='lat' dir='ltr'><strong>I01</strong></span> <span class='ocrx_word' id='word_1_333' title='bbox 1207 4391 1393 4448; x_wconf 87' lang='lat' dir='ltr'><strong>Tanta</strong></span> <span class='ocrx_word' id='word_1_334' title='bbox 1437 4395 1632 4446; x_wconf 88' lang='lat' dir='ltr'><strong>autem</strong></span> <span class='ocrx_word' id='word_1_335' title='bbox 1685 4389 1795 4444; x_wconf 84' lang='lat' dir='ltr'><strong>fuit</strong></span> <span class='ocrx_word' id='word_1_336' title='bbox 1841 4390 1897 4444; x_wconf 90' lang='lat' dir='ltr'><strong>in</strong></span> <span class='ocrx_word' id='word_1_337' title='bbox 1933 4389 2097 4444; x_wconf 84' lang='lat' dir='ltr'><strong>Chri-</strong></span> 
     </span>
    </p>
   </div>
   <div class='ocr_carea' id='block_1_50' title="bbox 449 4480 2099 4554">
    <p class='ocr_par' dir='ltr' id='par_1_50' title="bbox 449 4480 2099 4554">
     <span class='ocr_line' id='line_1_50' title="bbox 449 4480 2099 4554; baseline -0.004 -12"><span class='ocrx_word' id='word_1_338' title='bbox 449 4491 605 4544; x_wconf 90' lang='lat' dir='ltr'><strong>stum</strong></span> <span class='ocrx_word' id='word_1_339' title='bbox 660 4487 824 4554; x_wconf 82' lang='lat' dir='ltr'><strong>fides,</strong></span> <span class='ocrx_word' id='word_1_340' title='bbox 857 4490 924 4541; x_wconf 88' lang='lat' dir='ltr'><strong>ut</strong></span> <span class='ocrx_word' id='word_1_341' title='bbox 972 4502 1086 4541; x_wconf 90' lang='lat' dir='ltr'><strong>non</strong></span> <span class='ocrx_word' id='word_1_342' title='bbox 1141 4483 1314 4540; x_wconf 91' lang='lat' dir='ltr'><strong>modo</strong></span> <span class='ocrx_word' id='word_1_343' title='bbox 1367 4483 1580 4553; x_wconf 85' lang='lat' dir='ltr'><strong>dignus</strong></span> <span class='ocrx_word' id='word_1_344' title='bbox 1628 4481 1823 4538; x_wconf 90' lang='lat' dir='ltr'><strong>divino</strong></span> <span class='ocrx_word' id='word_1_345' title='bbox 1871 4480 2099 4537; x_wconf 90' lang='lat' dir='ltr'><strong>lavacro</strong></span> 
     </span>
    </p>
   </div>
   <div class='ocr_carea' id='block_1_51' title="bbox 447 4571 2098 4645">
    <p class='ocr_par' dir='ltr' id='par_1_51' title="bbox 447 4571 2098 4645">
     <span class='ocr_line' id='line_1_51' title="bbox 447 4571 2098 4645; baseline -0.004 -13"><span class='ocrx_word' id='word_1_346' title='bbox 447 4585 620 4645; x_wconf 87' lang='lat' dir='ltr'><strong>esset,</strong></span> <span class='ocrx_word' id='word_1_347' title='bbox 652 4577 755 4632; x_wconf 89' lang='lat' dir='ltr'><strong>sed</strong></span> <span class='ocrx_word' id='word_1_348' title='bbox 805 4575 980 4630; x_wconf 90' lang='lat' dir='ltr'><strong>etiam</strong></span> <span class='ocrx_word' id='word_1_349' title='bbox 1034 4574 1218 4645; x_wconf 88' lang='lat' dir='ltr'><strong>ipsius</strong></span> <span class='ocrx_word' id='word_1_350' title='bbox 1266 4572 1430 4628; x_wconf 85' lang='lat' dir='ltr'><strong>Pauli</strong></span> <span class='ocrx_word' id='word_1_351' title='bbox 1479 4571 1752 4627; x_wconf 88' lang='lat' dir='ltr'><strong>manibus</strong></span> <span class='ocrx_word' id='word_1_352' title='bbox 1784 4571 2098 4627; x_wconf 84' lang='lat' dir='ltr'><strong>Athenien-</strong></span> 
     </span>
    </p>
   </div>
   <div class='ocr_carea' id='block_1_52' title="bbox 447 4661 2100 4737">
    <p class='ocr_par' dir='ltr' id='par_1_52' title="bbox 447 4661 2100 4737">
     <span class='ocr_line' id='line_1_52' title="bbox 447 4661 2100 4737; baseline -0.004 -16"><span class='ocrx_word' id='word_1_353' title='bbox 447 4666 600 4722; x_wconf 89' lang='lat' dir='ltr'><strong>sium</strong></span> <span class='ocrx_word' id='word_1_354' title='bbox 684 4666 1089 4737; x_wconf 86' lang='lat' dir='ltr'><strong>designaretur</strong></span> <span class='ocrx_word' id='word_1_355' title='bbox 1153 4663 1487 4735; x_wconf 79' lang='lat' dir='ltr'><strong>episcopus,</strong></span> <span class='ocrx_word' id='word_1_356' title='bbox 1538 4661 1796 4717; x_wconf 82' lang='lat' dir='ltr'><strong>miriﬁcis</strong></span> <span class='ocrx_word' id='word_1_357' title='bbox 1861 4676 2100 4731; x_wconf 87' lang='lat' dir='ltr'><strong>prorsus</strong></span> 
     </span>
    </p>
   </div>
   <div class='ocr_carea' id='block_1_53' title="bbox 446 4749 2099 4827">
    <p class='ocr_par' dir='ltr' id='par_1_53' title="bbox 446 4749 2099 4827">
     <span class='ocr_line' id='line_1_53' title="bbox 446 4749 2099 4827; baseline -0.004 -16"><span class='ocrx_word' id='word_1_358' title='bbox 446 4760 622 4827; x_wconf 89' lang='lat' dir='ltr'><strong>atque</strong></span> <span class='ocrx_word' id='word_1_359' title='bbox 648 4754 865 4810; x_wconf 79' lang='lat' dir='ltr'><strong>divinis</strong></span> <span class='ocrx_word' id='word_1_360' title='bbox 897 4753 1352 4810; x_wconf 89' lang='lat' dir='ltr'><strong>charismatibus</strong></span> <span class='ocrx_word' id='word_1_361' title='bbox 1383 4757 1439 4808; x_wconf 89' lang='lat' dir='ltr'><strong>et</strong></span> <span class='ocrx_word' id='word_1_362' title='bbox 1469 4751 1638 4808; x_wconf 89' lang='lat' dir='ltr'><strong>donis</strong></span> <span class='ocrx_word' id='word_1_363' title='bbox 1665 4750 1909 4823; x_wconf 76' lang='lat' dir='ltr'><strong>pollens.</strong></span> <span class='ocrx_word' id='word_1_364' title='bbox 1945 4749 2099 4805; x_wconf 88' lang='lat' dir='ltr'><strong>Vixit</strong></span> 
     </span>
    </p>
   </div>
   <div class='ocr_carea' id='block_1_54' title="bbox 447 4839 2096 4907">
    <p class='ocr_par' dir='ltr' id='par_1_54' title="bbox 447 4839 2096 4907">
     <span class='ocr_line' id='line_1_54' title="bbox 447 4839 2096 4907; baseline -0.004 -7"><span class='ocrx_word' id='word_1_365' title='bbox 447 4845 501 4900; x_wconf 89' lang='lat' dir='ltr'><strong>is</strong></span> <span class='ocrx_word' id='word_1_366' title='bbox 545 4845 724 4900; x_wconf 88' lang='lat' dir='ltr'><strong>etiam</strong></span> <span class='ocrx_word' id='word_1_367' title='bbox 781 4843 1124 4900; x_wconf 80' lang='lat' dir='ltr'><strong>familiarius</strong></span> <span class='ocrx_word' id='word_1_368' title='bbox 1179 4858 1309 4900; x_wconf 91' lang='lat' dir='ltr'><strong>cum</strong></span> <span class='ocrx_word' id='word_1_369' title='bbox 1359 4841 1552 4896; x_wconf 90' lang='lat' dir='ltr'><strong>divino</strong></span> <span class='ocrx_word' id='word_1_370' title='bbox 1602 4840 1721 4896; x_wconf 90' lang='lat' dir='ltr'><strong>viro</strong></span> <span class='ocrx_word' id='word_1_371' title='bbox 1767 4839 2096 4907; x_wconf 82' lang='lat' dir='ltr'><strong>Hieretheo,</strong></span> 
     </span>
    </p>
   </div>
   <div class='ocr_carea' id='block_1_55' title="bbox 447 4928 2098 5006">
    <p class='ocr_par' dir='ltr' id='par_1_55' title="bbox 447 4928 2098 5006">
     <span class='ocr_line' id='line_1_55' title="bbox 447 4928 2098 5006; baseline -0.005 -16"><span class='ocrx_word' id='word_1_372' title='bbox 447 4950 691 5006; x_wconf 90' lang='lat' dir='ltr'><strong>quorum</strong></span> <span class='ocrx_word' id='word_1_373' title='bbox 727 4934 960 5006; x_wconf 89' lang='lat' dir='ltr'><strong>utrique</strong></span> <span class='ocrx_word' id='word_1_374' title='bbox 990 4947 1086 4988; x_wconf 88' lang='lat' dir='ltr'><strong>res</strong></span> <span class='ocrx_word' id='word_1_375' title='bbox 1128 4948 1392 4988; x_wconf 89' lang='lat' dir='ltr'><strong>summas</strong></span> <span class='ocrx_word' id='word_1_376' title='bbox 1424 4929 1662 4998; x_wconf 88' lang='lat' dir='ltr'><strong>Paulus,</strong></span> <span class='ocrx_word' id='word_1_377' title='bbox 1690 4935 1752 4984; x_wconf 90' lang='lat' dir='ltr'><strong>ut</strong></span> <span class='ocrx_word' id='word_1_378' title='bbox 1779 4929 1865 4985; x_wconf 91' lang='lat' dir='ltr'><strong>eis</strong></span> <span class='ocrx_word' id='word_1_379' title='bbox 1893 4928 1948 4983; x_wconf 91' lang='lat' dir='ltr'><strong>in</strong></span> <span class='ocrx_word' id='word_1_380' title='bbox 1983 4936 2098 4984; x_wconf 87' lang='lat' dir='ltr'><strong>tcr-</strong></span> 
     </span>
    </p>
   </div>
   <div class='ocr_carea' id='block_1_56' title="bbox 446 5020 2093 5094">
    <p class='ocr_par' dir='ltr' id='par_1_56' title="bbox 446 5020 2093 5094">
     <span class='ocr_line' id='line_1_56' title="bbox 446 5020 2093 5094; baseline -0.004 -15"><span class='ocrx_word' id='word_1_381' title='bbox 446 5025 590 5080; x_wconf 90' lang='lat' dir='ltr'><strong>tium</strong></span> <span class='ocrx_word' id='word_1_382' title='bbox 637 5040 822 5094; x_wconf 89' lang='lat' dir='ltr'><strong>usque</strong></span> <span class='ocrx_word' id='word_1_383' title='bbox 869 5021 1080 5079; x_wconf 84' lang='lat' dir='ltr'><strong>coelum</strong></span> <span class='ocrx_word' id='word_1_384' title='bbox 1147 5029 1201 5076; x_wconf 90' lang='lat' dir='ltr'><strong>et</strong></span> <span class='ocrx_word' id='word_1_385' title='bbox 1250 5020 1582 5093; x_wconf 89' lang='lat' dir='ltr'><strong>paradisum</strong></span> <span class='ocrx_word' id='word_1_386' title='bbox 1634 5020 1826 5091; x_wconf 89' lang='lat' dir='ltr'><strong>ipsum</strong></span> <span class='ocrx_word' id='word_1_387' title='bbox 1875 5023 2093 5090; x_wconf 87' lang='lat' dir='ltr'><strong>raptus,</strong></span> 
     </span>
    </p>
   </div>
   <div class='ocr_carea' id='block_1_57' title="bbox 447 5107 2097 5182">
    <p class='ocr_par' dir='ltr' id='par_1_57' title="bbox 447 5107 2097 5182">
     <span class='ocr_line' id='line_1_57' title="bbox 447 5107 2097 5182; baseline -0.004 -14"><span class='ocrx_word' id='word_1_388' title='bbox 447 5112 713 5169; x_wconf 86' lang='lat' dir='ltr'><strong>initiatus</strong></span> <span class='ocrx_word' id='word_1_389' title='bbox 746 5113 953 5178; x_wconf 85' lang='lat' dir='ltr'><strong>fuerat,</strong></span> <span class='ocrx_word' id='word_1_390' title='bbox 981 5112 1052 5167; x_wconf 91' lang='lat' dir='ltr'><strong>de</strong></span> <span class='ocrx_word' id='word_1_391' title='bbox 1082 5110 1395 5182; x_wconf 88' lang='lat' dir='ltr'><strong>theologia,</strong></span> <span class='ocrx_word' id='word_1_392' title='bbox 1426 5108 1639 5180; x_wconf 89' lang='lat' dir='ltr'><strong>Deique</strong></span> <span class='ocrx_word' id='word_1_393' title='bbox 1667 5107 1840 5164; x_wconf 88' lang='lat' dir='ltr'><strong>Verbi</strong></span> <span class='ocrx_word' id='word_1_394' title='bbox 1877 5108 2097 5164; x_wconf 89' lang='lat' dir='ltr'><strong>ratione</strong></span> 
     </span>
    </p>
   </div>
   <div class='ocr_carea' id='block_1_58' title="bbox 445 5200 2092 5271">
    <p class='ocr_par' dir='ltr' id='par_1_58' title="bbox 445 5200 2092 5271">
     <span class='ocr_line' id='line_1_58' title="bbox 445 5200 2092 5271; baseline -0.004 -12"><span class='ocrx_word' id='word_1_395' title='bbox 445 5203 690 5271; x_wconf 89' lang='lat' dir='ltr'><strong>scilicet,</strong></span> <span class='ocrx_word' id='word_1_396' title='bbox 725 5219 947 5259; x_wconf 91' lang='lat' dir='ltr'><strong>necnon</strong></span> <span class='ocrx_word' id='word_1_397' title='bbox 991 5200 1211 5259; x_wconf 68' lang='lat' dir='ltr'><strong>cmlesti</strong></span> <span class='ocrx_word' id='word_1_398' title='bbox 1247 5200 1592 5266; x_wconf 88' lang='lat' dir='ltr'><strong>hierarchia,</strong></span> <span class='ocrx_word' id='word_1_399' title='bbox 1625 5215 1937 5271; x_wconf 90' lang='lat' dir='ltr'><strong>rerumque</strong></span> <span class='ocrx_word' id='word_1_400' title='bbox 1966 5213 2092 5253; x_wconf 87' lang='lat' dir='ltr'><strong>om-</strong></span> 
     </span>
    </p>
   </div>
   <div class='ocr_carea' id='block_1_59' title="bbox 447 5286 2094 5362">
    <p class='ocr_par' dir='ltr' id='par_1_59' title="bbox 447 5286 2094 5362">
     <span class='ocr_line' id='line_1_59' title="bbox 447 5286 2094 5362; baseline -0.004 -16"><span class='ocrx_word' id='word_1_401' title='bbox 447 5291 611 5346; x_wconf 90' lang='lat' dir='ltr'><strong>nium</strong></span> <span class='ocrx_word' id='word_1_402' title='bbox 639 5291 1077 5348; x_wconf 88' lang='lat' dir='ltr'><strong>absolutissima</strong></span> <span class='ocrx_word' id='word_1_403' title='bbox 1106 5289 1485 5362; x_wconf 87' lang='lat' dir='ltr'><strong>dispositione</strong></span> <span class='ocrx_word' id='word_1_404' title='bbox 1514 5292 1688 5360; x_wconf 88' lang='lat' dir='ltr'><strong>atque</strong></span> <span class='ocrx_word' id='word_1_405' title='bbox 1709 5286 2094 5354; x_wconf 82' lang='lat' dir='ltr'><strong>ordinatione,</strong></span> 
     </span>
    </p>
   </div>
   <div class='ocr_carea' id='block_1_60' title="bbox 447 5377 2096 5450">
    <p class='ocr_par' dir='ltr' id='par_1_60' title="bbox 447 5377 2096 5450">
     <span class='ocr_line' id='line_1_60' title="bbox 447 5377 2096 5450; baseline -0.002 -17"><span class='ocrx_word' id='word_1_406' title='bbox 447 5380 890 5436; x_wconf 88' lang='lat' dir='ltr'><strong>communicans</strong></span> <span class='ocrx_word' id='word_1_407' title='bbox 921 5379 1158 5436; x_wconf 89' lang='lat' dir='ltr'><strong>tradidit</strong></span> <span class='ocrx_word' id='word_1_408' title='bbox 1187 5397 1201 5432; x_wconf 89' lang='lat'><strong>:</strong></span> <span class='ocrx_word' id='word_1_409' title='bbox 1236 5395 1381 5450; x_wconf 89' lang='lat' dir='ltr'><strong>quas</strong></span> <span class='ocrx_word' id='word_1_410' title='bbox 1409 5395 1498 5434; x_wconf 91' lang='lat' dir='ltr'><strong>res</strong></span> <span class='ocrx_word' id='word_1_411' title='bbox 1549 5377 1855 5449; x_wconf 81' lang='lat' dir='ltr'><strong>Dionysius</strong></span> <span class='ocrx_word' id='word_1_412' title='bbox 1897 5379 2096 5446; x_wconf 85' lang='lat' dir='ltr'><strong>postea</strong></span> 
     </span>
    </p>
   </div>
   <div class='ocr_carea' id='block_1_61' title="bbox 447 5463 2096 5541">
    <p class='ocr_par' dir='ltr' id='par_1_61' title="bbox 447 5463 2096 5541">
     <span class='ocr_line' id='line_1_61' title="bbox 447 5463 2096 5541; baseline -0.002 -20"><span class='ocrx_word' id='word_1_413' title='bbox 447 5466 622 5522; x_wconf 88' lang='lat' dir='ltr'><strong>etiam</strong></span> <span class='ocrx_word' id='word_1_414' title='bbox 654 5466 712 5522; x_wconf 92' lang='lat' dir='ltr'><strong>in</strong></span> <span class='ocrx_word' id='word_1_415' title='bbox 759 5468 975 5541; x_wconf 83' lang='lat' dir='ltr'><strong>scripta</strong></span> <span class='ocrx_word' id='word_1_416' title='bbox 1023 5467 1242 5524; x_wconf 87' lang='lat' dir='ltr'><strong>retulit.</strong></span> <span class='ocrx_word' id='word_1_417' title='bbox 1275 5467 1386 5532; x_wconf 88' lang='lat' dir='ltr'><strong>Qui</strong></span> <span class='ocrx_word' id='word_1_418' title='bbox 1434 5481 1623 5537; x_wconf 88' lang='lat' dir='ltr'><strong>porro,</strong></span> <span class='ocrx_word' id='word_1_419' title='bbox 1655 5465 1830 5521; x_wconf 86' lang='lat' dir='ltr'><strong>verbo</strong></span> <span class='ocrx_word' id='word_1_420' title='bbox 1867 5463 2096 5535; x_wconf 85' lang='lat' dir='ltr'><strong>pictatis</strong></span> 
     </span>
    </p>
   </div>
   <div class='ocr_carea' id='block_1_62' title="bbox 445 5553 2094 5627">
    <p class='ocr_par' dir='ltr' id='par_1_62' title="bbox 445 5553 2094 5627">
     <span class='ocr_line' id='line_1_62' title="bbox 445 5553 2094 5627; baseline -0.002 -17"><span class='ocrx_word' id='word_1_421' title='bbox 445 5553 682 5625; x_wconf 88' lang='lat' dir='ltr'><strong>verique</strong></span> <span class='ocrx_word' id='word_1_422' title='bbox 711 5555 904 5612; x_wconf 89' lang='lat' dir='ltr'><strong>cultus</strong></span> <span class='ocrx_word' id='word_1_423' title='bbox 943 5556 1252 5627; x_wconf 81' lang='lat' dir='ltr'><strong>magniﬁce</strong></span> <span class='ocrx_word' id='word_1_424' title='bbox 1287 5553 1673 5625; x_wconf 64' lang='lat' dir='ltr'><strong>praedicando,</strong></span> <span class='ocrx_word' id='word_1_425' title='bbox 1707 5569 1922 5625; x_wconf 87' lang='lat' dir='ltr'><strong>magna</strong></span> <span class='ocrx_word' id='word_1_426' title='bbox 1956 5567 2094 5607; x_wconf 88' lang='lat' dir='ltr'><strong>usus</strong></span> 
     </span>
    </p>
   </div>
   <div class='ocr_carea' id='block_1_63' title="bbox 446 5643 2092 5720">
    <p class='ocr_par' dir='ltr' id='par_1_63' title="bbox 446 5643 2092 5720">
     <span class='ocr_line' id='line_1_63' title="bbox 446 5643 2092 5720; baseline -0.004 -15"><span class='ocrx_word' id='word_1_427' title='bbox 446 5649 534 5705; x_wconf 87' lang='lat' dir='ltr'><strong>est</strong></span> <span class='ocrx_word' id='word_1_428' title='bbox 562 5644 850 5717; x_wconf 86' lang='lat' dir='ltr'><strong>libertate,</strong></span> <span class='ocrx_word' id='word_1_429' title='bbox 875 5647 1208 5720; x_wconf 88' lang='lat' dir='ltr'><strong>multosque</strong></span> <span class='ocrx_word' id='word_1_430' title='bbox 1239 5662 1423 5702; x_wconf 84' lang='lat' dir='ltr'><strong>annos</strong></span> <span class='ocrx_word' id='word_1_431' title='bbox 1449 5645 1507 5701; x_wconf 89' lang='lat' dir='ltr'><strong>in</strong></span> <span class='ocrx_word' id='word_1_432' title='bbox 1539 5644 1802 5716; x_wconf 80' lang='lat' dir='ltr'><strong>partibus</strong></span> <span class='ocrx_word' id='word_1_433' title='bbox 1832 5643 2092 5700; x_wconf 89' lang='lat' dir='ltr'><strong>occiden-</strong></span> 
     </span>
    </p>
   </div>
   <div class='ocr_carea' id='block_1_64' title="bbox 2233 554 3867 635">
    <p class='ocr_par' dir='ltr' id='par_1_64' title="bbox 2233 554 3867 635">
     <span class='ocr_line' id='line_1_64' title="bbox 2233 554 3867 635; baseline 0.008 -27"><span class='ocrx_word' id='word_1_434' title='bbox 2233 554 2519 631; x_wconf 77' lang='grc' dir='ltr'><strong>ἐτάραττον</strong></span> <span class='ocrx_word' id='word_1_435' title='bbox 2561 577 2573 589; x_wconf 84' lang='lat'><strong><em>°</em></strong></span> <span class='ocrx_word' id='word_1_436' title='bbox 2643 560 2733 613; x_wconf 84' lang='grc' dir='ltr'>καὶ</span> <span class='ocrx_word' id='word_1_437' title='bbox 2810 559 3042 632; x_wconf 77' lang='grc' dir='ltr'><strong>Ἰάσωνι,</strong></span> <span class='ocrx_word' id='word_1_438' title='bbox 3101 562 3159 623; x_wconf 82' lang='grc' dir='ltr'><strong>’ὃς</strong></span> <span class='ocrx_word' id='word_1_439' title='bbox 3245 561 3439 624; x_wconf 78' lang='grc' dir='ltr'>αὐτοὺς</span> <span class='ocrx_word' id='word_1_440' title='bbox 3528 562 3867 635; x_wconf 80' lang='grc' dir='ltr'>ὑποδέδεκτο,</span> 
     </span>
    </p>
   </div>
   <div class='ocr_carea' id='block_1_65' title="bbox 2231 645 3868 731">
    <p class='ocr_par' dir='ltr' id='par_1_65' title="bbox 2231 645 3868 731">
     <span class='ocr_line' id='line_1_65' title="bbox 2231 645 3868 731; baseline 0.007 -33"><span class='ocrx_word' id='word_1_441' title='bbox 2231 645 2527 721; x_wconf 71' lang='grc' dir='ltr'>πράγματα</span> <span class='ocrx_word' id='word_1_442' title='bbox 2599 655 2903 723; x_wconf 80' lang='grc' dir='ltr'>προσῆγον,</span> <span class='ocrx_word' id='word_1_443' title='bbox 2961 651 3036 704; x_wconf 71' lang='grc' dir='ltr'><strong>Τὰ</strong></span> <span class='ocrx_word' id='word_1_444' title='bbox 3095 649 3184 705; x_wconf 76' lang='grc' dir='ltr'><strong>ἴσα</strong></span> <span class='ocrx_word' id='word_1_445' title='bbox 3258 649 3316 706; x_wconf 76' lang='grc' dir='ltr'>δὲ</span> <span class='ocrx_word' id='word_1_446' title='bbox 3381 654 3472 708; x_wconf 89' lang='grc' dir='ltr'><strong>καὶ</strong></span> <span class='ocrx_word' id='word_1_447' title='bbox 3533 652 3586 708; x_wconf 88' lang='grc' dir='ltr'><strong>ἐν</strong></span> <span class='ocrx_word' id='word_1_448' title='bbox 3649 654 3868 731; x_wconf 74' lang='grc' dir='ltr'>Βεῤῥοίᾳ</span> 
     </span>
    </p>
   </div>
   <div class='ocr_carea' id='block_1_66' title="bbox 2228 735 3864 819">
    <p class='ocr_par' dir='ltr' id='par_1_66' title="bbox 2228 735 3864 819">
     <span class='ocr_line' id='line_1_66' title="bbox 2228 735 3864 819; baseline 0.008 -33"><span class='ocrx_word' id='word_1_449' title='bbox 2228 735 2444 796; x_wconf 73' lang='grc' dir='ltr'>τούτοις</span> <span class='ocrx_word' id='word_1_450' title='bbox 2479 736 2706 802; x_wconf 80' lang='grc' dir='ltr'><strong>ὑπήντα.</strong></span> <span class='ocrx_word' id='word_1_451' title='bbox 2741 737 2916 792; x_wconf 78' lang='grc' dir='ltr'>Ἀλλά</span> <span class='ocrx_word' id='word_1_452' title='bbox 2949 738 3160 802; x_wconf 78' lang='grc' dir='ltr'><strong>Παῦλος</strong></span> <span class='ocrx_word' id='word_1_453' title='bbox 3207 737 3296 794; x_wconf 84' lang='grc' dir='ltr'><strong>διὰ</strong></span> <span class='ocrx_word' id='word_1_454' title='bbox 3338 747 3448 796; x_wconf 89' lang='grc' dir='ltr'><strong>τῶν</strong></span> <span class='ocrx_word' id='word_1_455' title='bbox 3496 741 3743 819; x_wconf 69' lang='grc' dir='ltr'>ἀδελφῶν</span> <span class='ocrx_word' id='word_1_456' title='bbox 3791 745 3864 808; x_wconf 81' lang='grc' dir='ltr'>εἰς</span> 
     </span>
    </p>
   </div>
   <div class='ocr_carea' id='block_1_67' title="bbox 2227 823 3862 904">
    <p class='ocr_par' dir='ltr' id='par_1_67' title="bbox 2227 823 3862 904">
     <span class='ocr_line' id='line_1_67' title="bbox 2227 823 3862 904; baseline 0.009 -31"><span class='ocrx_word' id='word_1_457' title='bbox 2227 823 2326 890; x_wconf 80' lang='grc' dir='ltr'><strong>τήν</strong></span> <span class='ocrx_word' id='word_1_458' title='bbox 2372 824 2640 878; x_wconf 74' lang='grc' dir='ltr'>θάλασσαν</span> <span class='ocrx_word' id='word_1_459' title='bbox 2688 825 2984 901; x_wconf 75' lang='grc' dir='ltr'>ἤγετο,καὶ</span> <span class='ocrx_word' id='word_1_460' title='bbox 3039 825 3199 901; x_wconf 78' lang='grc' dir='ltr'>ἄχρις</span> <span class='ocrx_word' id='word_1_461' title='bbox 3259 830 3504 899; x_wconf 79' lang='grc' dir='ltr'><strong>Ἀθηνῶν</strong></span> <span class='ocrx_word' id='word_1_462' title='bbox 3564 830 3862 904; x_wconf 79' lang='grc' dir='ltr'>ἐπορεύετο.</span> 
     </span>
    </p>
   </div>
   <div class='ocr_carea' id='block_1_68' title="bbox 2230 909 3859 996">
    <p class='ocr_par' dir='ltr' id='par_1_68' title="bbox 2230 909 3859 996">
     <span class='ocr_line' id='line_1_68' title="bbox 2230 909 3859 996; baseline 0.006 -28"><span class='ocrx_word' id='word_1_463' title='bbox 2230 909 2502 975; x_wconf 79' lang='grc' dir='ltr'>Εἷδώλοις</span> <span class='ocrx_word' id='word_1_464' title='bbox 2534 911 2591 967; x_wconf 74' lang='grc' dir='ltr'>δὲ</span> <span class='ocrx_word' id='word_1_465' title='bbox 2621 914 2828 989; x_wconf 75' lang='grc' dir='ltr'>σφόδρα</span> <span class='ocrx_word' id='word_1_466' title='bbox 2857 918 2958 986; x_wconf 70' lang='grc' dir='ltr'>τὴν</span> <span class='ocrx_word' id='word_1_467' title='bbox 3008 915 3171 972; x_wconf 91' lang='grc' dir='ltr'>πόλιν</span> <span class='ocrx_word' id='word_1_468' title='bbox 3219 919 3360 993; x_wconf 87' lang='grc' dir='ltr'>ὁρῶν</span> <span class='ocrx_word' id='word_1_469' title='bbox 3407 921 3859 996; x_wconf 85' lang='grc' dir='ltr'>προσανέχουσαν,</span> 
     </span>
    </p>
   </div>
   <div class='ocr_carea' id='block_1_69' title="bbox 2225 1003 3859 1083">
    <p class='ocr_par' dir='ltr' id='par_1_69' title="bbox 2225 1003 3859 1083">
     <span class='ocr_line' id='line_1_69' title="bbox 2225 1003 3859 1083; baseline 0.006 -27"><span class='ocrx_word' id='word_1_470' title='bbox 2225 1007 2343 1064; x_wconf 89' lang='grc' dir='ltr'>τοῖς</span> <span class='ocrx_word' id='word_1_471' title='bbox 2396 1023 2455 1058; x_wconf 90' lang='grc' dir='ltr'><strong>τε</strong></span> <span class='ocrx_word' id='word_1_472' title='bbox 2517 1003 2578 1058; x_wconf 86' lang='grc' dir='ltr'><strong>ἐκ</strong></span> <span class='ocrx_word' id='word_1_473' title='bbox 2647 1011 2746 1074; x_wconf 81' lang='grc' dir='ltr'><strong>τῆς</strong></span> <span class='ocrx_word' id='word_1_474' title='bbox 2824 1014 3135 1083; x_wconf 77' lang='grc' dir='ltr'><strong>συναγωγῆς</strong></span> <span class='ocrx_word' id='word_1_475' title='bbox 3198 1005 3550 1080; x_wconf 84' lang='grc' dir='ltr'>διωμιλεῖτο,</span> <span class='ocrx_word' id='word_1_476' title='bbox 3605 1011 3699 1065; x_wconf 78' lang='grc' dir='ltr'><strong>καὶ</strong></span> <span class='ocrx_word' id='word_1_477' title='bbox 3751 1017 3859 1073; x_wconf 69' lang='lat' dir='ltr'><strong>soi;</strong></span> 
     </span>
    </p>
   </div>
   <div class='ocr_carea' id='block_1_70' title="bbox 2227 1090 3864 1174">
    <p class='ocr_par' dir='ltr' id='par_1_70' title="bbox 2227 1090 3864 1174">
     <span class='ocr_line' id='line_1_70' title="bbox 2227 1090 3864 1174; baseline 0.005 -29"><span class='ocrx_word' id='word_1_478' title='bbox 2227 1091 2397 1146; x_wconf 78' lang='grc' dir='ltr'>ἐκεῖσε</span> <span class='ocrx_word' id='word_1_479' title='bbox 2446 1090 2792 1169; x_wconf 76' lang='grc' dir='ltr'><strong>φιλοσόφοις,</strong></span> <span class='ocrx_word' id='word_1_480' title='bbox 2837 1099 2955 1156; x_wconf 88' lang='grc' dir='ltr'>τοῖς</span> <span class='ocrx_word' id='word_1_481' title='bbox 3003 1116 3062 1150; x_wconf 90' lang='grc' dir='ltr'>τε</span> <span class='ocrx_word' id='word_1_482' title='bbox 3107 1095 3212 1151; x_wconf 84' lang='grc' dir='ltr'><strong>ἀπό</strong></span> <span class='ocrx_word' id='word_1_483' title='bbox 3260 1101 3356 1151; x_wconf 80' lang='grc' dir='ltr'><strong>τοῦ</strong></span> <span class='ocrx_word' id='word_1_484' title='bbox 3406 1099 3734 1174; x_wconf 78' lang='grc' dir='ltr'>Ἐπικούρου</span> <span class='ocrx_word' id='word_1_485' title='bbox 3777 1101 3864 1154; x_wconf 80' lang='grc' dir='ltr'><strong>καὶ</strong></span> 
     </span>
    </p>
   </div>
   <div class='ocr_carea' id='block_1_71' title="bbox 2223 1179 3860 1262">
    <p class='ocr_par' dir='ltr' id='par_1_71' title="bbox 2223 1179 3860 1262">
     <span class='ocr_line' id='line_1_71' title="bbox 2223 1179 3860 1262; baseline 0.007 -29"><span class='ocrx_word' id='word_1_486' title='bbox 2223 1185 2323 1250; x_wconf 79' lang='grc' dir='ltr'>τῆς</span> <span class='ocrx_word' id='word_1_487' title='bbox 2372 1185 2562 1242; x_wconf 87' lang='grc' dir='ltr'>Στοᾶς.</span> <span class='ocrx_word' id='word_1_488' title='bbox 2614 1183 2709 1245; x_wconf 86' lang='grc' dir='ltr'><strong>Οἷς</strong></span> <span class='ocrx_word' id='word_1_489' title='bbox 2758 1179 2825 1252; x_wconf 70' lang='grc' dir='ltr'>δὴ</span> <span class='ocrx_word' id='word_1_490' title='bbox 2875 1183 2966 1238; x_wconf 85' lang='grc' dir='ltr'><strong>καὶ</strong></span> <span class='ocrx_word' id='word_1_491' title='bbox 3015 1183 3090 1248; x_wconf 83' lang='grc' dir='ltr'>ὣς</span> <span class='ocrx_word' id='word_1_492' title='bbox 3140 1185 3521 1262; x_wconf 84' lang='grc' dir='ltr'><strong>σπερμολόγος</strong></span> <span class='ocrx_word' id='word_1_493' title='bbox 3572 1189 3665 1243; x_wconf 82' lang='grc' dir='ltr'>καὶ</span> <span class='ocrx_word' id='word_1_494' title='bbox 3712 1189 3860 1262; x_wconf 80' lang='grc' dir='ltr'>ξένων</span> 
     </span>
    </p>
   </div>
   <div class='ocr_carea' id='block_1_72' title="bbox 2225 1265 3863 1350">
    <p class='ocr_par' dir='ltr' id='par_1_72' title="bbox 2225 1265 3863 1350">
     <span class='ocr_line' id='line_1_72' title="bbox 2225 1265 3863 1350; baseline 0.007 -28"><span class='ocrx_word' id='word_1_495' title='bbox 2225 1265 2520 1342; x_wconf 79' lang='grc' dir='ltr'><strong>δαιμονίων</strong></span> <span class='ocrx_word' id='word_1_496' title='bbox 2555 1269 2916 1347; x_wconf 81' lang='grc' dir='ltr'><strong>καταγγελεὺς</strong></span> <span class='ocrx_word' id='word_1_497' title='bbox 2965 1271 3358 1350; x_wconf 76' lang='grc' dir='ltr'>περιύϐριστο·</span> <span class='ocrx_word' id='word_1_498' title='bbox 3407 1277 3498 1332; x_wconf 79' lang='grc' dir='ltr'><strong>καὶ</strong></span> <span class='ocrx_word' id='word_1_499' title='bbox 3547 1275 3688 1347; x_wconf 81' lang='grc' dir='ltr'>δῆτα</span> <span class='ocrx_word' id='word_1_500' title='bbox 3742 1278 3863 1333; x_wconf 73' lang='grc' dir='ltr'>εἴσω</span> 
     </span>
    </p>
   </div>
   <div class='ocr_carea' id='block_1_73' title="bbox 2224 1360 3864 1442">
    <p class='ocr_par' dir='ltr' id='par_1_73' title="bbox 2224 1360 3864 1442">
     <span class='ocr_line' id='line_1_73' title="bbox 2224 1360 3864 1442; baseline 0.008 -30"><span class='ocrx_word' id='word_1_501' title='bbox 2224 1363 2426 1436; x_wconf 73' lang='grc' dir='ltr'>χειρῶν</span> <span class='ocrx_word' id='word_1_502' title='bbox 2476 1360 2715 1434; x_wconf 82' lang='grc' dir='ltr'>θέμενοι,</span> <span class='ocrx_word' id='word_1_503' title='bbox 2747 1361 2837 1417; x_wconf 84' lang='grc' dir='ltr'><strong>ἐπὶ</strong></span> <span class='ocrx_word' id='word_1_504' title='bbox 2885 1364 2945 1418; x_wconf 88' lang='grc' dir='ltr'><strong>τὸ</strong></span> <span class='ocrx_word' id='word_1_505' title='bbox 2987 1365 3118 1438; x_wconf 88' lang='grc' dir='ltr'>παρ’</span> <span class='ocrx_word' id='word_1_506' title='bbox 3165 1365 3353 1428; x_wconf 88' lang='grc' dir='ltr'>αὐτοῖς</span> <span class='ocrx_word' id='word_1_507' title='bbox 3407 1368 3662 1442; x_wconf 86' lang='grc' dir='ltr'>μέγιστον</span> <span class='ocrx_word' id='word_1_508' title='bbox 3719 1367 3864 1424; x_wconf 78' lang='grc' dir='ltr'>δικα-</span> 
     </span>
    </p>
   </div>
   <div class='ocr_carea' id='block_1_74' title="bbox 2223 1449 3865 1530">
    <p class='ocr_par' dir='ltr' id='par_1_74' title="bbox 2223 1449 3865 1530">
     <span class='ocr_line' id='line_1_74' title="bbox 2223 1449 3865 1530; baseline 0.007 -29"><span class='ocrx_word' id='word_1_509' title='bbox 2223 1449 2441 1522; x_wconf 80' lang='grc' dir='ltr'>στήριον</span> <span class='ocrx_word' id='word_1_510' title='bbox 2488 1452 2726 1526; x_wconf 77' lang='grc' dir='ltr'>ἄγουσιν,</span> <span class='ocrx_word' id='word_1_511' title='bbox 2775 1451 2821 1522; x_wconf 83' lang='grc' dir='ltr'>ᾧ</span> <span class='ocrx_word' id='word_1_512' title='bbox 2869 1451 3086 1526; x_wconf 85' lang='grc' dir='ltr'>Ἀρειος</span> <span class='ocrx_word' id='word_1_513' title='bbox 3131 1455 3305 1530; x_wconf 76' lang='grc' dir='ltr'>πάγος</span> <span class='ocrx_word' id='word_1_514' title='bbox 3372 1451 3590 1530; x_wconf 79' lang='grc' dir='ltr'>ὄνομα·</span> <span class='ocrx_word' id='word_1_515' title='bbox 3641 1458 3732 1512; x_wconf 81' lang='grc' dir='ltr'><strong>καὶ</strong></span> <span class='ocrx_word' id='word_1_516' title='bbox 3786 1461 3865 1528; x_wconf 74' lang='grc' dir='ltr'><strong>τῷ</strong></span> 
     </span>
    </p>
   </div>
   <div class='ocr_carea' id='block_1_75' title="bbox 2223 1535 3864 1617">
    <p class='ocr_par' dir='ltr' id='par_1_75' title="bbox 2223 1535 3864 1617">
     <span class='ocr_line' id='line_1_75' title="bbox 2223 1535 3864 1617; baseline 0.007 -26"><span class='ocrx_word' id='word_1_517' title='bbox 2223 1535 2482 1612; x_wconf 82' lang='grc' dir='ltr'>συνεδρίῳ</span> <span class='ocrx_word' id='word_1_518' title='bbox 2541 1543 2648 1593; x_wconf 89' lang='grc' dir='ltr'><strong>τῶν</strong></span> <span class='ocrx_word' id='word_1_519' title='bbox 2723 1537 2988 1594; x_wconf 82' lang='grc' dir='ltr'><strong>δικαστῶν</strong></span> <span class='ocrx_word' id='word_1_520' title='bbox 3059 1545 3522 1617; x_wconf 75' lang='grc' dir='ltr'>παραστήσαντες,</span> <span class='ocrx_word' id='word_1_521' title='bbox 3591 1545 3738 1601; x_wconf 84' lang='grc' dir='ltr'>ἐννέα</span> <span class='ocrx_word' id='word_1_522' title='bbox 3807 1545 3864 1602; x_wconf 71' lang='grc' dir='ltr'>δὲ</span> 
     </span>
    </p>
   </div>
   <div class='ocr_carea' id='block_1_76' title="bbox 2220 1625 3863 1707">
    <p class='ocr_par' dir='ltr' id='par_1_76' title="bbox 2220 1625 3863 1707">
     <span class='ocr_line' id='line_1_76' title="bbox 2220 1625 3863 1707; baseline 0.005 -29"><span class='ocrx_word' id='word_1_523' title='bbox 2220 1625 2354 1694; x_wconf 71' lang='grc' dir='ltr'>ἦσαν</span> <span class='ocrx_word' id='word_1_524' title='bbox 2406 1626 2578 1698; x_wconf 75' lang='grc' dir='ltr'>οὗτοι,</span> <span class='ocrx_word' id='word_1_525' title='bbox 2630 1627 2792 1705; x_wconf 71' lang='grc' dir='ltr'>σοφίᾳ</span> <span class='ocrx_word' id='word_1_526' title='bbox 2833 1627 2924 1682; x_wconf 72' lang='grc' dir='ltr'><strong>καὶ</strong></span> <span class='ocrx_word' id='word_1_527' title='bbox 2972 1627 3138 1704; x_wconf 82' lang='grc' dir='ltr'>ἀρετῇ</span> <span class='ocrx_word' id='word_1_528' title='bbox 3187 1631 3275 1685; x_wconf 85' lang='grc' dir='ltr'><strong>καὶ</strong></span> <span class='ocrx_word' id='word_1_529' title='bbox 3321 1633 3468 1707; x_wconf 80' lang='grc' dir='ltr'>γένεε</span> <span class='ocrx_word' id='word_1_530' title='bbox 3519 1632 3609 1687; x_wconf 80' lang='grc' dir='ltr'><strong>καὶ</strong></span> <span class='ocrx_word' id='word_1_531' title='bbox 3640 1633 3863 1707; x_wconf 73' lang='grc' dir='ltr'>πλούτῳ</span> 
     </span>
    </p>
   </div>
   <div class='ocr_carea' id='block_1_77' title="bbox 2221 1712 3864 1794">
    <p class='ocr_par' dir='ltr' id='par_1_77' title="bbox 2221 1712 3864 1794">
     <span class='ocr_line' id='line_1_77' title="bbox 2221 1712 3864 1794; baseline 0.005 -25"><span class='ocrx_word' id='word_1_532' title='bbox 2221 1717 2328 1769; x_wconf 92' lang='grc' dir='ltr'><strong>τῶν</strong></span> <span class='ocrx_word' id='word_1_533' title='bbox 2378 1712 2565 1769; x_wconf 78' lang='grc' dir='ltr'>ἄλλων</span> <span class='ocrx_word' id='word_1_534' title='bbox 2616 1715 2830 1771; x_wconf 72' lang='grc' dir='ltr'>πάντων</span> <span class='ocrx_word' id='word_1_535' title='bbox 2879 1717 3193 1794; x_wconf 59' lang='grc' dir='ltr'>ὑπερφέρειν</span> <span class='ocrx_word' id='word_1_536' title='bbox 3258 1718 3568 1793; x_wconf 82' lang='grc' dir='ltr'>δοκοῦντες,</span> <span class='ocrx_word' id='word_1_537' title='bbox 3615 1721 3705 1776; x_wconf 81' lang='grc' dir='ltr'><strong>ἐπὶ</strong></span> <span class='ocrx_word' id='word_1_538' title='bbox 3756 1729 3864 1778; x_wconf 85' lang='grc' dir='ltr'><strong>τῶν</strong></span> 
     </span>
    </p>
   </div>
   <div class='ocr_carea' id='block_1_78' title="bbox 2223 1799 3864 1886">
    <p class='ocr_par' dir='ltr' id='par_1_78' title="bbox 2223 1799 3864 1886">
     <span class='ocr_line' id='line_1_78' title="bbox 2223 1799 3864 1886; baseline 0.007 -30"><span class='ocrx_word' id='word_1_539' title='bbox 2223 1799 2548 1858; x_wconf 80' lang='grc' dir='ltr'>δικαστικῶν</span> <span class='ocrx_word' id='word_1_540' title='bbox 2601 1805 2808 1878; x_wconf 82' lang='grc' dir='ltr'>θρόνων</span> <span class='ocrx_word' id='word_1_541' title='bbox 2875 1804 3189 1881; x_wconf 77' lang='grc' dir='ltr'>ἀριστίνδην</span> <span class='ocrx_word' id='word_1_542' title='bbox 3261 1807 3630 1884; x_wconf 78' lang='grc' dir='ltr'><strong>ἐξειλεγμένοι</strong></span> <span class='ocrx_word' id='word_1_543' title='bbox 3691 1814 3864 1886; x_wconf 76' lang='grc' dir='ltr'>πρού-</span> 
     </span>
    </p>
   </div>
   <div class='ocr_carea' id='block_1_79' title="bbox 2221 1893 3864 1976">
    <p class='ocr_par' dir='ltr' id='par_1_79' title="bbox 2221 1893 3864 1976">
     <span class='ocr_line' id='line_1_79' title="bbox 2221 1893 3864 1976; baseline 0.007 -30"><span class='ocrx_word' id='word_1_544' title='bbox 2221 1893 2474 1963; x_wconf 77' lang='grc' dir='ltr'>κάθηντο.</span> <span class='ocrx_word' id='word_1_545' title='bbox 2509 1898 2602 1948; x_wconf 70' lang='grc' dir='ltr'><strong>”Ω.ν</strong></span> <span class='ocrx_word' id='word_1_546' title='bbox 2654 1894 2706 1949; x_wconf 87' lang='grc' dir='ltr'><strong>ἐν</strong></span> <span class='ocrx_word' id='word_1_547' title='bbox 2759 1895 2906 1968; x_wconf 79' lang='grc' dir='ltr'>μέσῳ</span> <span class='ocrx_word' id='word_1_548' title='bbox 2956 1897 3270 1972; x_wconf 83' lang='grc' dir='ltr'>γενόμενος,</span> <span class='ocrx_word' id='word_1_549' title='bbox 3302 1900 3400 1966; x_wconf 75' lang='grc' dir='ltr'><strong>τήν</strong></span> <span class='ocrx_word' id='word_1_550' title='bbox 3442 1898 3864 1976; x_wconf 71' lang='grc' dir='ltr'>δεισιδαιμονίαν</span> 
     </span>
    </p>
   </div>
   <div class='ocr_carea' id='block_1_80' title="bbox 2221 1981 3864 2067">
    <p class='ocr_par' dir='ltr' id='par_1_80' title="bbox 2221 1981 3864 2067">
     <span class='ocr_line' id='line_1_80' title="bbox 2221 1981 3864 2067; baseline 0.007 -32"><span class='ocrx_word' id='word_1_551' title='bbox 2221 1981 2439 2037; x_wconf 81' lang='grc' dir='ltr'>ἐκείνων</span> <span class='ocrx_word' id='word_1_552' title='bbox 2469 1981 2736 2058; x_wconf 76' lang='grc' dir='ltr'>ἤγγελλει</span> <span class='ocrx_word' id='word_1_553' title='bbox 2767 1987 2855 2040; x_wconf 79' lang='grc' dir='ltr'><strong>καὶ</strong></span> <span class='ocrx_word' id='word_1_554' title='bbox 2891 1990 2987 2040; x_wconf 81' lang='grc' dir='ltr'>τοῦ</span> <span class='ocrx_word' id='word_1_555' title='bbox 3012 1989 3136 2059; x_wconf 89' lang='grc' dir='ltr'>παρ’</span> <span class='ocrx_word' id='word_1_556' title='bbox 3168 1987 3394 2050; x_wconf 82' lang='grc' dir='ltr'>ἐκείνοις</span> <span class='ocrx_word' id='word_1_557' title='bbox 3431 1991 3534 2045; x_wconf 85' lang='grc' dir='ltr'>νεὼ</span> <span class='ocrx_word' id='word_1_558' title='bbox 3563 1992 3623 2052; x_wconf 80' lang='grc' dir='ltr'>ὃς</span> <span class='ocrx_word' id='word_1_559' title='bbox 3663 1991 3864 2067; x_wconf 83' lang='grc' dir='ltr'>ἀγνώ-</span> 
     </span>
    </p>
   </div>
   <div class='ocr_carea' id='block_1_81' title="bbox 2219 2073 3858 2145">
    <p class='ocr_par' dir='ltr' id='par_1_81' title="bbox 2219 2073 3858 2145">
     <span class='ocr_line' id='line_1_81' title="bbox 2219 2073 3858 2145; baseline 0.007 -20"><span class='ocrx_word' id='word_1_560' title='bbox 2219 2094 2347 2144; x_wconf 90' lang='grc' dir='ltr'>στῳ</span> <span class='ocrx_word' id='word_1_561' title='bbox 2401 2077 2534 2144; x_wconf 77' lang='grc' dir='ltr'><strong>Θεῷ</strong></span> <span class='ocrx_word' id='word_1_562' title='bbox 2572 2073 2837 2145; x_wconf 80' lang='grc' dir='ltr'>ἀνέκειτο,</span> <span class='ocrx_word' id='word_1_563' title='bbox 2885 2075 3084 2130; x_wconf 86' lang='grc' dir='ltr'>τούτου</span> <span class='ocrx_word' id='word_1_564' title='bbox 3141 2078 3273 2132; x_wconf 81' lang='grc' dir='ltr'>εἶναι</span> <span class='ocrx_word' id='word_1_565' title='bbox 3338 2079 3650 2136; x_wconf 84' lang='grc' dir='ltr'>ἀπόστολον</span> <span class='ocrx_word' id='word_1_566' title='bbox 3715 2079 3858 2136; x_wconf 80' lang='grc' dir='ltr'>ἕπει-</span> 
     </span>
    </p>
   </div>
   <div class='ocr_carea' id='block_1_82' title="bbox 2219 2159 3858 2243">
    <p class='ocr_par' dir='ltr' id='par_1_82' title="bbox 2219 2159 3858 2243">
     <span class='ocr_line' id='line_1_82' title="bbox 2219 2159 3858 2243; baseline 0.007 -30"><span class='ocrx_word' id='word_1_567' title='bbox 2219 2162 2343 2214; x_wconf 83' lang='grc' dir='ltr'>θεν’</span> <span class='ocrx_word' id='word_1_568' title='bbox 2404 2162 2462 2215; x_wconf 77' lang='grc' dir='ltr'>ὃν</span> <span class='ocrx_word' id='word_1_569' title='bbox 2511 2161 2601 2216; x_wconf 74' lang='grc' dir='ltr'><strong>καί</strong></span> <span class='ocrx_word' id='word_1_570' title='bbox 2651 2165 2836 2238; x_wconf 72' lang='grc' dir='ltr'>κύριον</span> <span class='ocrx_word' id='word_1_571' title='bbox 2896 2159 3054 2239; x_wconf 80' lang='grc' dir='ltr'>ἔλεγε</span> <span class='ocrx_word' id='word_1_572' title='bbox 3108 2167 3199 2220; x_wconf 84' lang='grc' dir='ltr'><strong>καὶ</strong></span> <span class='ocrx_word' id='word_1_573' title='bbox 3247 2165 3472 2239; x_wconf 81' lang='grc' dir='ltr'>κτίστην</span> <span class='ocrx_word' id='word_1_574' title='bbox 3519 2174 3622 2243; x_wconf 75' lang='grc' dir='ltr'><strong>γῆς</strong></span> <span class='ocrx_word' id='word_1_575' title='bbox 3663 2191 3722 2224; x_wconf 91' lang='grc' dir='ltr'>τε</span> <span class='ocrx_word' id='word_1_576' title='bbox 3767 2171 3858 2225; x_wconf 78' lang='grc' dir='ltr'><strong>καὶ</strong></span> 
     </span>
    </p>
   </div>
   <div class='ocr_carea' id='block_1_83' title="bbox 2220 2248 3860 2326">
    <p class='ocr_par' dir='ltr' id='par_1_83' title="bbox 2220 2248 3860 2326">
     <span class='ocr_line' id='line_1_83' title="bbox 2220 2248 3860 2326; baseline 0.007 -24"><span class='ocrx_word' id='word_1_577' title='bbox 2220 2251 2479 2323; x_wconf 76' lang='grc' dir='ltr'>οὐρανοῦ,</span> <span class='ocrx_word' id='word_1_578' title='bbox 2512 2248 2580 2304; x_wconf 86' lang='grc' dir='ltr'><strong>δι’</strong></span> <span class='ocrx_word' id='word_1_579' title='bbox 2614 2251 2676 2304; x_wconf 79' lang='grc' dir='ltr'>οὗ</span> <span class='ocrx_word' id='word_1_580' title='bbox 2707 2253 2769 2305; x_wconf 89' lang='grc' dir='ltr'>τὸ</span> <span class='ocrx_word' id='word_1_581' title='bbox 2799 2257 2900 2306; x_wconf 79' lang='grc' dir='ltr'><strong>πᾶν</strong></span> <span class='ocrx_word' id='word_1_582' title='bbox 2929 2269 2941 2282; x_wconf 79' lang='grc'><strong>⁸</strong></span> <span class='ocrx_word' id='word_1_583' title='bbox 2975 2253 3064 2307; x_wconf 78' lang='grc' dir='ltr'><strong>καὶ</strong></span> <span class='ocrx_word' id='word_1_584' title='bbox 3096 2253 3318 2326; x_wconf 86' lang='grc' dir='ltr'>ἀνενδεῆ</span> <span class='ocrx_word' id='word_1_585' title='bbox 3347 2260 3542 2312; x_wconf 74' lang='grc' dir='ltr'>τοῦτον</span> <span class='ocrx_word' id='word_1_586' title='bbox 3591 2259 3682 2313; x_wconf 81' lang='grc' dir='ltr'><strong>καὶ</strong></span> <span class='ocrx_word' id='word_1_587' title='bbox 3731 2259 3860 2314; x_wconf 83' lang='grc' dir='ltr'>ἀνό-</span> 
     </span>
    </p>
   </div>
   <div class='ocr_carea' id='block_1_84' title="bbox 2223 2339 3860 2416">
    <p class='ocr_par' dir='ltr' id='par_1_84' title="bbox 2223 2339 3860 2416">
     <span class='ocr_line' id='line_1_84' title="bbox 2223 2339 3860 2416; baseline 0.007 -26"><span class='ocrx_word' id='word_1_588' title='bbox 2223 2359 2383 2410; x_wconf 90' lang='grc' dir='ltr'>μοιον</span> <span class='ocrx_word' id='word_1_589' title='bbox 2436 2339 2569 2393; x_wconf 76' lang='grc' dir='ltr'>εἶναι</span> <span class='ocrx_word' id='word_1_590' title='bbox 2626 2340 2770 2414; x_wconf 75' lang='grc' dir='ltr'>πάσῃ</span> <span class='ocrx_word' id='word_1_591' title='bbox 2841 2339 2947 2414; x_wconf 75' lang='grc' dir='ltr'><strong>ὕλῃ</strong></span> <span class='ocrx_word' id='word_1_592' title='bbox 3005 2341 3300 2416; x_wconf 83' lang='grc' dir='ltr'>προύτίθει.</span> <span class='ocrx_word' id='word_1_593' title='bbox 3357 2343 3517 2400; x_wconf 81' lang='grc' dir='ltr'>Ἀλλ’</span> <span class='ocrx_word' id='word_1_594' title='bbox 3575 2343 3702 2400; x_wconf 88' lang='grc' dir='ltr'>οὐδέ</span> <span class='ocrx_word' id='word_1_595' title='bbox 3755 2367 3860 2402; x_wconf 84' lang='grc' dir='ltr'>τινι</span> 
     </span>
    </p>
   </div>
   <div class='ocr_carea' id='block_1_85' title="bbox 2218 2426 3858 2510">
    <p class='ocr_par' dir='ltr' id='par_1_85' title="bbox 2218 2426 3858 2510">
     <span class='ocr_line' id='line_1_85' title="bbox 2218 2426 3858 2510; baseline 0.007 -29"><span class='ocrx_word' id='word_1_596' title='bbox 2218 2426 2376 2500; x_wconf 82' lang='grc' dir='ltr'>ἄλλῳ</span> <span class='ocrx_word' id='word_1_597' title='bbox 2422 2429 2768 2500; x_wconf 70' lang='grc' dir='ltr'>θεραπεύεται</span> <span class='ocrx_word' id='word_1_598' title='bbox 2818 2431 2853 2500; x_wconf 79' lang='grc' dir='ltr'><strong>ἢ</strong></span> <span class='ocrx_word' id='word_1_599' title='bbox 2903 2435 3017 2492; x_wconf 89' lang='grc' dir='ltr'>τοῖς</span> <span class='ocrx_word' id='word_1_600' title='bbox 3059 2436 3169 2486; x_wconf 90' lang='grc' dir='ltr'><strong>τῶν</strong></span> <span class='ocrx_word' id='word_1_601' title='bbox 3216 2433 3427 2507; x_wconf 81' lang='grc' dir='ltr'>ἀγαθῶν</span> <span class='ocrx_word' id='word_1_602' title='bbox 3459 2428 3640 2509; x_wconf 82' lang='grc' dir='ltr'>ἔργοις</span> <span class='ocrx_word' id='word_1_603' title='bbox 3671 2438 3762 2490; x_wconf 82' lang='grc' dir='ltr'>καὶ</span> <span class='ocrx_word' id='word_1_604' title='bbox 3787 2441 3858 2510; x_wconf 75' lang='grc' dir='ltr'>τῇ</span> 
     </span>
    </p>
   </div>
   <div class='ocr_carea' id='block_1_86' title="bbox 2217 2515 3857 2599">
    <p class='ocr_par' dir='ltr' id='par_1_86' title="bbox 2217 2515 3857 2599">
     <span class='ocr_line' id='line_1_86' title="bbox 2217 2515 3857 2599; baseline 0.006 -29"><span class='ocrx_word' id='word_1_605' title='bbox 2217 2515 2501 2592; x_wconf 84' lang='grc' dir='ltr'>ἐπιγνώσει</span> <span class='ocrx_word' id='word_1_606' title='bbox 2530 2524 2630 2587; x_wconf 80' lang='grc' dir='ltr'><strong>τῆς</strong></span> <span class='ocrx_word' id='word_1_607' title='bbox 2654 2516 2915 2589; x_wconf 81' lang='grc' dir='ltr'>ἀληθείας</span> <span class='ocrx_word' id='word_1_608' title='bbox 2939 2538 2952 2550; x_wconf 75' lang='grc'><strong>⁸</strong></span> <span class='ocrx_word' id='word_1_609' title='bbox 2993 2521 3083 2574; x_wconf 78' lang='grc' dir='ltr'><strong>καὶ</strong></span> <span class='ocrx_word' id='word_1_610' title='bbox 3133 2522 3202 2576; x_wconf 77' lang='grc' dir='ltr'>τὰ</span> <span class='ocrx_word' id='word_1_611' title='bbox 3251 2520 3418 2598; x_wconf 82' lang='grc' dir='ltr'>μέχρι</span> <span class='ocrx_word' id='word_1_612' title='bbox 3465 2521 3626 2578; x_wconf 75' lang='grc' dir='ltr'>τοῦδε</span> <span class='ocrx_word' id='word_1_613' title='bbox 3657 2525 3857 2599; x_wconf 73' lang='grc' dir='ltr'>ἀγνοή-</span> 
     </span>
    </p>
   </div>
   <div class='ocr_carea' id='block_1_87' title="bbox 2221 2604 3856 2686">
    <p class='ocr_par' dir='ltr' id='par_1_87' title="bbox 2221 2604 3856 2686">
     <span class='ocr_line' id='line_1_87' title="bbox 2221 2604 3856 2686; baseline 0.006 -27"><span class='ocrx_word' id='word_1_614' title='bbox 2221 2627 2362 2678; x_wconf 85' lang='grc' dir='ltr'>ματα</span> <span class='ocrx_word' id='word_1_615' title='bbox 2407 2604 2476 2660; x_wconf 90' lang='grc' dir='ltr'><strong>δι’</strong></span> <span class='ocrx_word' id='word_1_616' title='bbox 2508 2609 2670 2680; x_wconf 74' lang='grc' dir='ltr'>ἡμῶν</span> <span class='ocrx_word' id='word_1_617' title='bbox 2718 2613 2957 2682; x_wconf 75' lang='grc' dir='ltr'>παρορᾷν</span> <span class='ocrx_word' id='word_1_618' title='bbox 3009 2609 3150 2684; x_wconf 87' lang='grc' dir='ltr'>λέγει</span> <span class='ocrx_word' id='word_1_619' title='bbox 3178 2627 3190 2642; x_wconf 93' lang='grc'><strong>·</strong></span> <span class='ocrx_word' id='word_1_620' title='bbox 3222 2614 3318 2664; x_wconf 75' lang='grc' dir='ltr'>τοῦ</span> <span class='ocrx_word' id='word_1_621' title='bbox 3350 2611 3552 2666; x_wconf 79' lang='grc' dir='ltr'>λοιποῦ</span> <span class='ocrx_word' id='word_1_622' title='bbox 3584 2609 3642 2667; x_wconf 73' lang='grc' dir='ltr'><strong>δέ</strong></span> <span class='ocrx_word' id='word_1_623' title='bbox 3691 2634 3856 2686; x_wconf 50' lang='grc' dir='ltr'>μετα.</span> 
     </span>
    </p>
   </div>
   <div class='ocr_carea' id='block_1_88' title="bbox 2216 2695 3858 2776">
    <p class='ocr_par' dir='ltr' id='par_1_88' title="bbox 2216 2695 3858 2776">
     <span class='ocr_line' id='line_1_88' title="bbox 2216 2695 3858 2776; baseline 0.006 -28"><span class='ocrx_word' id='word_1_624' title='bbox 2216 2700 2374 2763; x_wconf 79' lang='grc' dir='ltr'>νοεῖν,</span> <span class='ocrx_word' id='word_1_625' title='bbox 2427 2697 2516 2750; x_wconf 78' lang='grc' dir='ltr'><strong>καὶ</strong></span> <span class='ocrx_word' id='word_1_626' title='bbox 2567 2695 2758 2770; x_wconf 82' lang='grc' dir='ltr'>λόγοις</span> <span class='ocrx_word' id='word_1_627' title='bbox 2808 2695 2970 2752; x_wconf 77' lang='grc' dir='ltr'>εἷ’κειν</span> <span class='ocrx_word' id='word_1_628' title='bbox 3019 2698 3286 2760; x_wconf 74' lang='grc' dir='ltr'>πίστεως*</span> <span class='ocrx_word' id='word_1_629' title='bbox 3321 2699 3382 2762; x_wconf 77' lang='grc' dir='ltr'>ὃς</span> <span class='ocrx_word' id='word_1_630' title='bbox 3429 2702 3517 2754; x_wconf 73' lang='grc' dir='ltr'><strong>καὶ</strong></span> <span class='ocrx_word' id='word_1_631' title='bbox 3569 2703 3632 2757; x_wconf 86' lang='grc' dir='ltr'><strong>τὸ</strong></span> <span class='ocrx_word' id='word_1_632' title='bbox 3659 2703 3858 2776; x_wconf 83' lang='grc' dir='ltr'>κρίνειν</span> 
     </span>
    </p>
   </div>
   <div class='ocr_carea' id='block_1_89' title="bbox 2218 2781 3856 2864">
    <p class='ocr_par' dir='ltr' id='par_1_89' title="bbox 2218 2781 3856 2864">
     <span class='ocr_line' id='line_1_89' title="bbox 2218 2781 3856 2864; baseline 0.007 -28"><span class='ocrx_word' id='word_1_633' title='bbox 2218 2781 2414 2838; x_wconf 83' lang='grc' dir='ltr'>ἐκεῖθεν</span> <span class='ocrx_word' id='word_1_634' title='bbox 2475 2783 2718 2860; x_wconf 67' lang='grc' dir='ltr'>εἰληφώς</span> <span class='ocrx_word' id='word_1_635' title='bbox 2776 2784 3142 2846; x_wconf 78' lang='grc' dir='ltr'>ἐστινόὗτός</span> <span class='ocrx_word' id='word_1_636' title='bbox 3203 2785 3343 2842; x_wconf 81' lang='grc' dir='ltr'>ἐστιν</span> <span class='ocrx_word' id='word_1_637' title='bbox 3375 2789 3586 2860; x_wconf 77' lang='grc' dir='ltr'>Ἰησοῦς</span> <span class='ocrx_word' id='word_1_638' title='bbox 3641 2793 3670 2845; x_wconf 98' lang='lat'><strong>6</strong></span> <span class='ocrx_word' id='word_1_639' title='bbox 3727 2799 3856 2864; x_wconf 75' lang='grc' dir='ltr'>Χριο</span> 
     </span>
    </p>
   </div>
   <div class='ocr_carea' id='block_1_90' title="bbox 2216 2868 3857 2948">
    <p class='ocr_par' dir='ltr' id='par_1_90' title="bbox 2216 2868 3857 2948">
     <span class='ocr_line' id='line_1_90' title="bbox 2216 2868 3857 2948; baseline 0.007 -23"><span class='ocrx_word' id='word_1_640' title='bbox 2216 2872 2377 2934; x_wconf 86' lang='grc' dir='ltr'>στός·</span> <span class='ocrx_word' id='word_1_641' title='bbox 2411 2874 2472 2935; x_wconf 83' lang='grc' dir='ltr'>ὃς</span> <span class='ocrx_word' id='word_1_642' title='bbox 2518 2871 2588 2927; x_wconf 87' lang='grc' dir='ltr'><strong>δι’</strong></span> <span class='ocrx_word' id='word_1_643' title='bbox 2635 2868 2806 2948; x_wconf 80' lang='grc' dir='ltr'>ἔργων</span> <span class='ocrx_word' id='word_1_644' title='bbox 2849 2876 3163 2948; x_wconf 85' lang='grc' dir='ltr'>θεοπρεπῶν</span> <span class='ocrx_word' id='word_1_645' title='bbox 3214 2877 3342 2940; x_wconf 83' lang='grc' dir='ltr'>Θεὸς</span> <span class='ocrx_word' id='word_1_646' title='bbox 3389 2876 3598 2941; x_wconf 80' lang='grc' dir='ltr'>τέλειος</span> <span class='ocrx_word' id='word_1_647' title='bbox 3629 2880 3717 2934; x_wconf 76' lang='grc' dir='ltr'><strong>καὶ</strong></span> <span class='ocrx_word' id='word_1_648' title='bbox 3764 2883 3857 2936; x_wconf 81' lang='grc' dir='ltr'>τέ-</span> 
     </span>
    </p>
   </div>
   <div class='ocr_carea' id='block_1_91' title="bbox 2217 2960 3852 3044">
    <p class='ocr_par' dir='ltr' id='par_1_91' title="bbox 2217 2960 3852 3044">
     <span class='ocr_line' id='line_1_91' title="bbox 2217 2960 3852 3044; baseline 0.004 -28"><span class='ocrx_word' id='word_1_649' title='bbox 2217 2961 2364 3023; x_wconf 79' lang='grc' dir='ltr'>λειος</span> <span class='ocrx_word' id='word_1_650' title='bbox 2441 2960 2730 3037; x_wconf 78' lang='grc' dir='ltr'>ἄνθρωπος</span> <span class='ocrx_word' id='word_1_651' title='bbox 2807 2961 2953 3032; x_wconf 70' lang='grc' dir='ltr'>πλήν</span> <span class='ocrx_word' id='word_1_652' title='bbox 3033 2965 3298 3038; x_wconf 81' lang='grc' dir='ltr'>ἁμαρτίας</span> <span class='ocrx_word' id='word_1_653' title='bbox 3358 2966 3654 3044; x_wconf 65' lang='grc' dir='ltr'>ἀναφανεές,</span> <span class='ocrx_word' id='word_1_654' title='bbox 3715 2969 3852 3042; x_wconf 79' lang='grc' dir='ltr'>ὑπὲρ</span> 
     </span>
    </p>
   </div>
   <div class='ocr_carea' id='block_1_92' title="bbox 2212 3049 3850 3129">
    <p class='ocr_par' dir='ltr' id='par_1_92' title="bbox 2212 3049 3850 3129">
     <span class='ocr_line' id='line_1_92' title="bbox 2212 3049 3850 3129; baseline 0.004 -23"><span class='ocrx_word' id='word_1_655' title='bbox 2212 3052 2466 3106; x_wconf 70' lang='grc' dir='ltr'>ἁπάντων</span> <span class='ocrx_word' id='word_1_656' title='bbox 2524 3049 2879 3126; x_wconf 76' lang='grc' dir='ltr'>ἐσταύρωται,</span> <span class='ocrx_word' id='word_1_657' title='bbox 2937 3053 3027 3107; x_wconf 80' lang='grc' dir='ltr'>καὶ</span> <span class='ocrx_word' id='word_1_658' title='bbox 3086 3054 3146 3108; x_wconf 86' lang='grc' dir='ltr'><strong>ἐκ</strong></span> <span class='ocrx_word' id='word_1_659' title='bbox 3200 3060 3404 3129; x_wconf 80' lang='grc' dir='ltr'>νεκρῶν</span> <span class='ocrx_word' id='word_1_660' title='bbox 3472 3057 3690 3126; x_wconf 82' lang='grc' dir='ltr'>ἀνέστη·</span> <span class='ocrx_word' id='word_1_661' title='bbox 3751 3059 3850 3112; x_wconf 84' lang='grc' dir='ltr'><strong>καὶ</strong></span> 
     </span>
    </p>
   </div>
   <div class='ocr_carea' id='block_1_93' title="bbox 2221 3139 3854 3223">
    <p class='ocr_par' dir='ltr' id='par_1_93' title="bbox 2221 3139 3854 3223">
     <span class='ocr_line' id='line_1_93' title="bbox 2221 3139 3854 3223; baseline 0.006 -31"><span class='ocrx_word' id='word_1_662' title='bbox 2221 3141 2432 3194; x_wconf 75' lang='grc' dir='ltr'>πάντων</span> <span class='ocrx_word' id='word_1_663' title='bbox 2459 3140 2736 3214; x_wconf 83' lang='grc' dir='ltr'>ὁρώντων,</span> <span class='ocrx_word' id='word_1_664' title='bbox 2765 3139 2898 3214; x_wconf 75' lang='grc' dir='ltr'>πρὸς</span> <span class='ocrx_word' id='word_1_665' title='bbox 2929 3141 3020 3195; x_wconf 87' lang='grc' dir='ltr'>τὸν</span> <span class='ocrx_word' id='word_1_666' title='bbox 3063 3141 3260 3197; x_wconf 81' lang='grc' dir='ltr'>οἷκεῖον</span> <span class='ocrx_word' id='word_1_667' title='bbox 3315 3144 3527 3220; x_wconf 82' lang='grc' dir='ltr'>Πατέρα</span> <span class='ocrx_word' id='word_1_668' title='bbox 3574 3145 3854 3223; x_wconf 62' lang='grc' dir='ltr'>ἀνελήφθη</span> 
     </span>
    </p>
   </div>
   <div class='ocr_carea' id='block_1_94' title="bbox 2167 3227 3858 3304">
    <p class='ocr_par' dir='ltr' id='par_1_94' title="bbox 2167 3227 3858 3304">
     <span class='ocr_line' id='line_1_94' title="bbox 2167 3227 3858 3304; baseline 0.004 -21"><span class='ocrx_word' id='word_1_669' title='bbox 2167 3229 2179 3250; x_wconf 85' lang='grc'><em>⁴</em></span> <span class='ocrx_word' id='word_1_670' title='bbox 2215 3227 2308 3283; x_wconf 83' lang='grc' dir='ltr'><strong>τόν</strong></span> <span class='ocrx_word' id='word_1_671' title='bbox 2361 3228 2468 3282; x_wconf 79' lang='grc' dir='ltr'><strong>τῶν</strong></span> <span class='ocrx_word' id='word_1_672' title='bbox 2527 3227 2672 3282; x_wconf 72' lang='grc' dir='ltr'>ὅλων</span> <span class='ocrx_word' id='word_1_673' title='bbox 2732 3228 2881 3282; x_wconf 78' lang='grc' dir='ltr'>θεόν.</span> <span class='ocrx_word' id='word_1_674' title='bbox 2917 3229 3021 3284; x_wconf 86' lang='grc' dir='ltr'><strong>Καὶ</strong></span> <span class='ocrx_word' id='word_1_675' title='bbox 3069 3231 3177 3284; x_wconf 80' lang='grc' dir='ltr'>τισὶ</span> <span class='ocrx_word' id='word_1_676' title='bbox 3234 3233 3329 3304; x_wconf 73' lang='grc' dir='ltr'>μὲν</span> <span class='ocrx_word' id='word_1_677' title='bbox 3377 3233 3661 3289; x_wconf 65' lang='grc' dir='ltr'>ἀνάστασιν</span> <span class='ocrx_word' id='word_1_678' title='bbox 3717 3235 3858 3304; x_wconf 85' lang='grc' dir='ltr'>ἀκη-</span> 
     </span>
    </p>
   </div>
   <div class='ocr_carea' id='block_1_95' title="bbox 3479 3320 3523 3341">
    <p class='ocr_par' dir='ltr' id='par_1_95' title="bbox 3479 3320 3523 3341">
     <span class='ocr_line' id='line_1_95' title="bbox 3479 3320 3523 3341; baseline 0.023 -1"><span class='ocrx_word' id='word_1_679' title='bbox 3479 3320 3523 3341; x_wconf 56' lang='lat' dir='ltr'><strong>N‘</strong></span> 
     </span>
    </p>
   </div>
   <div class='ocr_carea' id='block_1_96' title="bbox 2211 3315 3858 3396">
    <p class='ocr_par' dir='ltr' id='par_1_96' title="bbox 2211 3315 3858 3396">
     <span class='ocr_line' id='line_1_96' title="bbox 2211 3315 3858 3396; baseline 0.004 -24"><span class='ocrx_word' id='word_1_680' title='bbox 2211 3317 2368 3372; x_wconf 78' lang='grc' dir='ltr'>κοόσι</span> <span class='ocrx_word' id='word_1_681' title='bbox 2417 3315 2594 3390; x_wconf 79' lang='grc' dir='ltr'><strong>χλεύη</strong></span> <span class='ocrx_word' id='word_1_682' title='bbox 2639 3317 2702 3371; x_wconf 82' lang='grc' dir='ltr'>τὸ</span> <span class='ocrx_word' id='word_1_683' title='bbox 2755 3323 2984 3392; x_wconf 71' lang='grc' dir='ltr'>πρᾶγμα</span> <span class='ocrx_word' id='word_1_684' title='bbox 3031 3316 3246 3373; x_wconf 83' lang='grc' dir='ltr'>ἐδόκει’</span> <span class='ocrx_word' id='word_1_685' title='bbox 3281 3322 3424 3384; x_wconf 69' lang='grc' dir='ltr'>τινες</span> <span class='ocrx_word' id='word_1_686' title='bbox 3475 3320 3532 3378; x_wconf 71' lang='grc' dir='ltr'>δὲ</span> <span class='ocrx_word' id='word_1_687' title='bbox 3581 3323 3727 3396; x_wconf 85' lang='grc' dir='ltr'>αὐτῷ</span> <span class='ocrx_word' id='word_1_688' title='bbox 3763 3345 3858 3378; x_wconf 88' lang='grc' dir='ltr'>πι-</span> 
     </span>
    </p>
   </div>
   <div class='ocr_carea' id='block_1_97' title="bbox 2214 3403 3857 3490">
    <p class='ocr_par' dir='ltr' id='par_1_97' title="bbox 2214 3403 3857 3490">
     <span class='ocr_line' id='line_1_97' title="bbox 2214 3403 3857 3490; baseline 0.004 -30"><span class='ocrx_word' id='word_1_689' title='bbox 2214 3407 2526 3468; x_wconf 66' lang='grc' dir='ltr'>στεύσαντες</span> <span class='ocrx_word' id='word_1_690' title='bbox 2586 3403 2837 3461; x_wconf 68' lang='grc' dir='ltr'>ε’ίποντο·</span> <span class='ocrx_word' id='word_1_691' title='bbox 2884 3408 3000 3480; x_wconf 87' lang='grc' dir='ltr'>μεθ’</span> <span class='ocrx_word' id='word_1_692' title='bbox 3055 3409 3129 3462; x_wconf 82' lang='grc' dir='ltr'>ὧν</span> <span class='ocrx_word' id='word_1_693' title='bbox 3204 3410 3296 3464; x_wconf 75' lang='grc' dir='ltr'><strong>καὶ</strong></span> <span class='ocrx_word' id='word_1_694' title='bbox 3373 3412 3402 3465; x_wconf 95' lang='lat'><strong>6</strong></span> <span class='ocrx_word' id='word_1_695' title='bbox 3463 3412 3857 3490; x_wconf 78' lang='grc' dir='ltr'>Ἀρεοπαγίτης</span> 
     </span>
    </p>
   </div>
   <div class='ocr_carea' id='block_1_98' title="bbox 2214 3493 3858 3580">
    <p class='ocr_par' dir='ltr' id='par_1_98' title="bbox 2214 3493 3858 3580">
     <span class='ocr_line' id='line_1_98' title="bbox 2214 3493 3858 3580; baseline 0.005 -30"><span class='ocrx_word' id='word_1_696' title='bbox 2214 3493 2484 3557; x_wconf 72' lang='grc' dir='ltr'>Διονύσιος</span> <span class='ocrx_word' id='word_1_697' title='bbox 2527 3495 2615 3564; x_wconf 76' lang='grc' dir='ltr'><strong>ἦν,</strong></span> <span class='ocrx_word' id='word_1_698' title='bbox 2650 3498 2726 3558; x_wconf 86' lang='grc' dir='ltr'>εἷς</span> <span class='ocrx_word' id='word_1_699' title='bbox 2777 3493 2850 3550; x_wconf 80' lang='grc' dir='ltr'>ὣν</span> <span class='ocrx_word' id='word_1_700' title='bbox 2899 3500 3007 3551; x_wconf 88' lang='grc' dir='ltr'><strong>τῶν</strong></span> <span class='ocrx_word' id='word_1_701' title='bbox 3055 3502 3234 3577; x_wconf 80' lang='grc' dir='ltr'>σοφῶν</span> <span class='ocrx_word' id='word_1_702' title='bbox 3285 3497 3505 3554; x_wconf 81' lang='grc' dir='ltr'>ἐκείνων</span> <span class='ocrx_word' id='word_1_703' title='bbox 3557 3504 3649 3557; x_wconf 79' lang='grc' dir='ltr'><strong>καὶ</strong></span> <span class='ocrx_word' id='word_1_704' title='bbox 3680 3502 3858 3580; x_wconf 76' lang='grc' dir='ltr'>ἐκκρί-</span> 
     </span>
    </p>
   </div>
   <div class='ocr_carea' id='block_1_99' title="bbox 2210 3583 3856 3662">
    <p class='ocr_par' dir='ltr' id='par_1_99' title="bbox 2210 3583 3856 3662">
     <span class='ocr_line' id='line_1_99' title="bbox 2210 3583 3856 3662; baseline 0.006 -24"><span class='ocrx_word' id='word_1_705' title='bbox 2210 3605 2317 3638; x_wconf 87' lang='grc' dir='ltr'><strong>των</strong></span> <span class='ocrx_word' id='word_1_706' title='bbox 2374 3583 2600 3659; x_wconf 86' lang='grc' dir='ltr'>ἀνδρῶν.</span> <span class='ocrx_word' id='word_1_707' title='bbox 2635 3585 2758 3641; x_wconf 82' lang='grc' dir='ltr'>Ἐπὶ</span> <span class='ocrx_word' id='word_1_708' title='bbox 2813 3585 2971 3640; x_wconf 85' lang='grc' dir='ltr'>τόσον</span> <span class='ocrx_word' id='word_1_709' title='bbox 3028 3584 3086 3641; x_wconf 76' lang='grc' dir='ltr'>δὲ</span> <span class='ocrx_word' id='word_1_710' title='bbox 3133 3589 3284 3662; x_wconf 89' lang='grc' dir='ltr'><strong>αὐτῷ</strong></span> <span class='ocrx_word' id='word_1_711' title='bbox 3331 3591 3397 3644; x_wconf 69' lang='grc' dir='ltr'>τὰ</span> <span class='ocrx_word' id='word_1_712' title='bbox 3439 3597 3540 3660; x_wconf 76' lang='grc' dir='ltr'><strong>τῆς</strong></span> <span class='ocrx_word' id='word_1_713' title='bbox 3601 3591 3856 3662; x_wconf 83' lang='grc' dir='ltr'>πίστεως,</span> 
     </span>
    </p>
   </div>
   <div class='ocr_carea' id='block_1_100' title="bbox 2213 3674 3856 3757">
    <p class='ocr_par' dir='ltr' id='par_1_100' title="bbox 2213 3674 3856 3757">
     <span class='ocr_line' id='line_1_100' title="bbox 2213 3674 3856 3757; baseline 0.005 -30"><span class='ocrx_word' id='word_1_714' title='bbox 2213 3675 2288 3738; x_wconf 84' lang='grc' dir='ltr'>ὡς</span> <span class='ocrx_word' id='word_1_715' title='bbox 2337 3676 2413 3747; x_wconf 78' lang='grc' dir='ltr'>μὴ</span> <span class='ocrx_word' id='word_1_716' title='bbox 2469 3674 2634 3748; x_wconf 82' lang='grc' dir='ltr'>μόνον</span> <span class='ocrx_word' id='word_1_717' title='bbox 2681 3680 2778 3730; x_wconf 68' lang='grc' dir='ltr'><strong>τοῦ</strong></span> <span class='ocrx_word' id='word_1_718' title='bbox 2823 3675 2968 3730; x_wconf 86' lang='grc' dir='ltr'>θείου</span> <span class='ocrx_word' id='word_1_719' title='bbox 2997 3678 3389 3747; x_wconf 75' lang='grc' dir='ltr'>καταξιωθῆναι</span> <span class='ocrx_word' id='word_1_720' title='bbox 3422 3677 3682 3757; x_wconf 76' lang='grc' dir='ltr'>λουτροῦ,</span> <span class='ocrx_word' id='word_1_721' title='bbox 3714 3682 3856 3738; x_wconf 81' lang='grc' dir='ltr'>ἀλλᾶ</span> 
     </span>
    </p>
   </div>
   <div class='ocr_carea' id='block_1_101' title="bbox 2211 3761 3855 3846">
    <p class='ocr_par' dir='ltr' id='par_1_101' title="bbox 2211 3761 3855 3846">
     <span class='ocr_line' id='line_1_101' title="bbox 2211 3761 3855 3846; baseline 0.005 -28"><span class='ocrx_word' id='word_1_722' title='bbox 2211 3763 2301 3818; x_wconf 76' lang='grc' dir='ltr'><strong>καὶ</strong></span> <span class='ocrx_word' id='word_1_723' title='bbox 2386 3761 2473 3816; x_wconf 78' lang='grc' dir='ltr'><strong>διὰ</strong></span> <span class='ocrx_word' id='word_1_724' title='bbox 2551 3768 2752 3838; x_wconf 81' lang='grc' dir='ltr'>χειρῶν</span> <span class='ocrx_word' id='word_1_725' title='bbox 2827 3763 3044 3820; x_wconf 71' lang='grc' dir='ltr'>Παύλου</span> <span class='ocrx_word' id='word_1_726' title='bbox 3096 3767 3342 3837; x_wconf 81' lang='grc' dir='ltr'>Ἀθηνῶν</span> <span class='ocrx_word' id='word_1_727' title='bbox 3402 3774 3855 3846; x_wconf 76' lang='grc' dir='ltr'>προχειρισθῆναι</span> 
     </span>
    </p>
   </div>
   <div class='ocr_carea' id='block_1_102' title="bbox 2210 3852 3855 3934">
    <p class='ocr_par' dir='ltr' id='par_1_102' title="bbox 2210 3852 3855 3934">
     <span class='ocr_line' id='line_1_102' title="bbox 2210 3852 3855 3934; baseline 0.005 -27"><span class='ocrx_word' id='word_1_728' title='bbox 2210 3852 2528 3917; x_wconf 83' lang='grc' dir='ltr'>ἐπίσκοπον,</span> <span class='ocrx_word' id='word_1_729' title='bbox 2591 3852 2678 3906; x_wconf 82' lang='grc' dir='ltr'><strong>καὶ</strong></span> <span class='ocrx_word' id='word_1_730' title='bbox 2750 3854 3030 3934; x_wconf 72' lang='grc' dir='ltr'>ὑπερφυῶν</span> <span class='ocrx_word' id='word_1_731' title='bbox 3109 3858 3464 3929; x_wconf 70' lang='grc' dir='ltr'>χαρισμάτων</span> <span class='ocrx_word' id='word_1_732' title='bbox 3539 3860 3855 3934; x_wconf 71' lang='grc' dir='ltr'>ἀξιωθῆναι,</span> 
     </span>
    </p>
   </div>
   <div class='ocr_carea' id='block_1_103' title="bbox 2211 3941 3857 4020">
    <p class='ocr_par' dir='ltr' id='par_1_103' title="bbox 2211 3941 3857 4020">
     <span class='ocr_line' id='line_1_103' title="bbox 2211 3941 3857 4020; baseline 0.004 -23"><span class='ocrx_word' id='word_1_733' title='bbox 2211 3943 2300 3997; x_wconf 81' lang='grc' dir='ltr'><strong>καὶ</strong></span> <span class='ocrx_word' id='word_1_734' title='bbox 2347 3942 2426 4014; x_wconf 84' lang='grc' dir='ltr'><strong>τῷ</strong></span> <span class='ocrx_word' id='word_1_735' title='bbox 2470 3941 2598 4014; x_wconf 80' lang='grc' dir='ltr'>θείῳ</span> <span class='ocrx_word' id='word_1_736' title='bbox 2645 3942 2991 4018; x_wconf 80' lang='grc' dir='ltr'>συγγενέσθαι</span> <span class='ocrx_word' id='word_1_737' title='bbox 3041 3945 3322 4020; x_wconf 75' lang='grc' dir='ltr'>Ἱεροθέῳο</span> <span class='ocrx_word' id='word_1_738' title='bbox 3369 3949 3452 4008; x_wconf 81' lang='grc' dir='ltr'>οἷς</span> <span class='ocrx_word' id='word_1_739' title='bbox 3501 3949 3720 4010; x_wconf 74' lang='grc' dir='ltr'>Παῦλος</span> <span class='ocrx_word' id='word_1_740' title='bbox 3761 3951 3857 4004; x_wconf 77' lang='grc' dir='ltr'>ὅσα</span> 
     </span>
    </p>
   </div>
   <div class='ocr_carea' id='block_1_104' title="bbox 2211 4029 3854 4112">
    <p class='ocr_par' dir='ltr' id='par_1_104' title="bbox 2211 4029 3854 4112">
     <span class='ocr_line' id='line_1_104' title="bbox 2211 4029 3854 4112; baseline 0.004 -26"><span class='ocrx_word' id='word_1_741' title='bbox 2211 4032 2298 4086; x_wconf 83' lang='grc' dir='ltr'><strong>καὶ</strong></span> <span class='ocrx_word' id='word_1_742' title='bbox 2345 4029 2622 4104; x_wconf 71' lang='grc' dir='ltr'>ἐμυήσατο</span> <span class='ocrx_word' id='word_1_743' title='bbox 2673 4030 2748 4093; x_wconf 84' lang='grc' dir='ltr'><strong>εἷς</strong></span> <span class='ocrx_word' id='word_1_744' title='bbox 2797 4032 2888 4086; x_wconf 86' lang='grc' dir='ltr'>τὸν</span> <span class='ocrx_word' id='word_1_745' title='bbox 2928 4032 3110 4107; x_wconf 87' lang='grc' dir='ltr'>τρίτον</span> <span class='ocrx_word' id='word_1_746' title='bbox 3158 4034 3337 4108; x_wconf 85' lang='grc' dir='ltr'>ἀρθεῖς</span> <span class='ocrx_word' id='word_1_747' title='bbox 3389 4035 3616 4112; x_wconf 82' lang='grc' dir='ltr'>οὐρανὸν</span> <span class='ocrx_word' id='word_1_748' title='bbox 3657 4038 3748 4094; x_wconf 82' lang='grc' dir='ltr'><strong>καὶ</strong></span> <span class='ocrx_word' id='word_1_749' title='bbox 3779 4040 3854 4100; x_wconf 84' lang='grc' dir='ltr'><strong>εἷς</strong></span> 
     </span>
    </p>
   </div>
   <div class='ocr_carea' id='block_1_105' title="bbox 2209 4119 3854 4205">
    <p class='ocr_par' dir='ltr' id='par_1_105' title="bbox 2209 4119 3854 4205">
     <span class='ocr_line' id='line_1_105' title="bbox 2209 4119 3854 4205; baseline 0.005 -31"><span class='ocrx_word' id='word_1_750' title='bbox 2209 4122 2300 4175; x_wconf 83' lang='grc' dir='ltr'>τὸν</span> <span class='ocrx_word' id='word_1_751' title='bbox 2387 4119 2712 4194; x_wconf 77' lang='grc' dir='ltr'>παράδεισον</span> <span class='ocrx_word' id='word_1_752' title='bbox 2790 4121 3192 4191; x_wconf 83' lang='grc' dir='ltr'>κατεπίστευσε,</span> <span class='ocrx_word' id='word_1_753' title='bbox 3243 4127 3368 4199; x_wconf 88' lang='grc' dir='ltr'>περί</span> <span class='ocrx_word' id='word_1_754' title='bbox 3443 4147 3502 4180; x_wconf 88' lang='grc' dir='ltr'>τε</span> <span class='ocrx_word' id='word_1_755' title='bbox 3571 4127 3854 4205; x_wconf 77' lang='grc' dir='ltr'>θεολογίας</span> 
     </span>
    </p>
   </div>
   <div class='ocr_carea' id='block_1_106' title="bbox 2209 4210 3858 4291">
    <p class='ocr_par' dir='ltr' id='par_1_106' title="bbox 2209 4210 3858 4291">
     <span class='ocr_line' id='line_1_106' title="bbox 2209 4210 3858 4291; baseline 0.005 -27"><span class='ocrx_word' id='word_1_756' title='bbox 2209 4210 2296 4264; x_wconf 81' lang='grc' dir='ltr'><strong>καὶ</strong></span> <span class='ocrx_word' id='word_1_757' title='bbox 2351 4211 2471 4284; x_wconf 85' lang='grc' dir='ltr'>περὶ</span> <span class='ocrx_word' id='word_1_758' title='bbox 2517 4217 2616 4280; x_wconf 75' lang='grc' dir='ltr'><strong>τῆς</strong></span> <span class='ocrx_word' id='word_1_759' title='bbox 2663 4210 2914 4286; x_wconf 84' lang='grc' dir='ltr'>οὐρανίου</span> <span class='ocrx_word' id='word_1_760' title='bbox 2961 4212 3248 4289; x_wconf 78' lang='grc' dir='ltr'>ἱεραρχίας</span> <span class='ocrx_word' id='word_1_761' title='bbox 3294 4234 3353 4268; x_wconf 88' lang='grc' dir='ltr'><strong>τε</strong></span> <span class='ocrx_word' id='word_1_762' title='bbox 3399 4215 3487 4269; x_wconf 76' lang='grc' dir='ltr'>καὶ</span> <span class='ocrx_word' id='word_1_763' title='bbox 3553 4213 3858 4291; x_wconf 68' lang='grc' dir='ltr'>διακοσμή-</span> 
     </span>
    </p>
   </div>
   <div class='ocr_carea' id='block_1_107' title="bbox 2210 4298 3853 4380">
    <p class='ocr_par' dir='ltr' id='par_1_107' title="bbox 2210 4298 3853 4380">
     <span class='ocr_line' id='line_1_107' title="bbox 2210 4298 3853 4380; baseline 0.005 -26"><span class='ocrx_word' id='word_1_764' title='bbox 2210 4298 2426 4368; x_wconf 78' lang='grc' dir='ltr'>σεως,ἃ</span> <span class='ocrx_word' id='word_1_765' title='bbox 2474 4299 2527 4361; x_wconf 81' lang='grc' dir='ltr'><strong>ἐς</strong></span> <span class='ocrx_word' id='word_1_766' title='bbox 2587 4299 2808 4376; x_wconf 74' lang='grc' dir='ltr'>ὕστερον</span> <span class='ocrx_word' id='word_1_767' title='bbox 2865 4299 2955 4355; x_wconf 84' lang='grc' dir='ltr'><strong>καὶ</strong></span> <span class='ocrx_word' id='word_1_768' title='bbox 3013 4307 3197 4380; x_wconf 68' lang='grc' dir='ltr'>γραφῇ</span> <span class='ocrx_word' id='word_1_769' title='bbox 3247 4301 3544 4378; x_wconf 86' lang='grc' dir='ltr'>παρεδόθη.</span> <span class='ocrx_word' id='word_1_770' title='bbox 3579 4306 3853 4370; x_wconf 82' lang='grc' dir='ltr'>Διονύσιος</span> 
     </span>
    </p>
   </div>
   <div class='ocr_carea' id='block_1_108' title="bbox 2211 4385 3855 4471">
    <p class='ocr_par' dir='ltr' id='par_1_108' title="bbox 2211 4385 3855 4471">
     <span class='ocr_line' id='line_1_108' title="bbox 2211 4385 3855 4471; baseline 0.004 -27"><span class='ocrx_word' id='word_1_771' title='bbox 2211 4387 2268 4444; x_wconf 68' lang='grc' dir='ltr'>δὲ</span> <span class='ocrx_word' id='word_1_772' title='bbox 2312 4391 2402 4444; x_wconf 74' lang='grc' dir='ltr'>τὸν</span> <span class='ocrx_word' id='word_1_773' title='bbox 2457 4389 2623 4464; x_wconf 89' lang='grc' dir='ltr'>λόγον</span> <span class='ocrx_word' id='word_1_774' title='bbox 2677 4391 2775 4458; x_wconf 75' lang='grc' dir='ltr'><strong>τῆς</strong></span> <span class='ocrx_word' id='word_1_775' title='bbox 2829 4385 3100 4454; x_wconf 73' lang='grc' dir='ltr'>εὐσεϐείας</span> <span class='ocrx_word' id='word_1_776' title='bbox 3151 4391 3420 4469; x_wconf 87' lang='grc' dir='ltr'>λαμπρῶς</span> <span class='ocrx_word' id='word_1_777' title='bbox 3473 4393 3855 4471; x_wconf 72' lang='grc' dir='ltr'>παῤῥησιασάο</span> 
     </span>
    </p>
   </div>
   <div class='ocr_carea' id='block_1_109' title="bbox 2212 4477 3852 4558">
    <p class='ocr_par' dir='ltr' id='par_1_109' title="bbox 2212 4477 3852 4558">
     <span class='ocr_line' id='line_1_109' title="bbox 2212 4477 3852 4558; baseline 0.004 -25"><span class='ocrx_word' id='word_1_778' title='bbox 2212 4499 2394 4550; x_wconf 81' lang='grc' dir='ltr'>μενος,</span> <span class='ocrx_word' id='word_1_779' title='bbox 2427 4479 2514 4534; x_wconf 76' lang='grc' dir='ltr'><strong>ἐπὶ</strong></span> <span class='ocrx_word' id='word_1_780' title='bbox 2564 4478 2801 4542; x_wconf 84' lang='grc' dir='ltr'>πολλοῖς</span> <span class='ocrx_word' id='word_1_781' title='bbox 2857 4477 3000 4534; x_wconf 84' lang='grc' dir='ltr'>ἔτεσι</span> <span class='ocrx_word' id='word_1_782' title='bbox 3045 4480 3183 4536; x_wconf 69' lang='grc' dir='ltr'>κατὰ</span> <span class='ocrx_word' id='word_1_783' title='bbox 3226 4483 3326 4550; x_wconf 81' lang='grc' dir='ltr'><strong>τήν</strong></span> <span class='ocrx_word' id='word_1_784' title='bbox 3369 4483 3594 4558; x_wconf 73' lang='grc' dir='ltr'>ἑσπέραν</span> <span class='ocrx_word' id='word_1_785' title='bbox 3629 4482 3852 4555; x_wconf 72' lang='grc' dir='ltr'>δοξάσας</span> 
     </span>
    </p>
   </div>
   <div class='ocr_carea' id='block_1_110' title="bbox 2209 4566 3850 4648">
    <p class='ocr_par' dir='ltr' id='par_1_110' title="bbox 2209 4566 3850 4648">
     <span class='ocr_line' id='line_1_110' title="bbox 2209 4566 3850 4648; baseline 0.005 -27"><span class='ocrx_word' id='word_1_786' title='bbox 2209 4569 2468 4644; x_wconf 72' lang='grc' dir='ltr'>Χριστὸν,</span> <span class='ocrx_word' id='word_1_787' title='bbox 2501 4566 2577 4628; x_wconf 85' lang='grc' dir='ltr'>εἷς</span> <span class='ocrx_word' id='word_1_788' title='bbox 2639 4566 2772 4644; x_wconf 82' lang='grc' dir='ltr'>βαθὺ</span> <span class='ocrx_word' id='word_1_789' title='bbox 2830 4575 3003 4645; x_wconf 76' lang='grc' dir='ltr'>γῆρας</span> <span class='ocrx_word' id='word_1_790' title='bbox 3060 4569 3236 4639; x_wconf 68' lang='grc' dir='ltr'><strong>⁶ἥκων,</strong></span> <span class='ocrx_word' id='word_1_791' title='bbox 3267 4571 3356 4625; x_wconf 87' lang='grc' dir='ltr'>καὶ</span> <span class='ocrx_word' id='word_1_792' title='bbox 3399 4577 3480 4645; x_wconf 76' lang='grc' dir='ltr'>τῷ</span> <span class='ocrx_word' id='word_1_793' title='bbox 3525 4573 3656 4648; x_wconf 75' lang='grc' dir='ltr'>ὑπὲρ</span> <span class='ocrx_word' id='word_1_794' title='bbox 3685 4573 3850 4630; x_wconf 70' lang='grc' dir='ltr'>αὐτοῦ</span> 
     </span>
    </p>
   </div>
   <div class='ocr_carea' id='block_1_111' title="bbox 2212 4657 3848 4739">
    <p class='ocr_par' dir='ltr' id='par_1_111' title="bbox 2212 4657 3848 4739">
     <span class='ocr_line' id='line_1_111' title="bbox 2212 4657 3848 4739; baseline 0.004 -28"><span class='ocrx_word' id='word_1_795' title='bbox 2212 4659 2496 4734; x_wconf 80' lang='grc' dir='ltr'>μαρτυρίῳ</span> <span class='ocrx_word' id='word_1_796' title='bbox 2552 4660 2963 4730; x_wconf 73' lang='grc' dir='ltr'>κατεκοσμήθη.</span> <span class='ocrx_word' id='word_1_797' title='bbox 3015 4661 3152 4715; x_wconf 83' lang='grc' dir='ltr'>Φασὶ</span> <span class='ocrx_word' id='word_1_798' title='bbox 3208 4657 3265 4715; x_wconf 76' lang='grc' dir='ltr'>δὲ</span> <span class='ocrx_word' id='word_1_799' title='bbox 3313 4660 3474 4716; x_wconf 87' lang='grc' dir='ltr'>αὐτὸν</span> <span class='ocrx_word' id='word_1_800' title='bbox 3532 4665 3632 4732; x_wconf 68' lang='grc' dir='ltr'><strong>τὴν</strong></span> <span class='ocrx_word' id='word_1_801' title='bbox 3681 4666 3848 4739; x_wconf 73' lang='grc' dir='ltr'>χάραν</span> 
     </span>
    </p>
   </div>
   <div class='ocr_carea' id='block_1_112' title="bbox 2208 4744 3849 4825">
    <p class='ocr_par' dir='ltr' id='par_1_112' title="bbox 2208 4744 3849 4825">
     <span class='ocr_line' id='line_1_112' title="bbox 2208 4744 3849 4825; baseline 0.004 -24"><span class='ocrx_word' id='word_1_802' title='bbox 2208 4747 2345 4825; x_wconf 73' lang='grc' dir='ltr'>ξίφει</span> <span class='ocrx_word' id='word_1_803' title='bbox 2378 4745 2725 4802; x_wconf 80' lang='grc' dir='ltr'>διακοπεῖσαν</span> <span class='ocrx_word' id='word_1_804' title='bbox 2755 4748 2850 4802; x_wconf 81' lang='grc' dir='ltr'>ἀνᾶ</span> <span class='ocrx_word' id='word_1_805' title='bbox 2883 4753 3071 4822; x_wconf 83' lang='grc' dir='ltr'>χεῖρας</span> <span class='ocrx_word' id='word_1_806' title='bbox 3121 4744 3378 4820; x_wconf 78' lang='grc' dir='ltr'>λαϐόντα,</span> <span class='ocrx_word' id='word_1_807' title='bbox 3413 4749 3496 4806; x_wconf 78' lang='grc' dir='ltr'><strong>ἐπὶ</strong></span> <span class='ocrx_word' id='word_1_808' title='bbox 3553 4753 3713 4823; x_wconf 85' lang='grc' dir='ltr'>μίλια</span> <span class='ocrx_word' id='word_1_809' title='bbox 3756 4751 3849 4808; x_wconf 79' lang='grc' dir='ltr'><strong>δὺο</strong></span> 
     </span>
    </p>
   </div>
   <div class='ocr_carea' id='block_1_113' title="bbox 2208 4833 3853 4914">
    <p class='ocr_par' dir='ltr' id='par_1_113' title="bbox 2208 4833 3853 4914">
     <span class='ocr_line' id='line_1_113' title="bbox 2208 4833 3853 4914; baseline 0.004 -24"><span class='ocrx_word' id='word_1_810' title='bbox 2208 4833 2456 4890; x_wconf 76' lang='grc' dir='ltr'>ὁδεῦσαι·</span> <span class='ocrx_word' id='word_1_811' title='bbox 2544 4834 2714 4890; x_wconf 85' lang='grc' dir='ltr'>ἐκεῖσε</span> <span class='ocrx_word' id='word_1_812' title='bbox 2772 4835 2828 4891; x_wconf 73' lang='grc' dir='ltr'>δὲ</span> <span class='ocrx_word' id='word_1_813' title='bbox 2890 4838 3101 4912; x_wconf 84' lang='grc' dir='ltr'>γυναικὶ</span> <span class='ocrx_word' id='word_1_814' title='bbox 3175 4837 3469 4913; x_wconf 74' lang='grc' dir='ltr'>ἔντοχόντα</span> <span class='ocrx_word' id='word_1_815' title='bbox 3545 4843 3853 4914; x_wconf 78' lang='grc' dir='ltr'>παραθεσθα</span> 
     </span>
    </p>
   </div>
   <div class='ocr_carea' id='block_1_114' title="bbox 2203 4926 3851 5006">
    <p class='ocr_par' dir='ltr' id='par_1_114' title="bbox 2203 4926 3851 5006">
     <span class='ocr_line' id='line_1_114' title="bbox 2203 4926 3851 5006; baseline 0.004 -28"><span class='ocrx_word' id='word_1_816' title='bbox 2203 4926 2404 4996; x_wconf 71' lang='grc' dir='ltr'>ταύτην</span> <span class='ocrx_word' id='word_1_817' title='bbox 2452 4926 2614 5000; x_wconf 81' lang='grc' dir='ltr'>αὐτῇ.</span> <span class='ocrx_word' id='word_1_818' title='bbox 2645 4927 2784 4982; x_wconf 71' lang='grc' dir='ltr'>’Ὁσα</span> <span class='ocrx_word' id='word_1_819' title='bbox 2831 4946 2893 5001; x_wconf 90' lang='grc' dir='ltr'>γε</span> <span class='ocrx_word' id='word_1_820' title='bbox 2943 4928 3052 4999; x_wconf 80' lang='grc' dir='ltr'>μὴν</span> <span class='ocrx_word' id='word_1_821' title='bbox 3103 4931 3473 5002; x_wconf 82' lang='grc' dir='ltr'>συνεγραψατο</span> <span class='ocrx_word' id='word_1_822' title='bbox 3515 4929 3718 5006; x_wconf 74' lang='grc' dir='ltr'>θεωρίᾳ</span> <span class='ocrx_word' id='word_1_823' title='bbox 3762 4931 3851 4986; x_wconf 82' lang='grc' dir='ltr'><strong>καὶ</strong></span> 
     </span>
    </p>
   </div>
   <div class='ocr_carea' id='block_1_115' title="bbox 2203 5013 3852 5093">
    <p class='ocr_par' dir='ltr' id='par_1_115' title="bbox 2203 5013 3852 5093">
     <span class='ocr_line' id='line_1_115' title="bbox 2203 5013 3852 5093; baseline 0.004 -23"><span class='ocrx_word' id='word_1_824' title='bbox 2203 5017 2442 5088; x_wconf 75' lang='grc' dir='ltr'>νοήμασι</span> <span class='ocrx_word' id='word_1_825' title='bbox 2502 5014 2592 5068; x_wconf 73' lang='grc' dir='ltr'><strong>καὶ</strong></span> <span class='ocrx_word' id='word_1_826' title='bbox 2643 5016 2835 5089; x_wconf 78' lang='grc' dir='ltr'>φράσει</span> <span class='ocrx_word' id='word_1_827' title='bbox 2893 5013 3072 5091; x_wconf 82' lang='grc' dir='ltr'>έξόχῳ</span> <span class='ocrx_word' id='word_1_828' title='bbox 3126 5020 3326 5087; x_wconf 84' lang='grc' dir='ltr'>πάντη,</span> <span class='ocrx_word' id='word_1_829' title='bbox 3355 5017 3445 5072; x_wconf 84' lang='grc' dir='ltr'><strong>καὶ</strong></span> <span class='ocrx_word' id='word_1_830' title='bbox 3492 5019 3682 5093; x_wconf 84' lang='grc' dir='ltr'>ἀμιγεῖ</span> <span class='ocrx_word' id='word_1_831' title='bbox 3711 5026 3852 5093; x_wconf 82' lang='grc' dir='ltr'>ταῖς,</span> 
     </span>
    </p>
   </div>
   <div class='ocr_carea' id='block_1_116' title="bbox 2205 5103 3852 5184">
    <p class='ocr_par' dir='ltr' id='par_1_116' title="bbox 2205 5103 3852 5184">
     <span class='ocr_line' id='line_1_116' title="bbox 2205 5103 3852 5184; baseline 0.004 -26"><span class='ocrx_word' id='word_1_832' title='bbox 2205 5105 2323 5159; x_wconf 81' lang='grc' dir='ltr'>ὅσαι</span> <span class='ocrx_word' id='word_1_833' title='bbox 2383 5108 2500 5159; x_wconf 87' lang='grc' dir='ltr'>κατ’</span> <span class='ocrx_word' id='word_1_834' title='bbox 2529 5105 2850 5178; x_wconf 86' lang='grc' dir='ltr'>ἀνθρώπους</span> <span class='ocrx_word' id='word_1_835' title='bbox 2907 5103 3197 5184; x_wconf 66' lang='grc' dir='ltr'>ἐφάνησαν,</span> <span class='ocrx_word' id='word_1_836' title='bbox 3257 5111 3449 5162; x_wconf 81' lang='grc' dir='ltr'>τοῦτον</span> <span class='ocrx_word' id='word_1_837' title='bbox 3513 5103 3706 5182; x_wconf 79' lang='grc' dir='ltr'>ἔχουσι</span> <span class='ocrx_word' id='word_1_838' title='bbox 3759 5113 3852 5166; x_wconf 78' lang='grc' dir='ltr'>τὸν</span> 
     </span>
    </p>
   </div>
   <div class='ocr_carea' id='block_1_117' title="bbox 2201 5193 3853 5276">
    <p class='ocr_par' dir='ltr' id='par_1_117' title="bbox 2201 5193 3853 5276">
     <span class='ocr_line' id='line_1_117' title="bbox 2201 5193 3853 5276; baseline 0.004 -29"><span class='ocrx_word' id='word_1_839' title='bbox 2201 5195 2434 5268; x_wconf 82' lang='grc' dir='ltr'>τρόπον·</span> <span class='ocrx_word' id='word_1_840' title='bbox 2472 5199 2692 5268; x_wconf 89' lang='grc' dir='ltr'>πρῶτον</span> <span class='ocrx_word' id='word_1_841' title='bbox 2725 5193 2819 5268; x_wconf 78' lang='grc' dir='ltr'>μὶν</span> <span class='ocrx_word' id='word_1_842' title='bbox 2852 5196 3008 5268; x_wconf 84' lang='grc' dir='ltr'><strong>Περί</strong></span> <span class='ocrx_word' id='word_1_843' title='bbox 3049 5196 3244 5250; x_wconf 90' lang='grc' dir='ltr'>θείων</span> <span class='ocrx_word' id='word_1_844' title='bbox 3287 5196 3638 5270; x_wconf 75' lang='grc' dir='ltr'>ὀνομάτων</span> <span class='ocrx_word' id='word_1_845' title='bbox 3685 5195 3853 5276; x_wconf 84' lang='grc' dir='ltr'>λόγον</span> 
     </span>
    </p>
   </div>
   <div class='ocr_carea' id='block_1_118' title="bbox 2205 5279 3854 5365">
    <p class='ocr_par' dir='ltr' id='par_1_118' title="bbox 2205 5279 3854 5365">
     <span class='ocr_line' id='line_1_118' title="bbox 2205 5279 3854 5365; baseline 0.005 -28"><span class='ocrx_word' id='word_1_846' title='bbox 2205 5279 2478 5338; x_wconf 82' lang='grc' dir='ltr'>συντέίττει</span> <span class='ocrx_word' id='word_1_847' title='bbox 2537 5281 2590 5338; x_wconf 84' lang='grc' dir='ltr'><strong>ἐν</strong></span> <span class='ocrx_word' id='word_1_848' title='bbox 2647 5282 2965 5360; x_wconf 75' lang='grc' dir='ltr'>κεφαλαίοις</span> <span class='ocrx_word' id='word_1_849' title='bbox 3046 5282 3431 5360; x_wconf 80' lang='grc' dir='ltr'>τρισκαίδεκα⁶</span> <span class='ocrx_word' id='word_1_850' title='bbox 3491 5287 3545 5342; x_wconf 76' lang='grc' dir='ltr'><strong>ἐν</strong></span> <span class='ocrx_word' id='word_1_851' title='bbox 3603 5287 3650 5358; x_wconf 87' lang='grc' dir='ltr'>ᾧ</span> <span class='ocrx_word' id='word_1_852' title='bbox 3697 5285 3854 5365; x_wconf 73' lang='grc' dir='ltr'>ἕτερα</span> 
     </span>
    </p>
   </div>
   <div class='ocr_carea' id='block_1_119' title="bbox 2203 5371 3851 5450">
    <p class='ocr_par' dir='ltr' id='par_1_119' title="bbox 2203 5371 3851 5450">
     <span class='ocr_line' id='line_1_119' title="bbox 2203 5371 3851 5450; baseline 0.004 -23"><span class='ocrx_word' id='word_1_853' title='bbox 2203 5371 2470 5450; x_wconf 68' lang='grc' dir='ltr'>κεφάλαια</span> <span class='ocrx_word' id='word_1_854' title='bbox 2504 5373 2880 5443; x_wconf 36' lang='grc' dir='ltr'>,ὑποτέτακται</span> <span class='ocrx_word' id='word_1_855' title='bbox 2928 5372 3058 5450; x_wconf 79' lang='grc' dir='ltr'>όίχρι</span> <span class='ocrx_word' id='word_1_856' title='bbox 3105 5379 3213 5430; x_wconf 89' lang='grc' dir='ltr'>τῶν</span> <span class='ocrx_word' id='word_1_857' title='bbox 3251 5376 3294 5450; x_wconf 84' lang='grc' dir='ltr'>ρ’</span> <span class='ocrx_word' id='word_1_858' title='bbox 3344 5377 3632 5450; x_wconf 82' lang='grc' dir='ltr'>προϊόντα,</span> <span class='ocrx_word' id='word_1_859' title='bbox 3662 5378 3851 5435; x_wconf 86' lang='grc' dir='ltr'>θεοσο-</span> 
     </span>
    </p>
   </div>
   <div class='ocr_carea' id='block_1_120' title="bbox 2203 5461 3854 5540">
    <p class='ocr_par' dir='ltr' id='par_1_120' title="bbox 2203 5461 3854 5540">
     <span class='ocr_line' id='line_1_120' title="bbox 2203 5461 3854 5540; baseline 0.005 -23"><span class='ocrx_word' id='word_1_860' title='bbox 2203 5462 2326 5540; x_wconf 64' lang='lat' dir='ltr'><strong>(pia:</strong></span> <span class='ocrx_word' id='word_1_861' title='bbox 2380 5461 2582 5535; x_wconf 79' lang='grc' dir='ltr'>μεστοί·</span> <span class='ocrx_word' id='word_1_862' title='bbox 2631 5461 2879 5539; x_wconf 70' lang='grc' dir='ltr'>δεύτερος</span> <span class='ocrx_word' id='word_1_863' title='bbox 2923 5464 3074 5534; x_wconf 86' lang='grc' dir='ltr'><strong>αὐτῷ</strong></span> <span class='ocrx_word' id='word_1_864' title='bbox 3124 5464 3490 5524; x_wconf 79' lang='grc' dir='ltr'>συντέτακται.</span> <span class='ocrx_word' id='word_1_865' title='bbox 3523 5465 3676 5539; x_wconf 80' lang='grc' dir='ltr'>Περὶ</span> <span class='ocrx_word' id='word_1_866' title='bbox 3729 5475 3854 5537; x_wconf 76' lang='grc' dir='ltr'>τῆς</span> 
     </span>
    </p>
   </div>
   <div class='ocr_carea' id='block_1_121' title="bbox 2204 5549 3829 5632">
    <p class='ocr_par' dir='ltr' id='par_1_121' title="bbox 2204 5549 3829 5632">
     <span class='ocr_line' id='line_1_121' title="bbox 2204 5549 3829 5632; baseline 0.004 -26"><span class='ocrx_word' id='word_1_867' title='bbox 2204 5551 2516 5626; x_wconf 79' lang='grc' dir='ltr'>οὐρανίου</span> <span class='ocrx_word' id='word_1_868' title='bbox 2559 5553 2912 5629; x_wconf 76' lang='grc' dir='ltr'>ἱεραρχίας</span> <span class='ocrx_word' id='word_1_869' title='bbox 2952 5549 3099 5632; x_wconf 81' lang='grc' dir='ltr'>ἔχων</span> <span class='ocrx_word' id='word_1_870' title='bbox 3129 5551 3749 5632; x_wconf 62' lang='grc' dir='ltr'>ἐπιγραφῆν,κεφάλαια</span> <span class='ocrx_word' id='word_1_871' title='bbox 3781 5577 3829 5613; x_wconf 80' lang='grc' dir='ltr'>ιε</span> 
     </span>
    </p>
   </div>
   <div class='ocr_carea' id='block_1_122' title="bbox 2200 5636 3851 5719">
    <p class='ocr_par' dir='ltr' id='par_1_122' title="bbox 2200 5636 3851 5719">
     <span class='ocr_line' id='line_1_122' title="bbox 2200 5636 3851 5719; baseline 0.005 -25"><span class='ocrx_word' id='word_1_872' title='bbox 2200 5636 2658 5717; x_wconf 58' lang='grc' dir='ltr'>προϐαλλόμενος</span> <span class='ocrx_word' id='word_1_873' title='bbox 2685 5659 2698 5672; x_wconf 90' lang='grc'><strong>·</strong></span> <span class='ocrx_word' id='word_1_874' title='bbox 2740 5641 2918 5719; x_wconf 86' lang='grc' dir='ltr'>τρίτος</span> <span class='ocrx_word' id='word_1_875' title='bbox 2952 5642 3038 5698; x_wconf 78' lang='grc' dir='ltr'><strong>ἐπὶ</strong></span> <span class='ocrx_word' id='word_1_876' title='bbox 3068 5642 3284 5706; x_wconf 67' lang='grc' dir='ltr'>τούτοις</span> <span class='ocrx_word' id='word_1_877' title='bbox 3315 5643 3342 5697; x_wconf 90' lang='grc' dir='ltr'>ὁ</span> <span class='ocrx_word' id='word_1_878' title='bbox 3375 5643 3534 5719; x_wconf 87' lang='grc' dir='ltr'>Περὶ</span> <span class='ocrx_word' id='word_1_879' title='bbox 3586 5650 3707 5716; x_wconf 77' lang='grc' dir='ltr'>τῆς</span> <span class='ocrx_word' id='word_1_880' title='bbox 3755 5645 3851 5703; x_wconf 80' lang='grc' dir='ltr'>ἐκ·</span> 
     </span>
    </p>
   </div>
  </div>
