4070 6274
176 379 310 439 809

1213 379 1838 442 ECCLESIASTICIE
1879 377 2277 443 HISTORUE
2319 384 2463 445 LIB.
2513 386 2585 448 ll.

3490 397 3610 458 810

174 509 691 582 κλησιαστικῆς
723 510 1080 590 ἱεραρχίας
1115 511 1169 566 ἐν
1200 511 1520 603 κεφαλαίοις
1552 511 1723 603 ἑπτα·
1747 514 1831 603 ῃτέ-

1949 515 2164 572 talibus
2195 515 2491 576 Christum
2524 520 2876 592 gloriﬁcans,
2929 525 3000 582 ad
3050 527 3295 585 multam
3345 533 3607 603 pervenit

172 622 388 676 ταρτος
419 601 446 654 ὁ
479 599 635 674 Περὶ
672 603 1003 673 μυστικῆς
1029 600 1391 677 θεολογίας
1420 599 1471 657 ἓν
1523 601 1845 680 κεφαλαίοις

175 693 215 746 ε’
245 709 261 722 ·
307 691 405 746 καὶ
452 688 740 745 ἐπιστολαὶ
790 687 937 759 δέκα,
989 691 1063 745 ὧν
1096 693 1130 760 ἡ
1161 690 1448 763 τελευταίᾳ
1495 697 1573 764 τῷ
1620 691 1843 763 ἐπιστη-

177 781 283 854 θίῳ
315 782 413 837 καὶ
459 779 820 855 εὐαγγελιστῇ
853 781 1074 855 Ἰωάννῃ
1122 779 1346 850 ἐστάλη.
1396 786 1570 836 Ταῦτα
1627 785 1721 856 μὶν
1771 784 1838 838 τὰ

177 867 233 932 ἒς
284 867 452 944 δεῦρο
503 871 642 942 ἡμῖν
701 868 1081 948 ἒμφερόμεναο
1125 871 1153 924 ὁ
1207 867 1253 924 δ’
1300 871 1462 932 αὐτὸς
1511 873 1600 926 καὶ
1650 871 1846 946 ἑτέρων

181 959 358 1014 αὐτοῦ
415 963 805 1034 πραγματειῶν
870 960 1090 1032 μνήμην
1156 964 1438 1014 ποιεῖται·
1505 961 1580 1014 ὧν
1639 961 1736 1033 μία
1785 961 1839 1014 αἱ

177 1053 318 1127 παρ’
352 1049 497 1122 αἱ»τῷ
527 1049 936 1128 Θεολογικαὶ
967 1053 1476 1113 ’Υποτυπώσεις
1524 1051 1846 1124 ὀνομασθεῖ-

181 1159 310 1196 σαι·
349 1141 474 1210 ἤτε
516 1136 917 1213 Συμϐολική
969 1139 1346 1216 Θεολογῖα·
1400 1139 1551 1214 ἑτέρα
1599 1144 1634 1210 ἡ
1685 1141 1844 1214 Περὶ

175 1235 311 1286 τῶν
365 1229 757 1305 ἀγρελικῶν
811 1227 1177 1300 ἴδιοτήτων
1225 1229 1335 1284 καὶ
1377 1231 1620 1301 τάξεων
1654 1249 1672 1266 ⁸
1788 1252 1846 1286 τε

177 1321 345 1395 Περὶ
381 1322 611 1394 ψυχῆς
646 1319 795 1392 αὖτῷ
824 1320 1206 1394 πραγματεία·
1261 1319 1479 1394 ἑτέραὴ
1535 1321 1693 1396 Περὶ
1749 1319 1844 1375 δι-

182 1410 542 1466 καίουκαὶ
579 1410 758 1465 θείου
796 1407 1221 1483 δικαιωτηρίου’
1274 1410 1363 1463 καὶ
1410 1412 1445 1479 ἡ
1498 1414 1662 1483 Περί
1712 1415 1840 1465 τῶν

177 1499 390 1556 θείων
441 1499 656 1573 ὕμνων
707 1499 1018 1574 ἑτέρα-καὶ
1068 1497 1216 1569 ἄλλη
1251 1500 1419 1574 Περὶ
1471 1521 1727 1570 νοητων
1777 1522 1844 1556 τε

175 1610 244 1644 τε
275 1589 392 1644 καί
425 1587 758 1658 αἰσθητῶν
786 1607 799 1620 ·
839 1588 902 1644 Αἱ
957 1585 1022 1658 δὴ
1074 1594 1452 1664 Πραγματεῖαι
1501 1590 1834 1645 παντάπασιν

185 1681 560 1756 ἇθεοώρητοι,
591 1680 830 1752 καθάπαξ
866 1681 995 1753 μήθ’
1026 1681 1181 1752 ἡμῖν,
1221 1680 1359 1751 μήτε
1386 1685 1503 1741 τοῖς
1541 1681 1647 1752 πρὸ
1680 1683 1839 1754 ἡμῶν

180 1771 598 1847 γνωρισθεῖσαι.
658 1767 838 1824 Ἀλλὰ
892 1769 1018 1843 περὶ
1079 1769 1172 1842 μὶν
1245 1768 1521 1824 Διονυσίου
1579 1770 1668 1824 καὶ
1731 1774 1839 1824 τῶν

1955 609 2329 674 senectutem,
2364 612 2420 664 et
2452 626 2551 680 pro
2581 611 2706 679 ipso
2747 615 3007 687 martyrii
3055 634 3270 675 corona
3317 625 3374 677 et
3424 622 3607 682 coho-

1958 699 2243 752 nestatus.
2297 697 2508 756 Ferunt
2549 705 2744 758 autem
2791 720 2922 760 eum
2971 713 3142 779 caput
3192 727 3389 780 suum,
3450 716 3605 786 quod

1958 784 2151 856 gladio
2185 791 2471 844 resectum
2503 790 2705 858 fuerat,
2761 793 2820 848 in
2862 796 3136 854 manibus
3185 784 3501 872 gerentem,
3533 807 3607 860 ad

1959 876 2073 931 duo
2105 875 2288 931 millia
2320 893 2599 948 passuum
2649 881 2892 939 tulisse:
2927 884 3126 956 ibique
3175 889 3254 957 id,
3307 891 3366 946 in
3426 910 3604 965 quam

1953 965 2266 1035 indiderat,
2301 969 2534 1026 mulieri
2568 979 2840 1044 tanquam
2890 976 3220 1047 depositum
3268 983 3602 1040 tradidisse.

1955 1058 2089 1121 Qua
2122 1065 2314 1113 autem
2347 1058 2444 1114 ille
2475 1061 2712 1133 scripta,
2751 1063 2991 1122 sublimi
3030 1084 3224 1125 rerum
3275 1071 3603 1132 divinarum

1955 1146 2464 1218 contemplatione,
2524 1154 2848 1223 sententiis,
2899 1161 2956 1211 et
3021 1157 3366 1232 elocutione,
3416 1165 3604 1220 admi-

1955 1235 2135 1290 renda
2164 1239 2482 1309 prorsusjet
2503 1241 2863 1313 excellentia,
2912 1243 3198 1320 longeque
3230 1251 3300 1306 ab
3346 1253 3418 1310 iis
3476 1272 3604 1327 quae

1953 1341 2056 1396 pro
2081 1325 2380 1381 hominum
2404 1336 2573 1400 captu
2596 1331 2747 1388 edita
2769 1338 2928 1404 sunt,
2952 1337 3150 1393 dissita
3180 1325 3602 1414 composuerit,

1955 1414 2038 1469 sic
2069 1430 2128 1469 se
2175 1414 2410 1470 habent.
2469 1417 2726 1475 Primum
2780 1423 3018 1493 quidem
3073 1443 3220 1500 opus
3278 1431 3348 1486 de
3403 1432 3605 1490 divinis

1951 1503 2275 1559 nominibus
2304 1507 2672 1578 conscripsit,
2708 1511 2982 1568 tredecim
3032 1517 3319 1587 capitibus
3353 1539 3366 1576 :
3400 1520 3457 1577 in
3492 1539 3606 1594 quo

1955 1594 2027 1649 ad
2056 1599 2287 1650 centum
2315 1611 2543 1666 quoque
2571 1597 2683 1654 alia
2714 1601 2905 1672 capita
2942 1609 3083 1660 sunt
3128 1608 3354 1677 adjecta
3399 1611 3604 1668 divina

1948 1684 2254 1754 sapientiae
2289 1684 2478 1756 plena.
2506 1687 2811 1745 Secundus
2830 1691 2900 1746 ab
2925 1708 2990 1748 eo
3033 1693 3177 1750 liber
3220 1697 3468 1770 scriptus
3491 1707 3602 1762 est.

1949 1774 2040 1828 cui
2073 1774 2313 1832 titulum
2365 1777 2520 1845 fecit,
2558 1779 2628 1832 De
2671 1779 2880 1835 caelesti
2930 1781 3239 1839 hierarchia
3267 1788 3368 1859 (1),
3419 1792 3609 1861 capita

2507 1839 2516 1845 .
3269 1839 3368 1859 ,—,,
3421 1839 3609 1861 ηιμ--

1866 1839 1913 1905 Β
1946 1861 2168 1917 habens
2201 1864 2556 1934 quindecim.
2591 1867 2825 1922 Tertius
2857 1869 2940 1924 De
2993 1873 3358 1932 ecclesiastica
3398 1878 3611 1936 hierar-

230 1953 349 2020 hia,
387 1952 645 2025 capitum
696 1955 952 2023 septem;
1004 1955 1252 2022 quartus
1292 1951 1372 2008 De
1426 1967 1632 2007 arcana
1689 1967 1783 2007 seu
1829 1954 2057 2020 mystica
2116 1952 2413 2023 theologia,
2475 1954 2735 2026 quinque
2779 1959 3059 2030 capitum.
3123 1961 3379 2037 Reliquit
3434 1969 3606 2025 etiam

188 2040 474 2112 epistolas
523 2041 743 2108 decem,
807 2055 1055 2110 quarum
1115 2045 1408 2112 postrema
1476 2040 1846 2112 evangelista
1920 2039 2151 2108 Joanni,
2213 2042 2311 2111 qui
2371 2059 2552 2114 supra
2621 2053 2814 2117 pectus
2883 2048 3116 2106 Domini
3176 2056 3460 2128 recubuit,
3519 2065 3609 2117 est

185 2133 432 2205 scripta.
475 2135 667 2203 Atque
727 2129 850 2187 haec
910 2130 1145 2202 quidem
1196 2132 1325 2202 ejus
1388 2129 1830 2221 scriptaihodie
1865 2146 2104 2221 quoque
2167 2131 2684 2189 circumferuntur.
2747 2137 2875 2207 ipse
2933 2148 3118 2197 autem
3172 2144 3418 2203 aliarum
3469 2165 3609 2221 quo-

191 2238 304 2293 que
345 2221 818 2277 lucubrationum
852 2236 1090 2276 suarum
1122 2220 1476 2275 mentionem
1530 2220 1688 2288 facit,
1742 2219 1945 2291 quales
2004 2224 2164 2289 sunt,
2225 2237 2345 2291 quae
2408 2224 2478 2278 ab
2530 2238 2597 2278 eo
2659 2225 2991 2298 Theologicw
3031 2234 3420 2302 Dispositiones
3470 2219 3610 2298 sunt

188 2311 530 2367 nominatae.
588 2310 735 2366 Item
784 2309 1088 2381 symbolica
1143 2309 1438 2378 theologia,
1502 2314 1782 2380 prmterea
1827 2309 1902 2364 De
1955 2310 2221 2380 angelicis
2275 2314 2810 2382 proprietatibus-et
2867 2319 3171 2377 ordinibus.
3233 2325 3603 2385 Commenta-

189 2400 312 2456 rius
355 2401 430 2456 De
476 2400 688 2470 anima,
721 2401 796 2454 De
833 2401 984 2470 justo
1032 2408 1084 2455 et
1137 2398 1324 2455 divino
1358 2398 1610 2471 judicio;
1655 2399 1726 2453 De
1781 2398 1987 2453 divinis
2054 2398 2311 2471 hymnis;
2356 2402 2493 2458 item
2543 2404 2616 2458 De
2676 2405 2748 2460 iis
2777 2422 2894 2477 quae
2946 2410 3032 2464 vel
3088 2411 3461 2483 intelligentia
3515 2420 3599 2475 vel

188 2505 352 2545 sensu
409 2489 908 2560 deprehenduntur.
954 2488 1372 2544 Commentarii
1421 2492 1616 2543 autem
1671 2487 1766 2542 isti
1810 2485 2047 2542 omnino
2103 2489 2207 2542 visi
2255 2505 2370 2545 non
2419 2497 2582 2561 sunt,
2638 2510 2824 2566 neque
2882 2497 3072 2567 nobis,
3124 2518 3312 2576 neque
3368 2506 3441 2564 iis
3499 2511 3600 2582 qui

184 1861 605 1938 συγ-τραφέντων
636 1859 802 1932 αὐτῷ,
833 1863 1089 1915 τοσαῦτα.

190 2584 324 2636 ante
352 2595 460 2636 nos
492 2579 748 2649 fuerunt,
772 2578 1011 2650 cogniti.
1046 2578 1152 2634 Sed
1176 2579 1246 2634 de
1278 2577 1550 2646 Dionysio
1573 2576 1962 2648 operibusque
1995 2576 2124 2647 ejus
2157 2577 2272 2634 haec
2308 2579 2455 2635 satis
2485 2582 2623 2638 sint.

801 2690 1055 2740 ΚΕΦΑᾹ.
1101 2687 1223 2741 KA'.

196 2779 309 2838 Ὠς
353 2778 531 2859 ᾑτοῦ
580 2780 753 2859 ’Θεοῦ
798 2776 1033 2859 Μῄτηρ
1082 2780 1270 2859 νόμιῳ
1315 2773 1556 2850 φύσεως
1585 2773 1834 2859 ,τεθνη-

269 2847 642 2922 κυῖα,πρὸς
683 2845 1350 2922 τὰςΑῷπερκοσμίους
1402 2845 1648 2916 σκηνὰς
1700 2865 1832 2898 σω-

272 2919 568 2994 ματιλᾶίς
602 2919 957 2994 μετετέθη.

262 3029 389 3084 Κατ’
443 3026 614 3083 ἒκεῖνο
674 3025 731 3082 δὲ
786 3030 998 3100 καιροῦ,
1059 3022 1334 3082 Κλαυδὶου
1391 3023 1642 3098 πέμπτον
1709 3021 1831 3087 ἔτος

193 3116 440 3182 ἀνύοντος
494 3120 564 3191 τῇ
625 3117 794 3191 ἀρχῇ,
854 3113 968 3170 ἐπεὶ
1026 3115 1126 3183 τὴν
1195 3115 1462 3188 πάναγνον
1538 3117 1634 3167 τοῦ
1695 3115 1828 3168 Θεοῦ

192 3207 370 3282 Λόγου
434 3205 644 3281 μητέρα
697 3207 930 3261 θανάτου
981 3208 1271 3278 μετασχεῖν
1325 3198 1430 3258 ἔδει
1480 3203 1588 3274 (δτι
1627 3223 1688 3278 γε
1736 3199 1825 3255 καὶ

193 3297 219 3351 ὁ
249 3297 449 3366 ταύτης
483 3297 608 3357 Υἱὸς
637 3299 814 3370 κυρῶν
844 3316 906 3349 το
937 3294 1221 3368 ἄνθρωπος
1257 3293 1390 3348 εἶναι
1425 3292 1498 3354 ὡς
1546 3291 1821 3361 ἀληθῶς),

192 3385 287 3442 οὐκ
335 3384 539 3462 ἔξωρος
571 3384 628 3440 δὲ
676 3383 778 3459 ἄρα
825 3385 911 3455 ἦν,
963 3385 1254 3455 ἑξηκοστοῦ
1301 3385 1402 3457 γὰρ
1453 3382 1568 3443 ἑνὸς
1613 3379 1826 3443 δέοντος

189 3477 393 3551 χρόνου
424 3475 764 3552 γεγενημένη
822 3479 1033 3548 μυεῖται
1087 3473 1180 3543 μὲν
1230 3471 1296 3526 δι’
1348 3470 1579 3547 ἀγγέλου
1625 3469 1684 3525 ἐκ
1735 3475 1831 3525 τοῦ

191 3565 314 3620 Υἱοῦ
359 3567 424 3621 τὸ
484 3566 620 3640 πρὸς
678 3563 838 3619 αὐτὸν
885 3560 1164 3635 ἐνδημεῖν,
1212 3560 1347 3615 καθὰ
1406 3560 1495 3615 καὶ
1547 3560 1832 3635 πρότεροι,

193 3654 426 3724 ὁπηνίκα
459 3658 648 3731 φοιοᾷν
699 3653 835 3726 πρὸς
882 3651 1051 3720 αὐτὴν
1106 3647 1374 3724 ἔμελλεν·
1423 3649 1496 3711 ὡς
1545 3647 1634 3703 οὖν
1690 3647 1829 3723 ἔγνω

190 3743 288 3810 τήν
346 3740 638 3815 ἐκδημίαν,
715 3746 888 3816 χαρᾶς
955 3737 1196 3813 ἆῤῥῆτου
1256 3736 1568 3811 πίμπλαται
1618 3737 1728 3810 (καὶ
1778 3735 1830 3791 τί

191 3830 286 3906 γὰρ
330 3829 491 3900 ἥδιον
541 3828 712 3904 ἒκείνῃ
757 3831 794 3901 ἢ
845 3835 924 3902 τῷ
968 3829 1075 3898 Υἱῷ
1132 3831 1366 3882 συνεῖναι
1411 3825 1502 3880 καὶ
1555 3824 1824 3900 βασιλεῖς)

192 3924 336 3994 φῶτα
383 3921 570 3976 τοίνυν
610 3920 879 3993 εἰσήγετο.
913 3920 948 3988 ἡ
996 3916 1140 3972 οέκία
1185 3937 1243 3971 τε
1294 3914 1574 3991 έσαροῦτο,
1628 3915 1716 3969 καὶ
1763 3915 1824 3970 τὸ

189 4017 465 4083 προσῆκον
498 4011 653 4086 γένει,
707 4008 780 4071 ὠς
826 4008 992 4080 εἰκὸς,
1047 4005 1455 4081 μετεστέλλετο,
1505 4005 1592 4060 καὶ
1636 4004 1827 4078 ηὐτρέ-

187 4119 341 4154 πιστο
370 4100 510 4173 πρὸς
540 4101 640 4169 τὴν
672 4094 877 4171 ἔξοδον,
925 4099 1027 4168 τήν
1068 4117 1125 4152 τε
1177 4096 1374 4170 μύησιν
1421 4100 1536 4157 τοῖς
1585 4099 1824 4150 συνιοῦσι

190 4184 361 4260 δήλην
396 4186 586 4248 ἒτέθει.
621 4188 763 4264 Πρὸς
795 4186 851 4242 δὲ
882 4187 971 4242 καὶ
1000 4187 1063 4242 τὸ
1093 4187 1253 4257 νίκης
1285 4189 1382 4242 τοῦ
1433 4185 1661 4240 θανάτου
1691 4185 1823 4260 τρό-

187 4298 365 4349 παιον,
431 4278 673 4354 φοίνικος
735 4274 791 4331 δὲ
856 4280 1020 4332 τοῦτο
1077 4276 1144 4345 ἢν
1201 4272 1424 4343 κλάδος,
1493 4271 1820 4331 ὑπεδείκνυε.

187 4371 286 4421 Τοῦ
329 4365 384 4423 δὲ
431 4371 627 4442 καιροῦ
685 4365 1022 4437 έπιστάντας,
1069 4365 1118 4421 ἒν
1150 4368 1219 4438 τῇ
1257 4366 1394 4418 Σιὼν
1447 4361 1532 4418 ἐπὶ
1584 4364 1822 4436 σκίμπο-

191 4452 276 4517 δος
333 4455 666 4513 ἀνεκλίνετο.
720 4457 824 4511 Καὶ
881 4460 1059 4529 παρῆν
1123 4457 1214 4526 μὲν
1266 4454 1520 4522 Ἰωάννης
1553 4453 1580 4507 ὁ
1623 4453 1824 4522 ταύτην

191 4545 642 4620 εἷ’σοικισσὶμενος,
685 4546 778 4601 καὶ
825 4544 951 4600 ὅσον
999 4543 1052 4598 ἓν
1102 4541 1506 4618 Ἰεροσολύμοις
1551 4538 1820 4620 διαφανὲς,

191 4635 244 4690 αἳ
275 4660 332 4693 τε
361 4639 522 4714 φίλαι
551 4638 643 4693 καὶ
675 4638 816 4712 γένει
863 4637 1257 4710 προσήκουσαι.
1307 4633 1410 4689 Καὶ
1460 4636 1538 4704 τῷ
1574 4631 1822 4706 παρθένῳ

2458 2688 2494 2742 Ι
2509 2687 2626 2745 68
2659 2690 2890 2749 CAPUT
2929 2697 3088 2754 XXI.

1947 2773 2009 2830 Ut
2038 2776 2155 2845 ipsa
2185 2775 2280 2858 _De_i
2312 2775 2566 2858 Genetrix
2596 2784 2958 2858 naturagplege
2989 2795 3227 2858 mortua,
3260 2791 3332 2846 ad
3358 2795 3599 2854 caelestia

2189 2847 2544 2906 tabernacula
2565 2847 3021 2929 corporaliteigsit
3044 2847 3345 2921 translata.

2009 3029 2088 3083 Eo
2119 3032 2398 3103 tempore,
2451 3049 2583 3088 cum
2631 3035 2907 3094 Claudius
2957 3041 3230 3112 quintum
3283 3047 3597 3121 imperaret

1935 3135 2180 3185 annum,
2213 3123 2268 3174 et
2298 3121 2736 3180 immaculatam
2766 3128 3050 3186 DeiVerbi
3075 3132 3320 3192 Matrem
3345 3147 3592 3200 mortem

1930 3206 2091 3264 obire
2171 3216 2454 3280 oporteret
2528 3214 3027 3288 (quandoquidem
3097 3232 3151 3280 et
3218 3231 3399 3288 Filius
3458 3236 3596 3304 ejus,

1935 3310 2137 3353 verum
2169 3316 2230 3355 se
2263 3300 2559 3358 hominem
2599 3321 2726 3361 esse
2778 3311 3038 3380 probavit
3085 3323 3140 3373 et
3191 3300 3593 3398 confirmavit),

1943 3386 2011 3440 ad
2045 3389 2414 3457 grandiorem
2447 3397 2643 3448 autem
2703 3397 2936 3454 exoletas
2991 3410 3312 3464 senectutis
3369 3386 3590 3470 (etatem

1945 3491 2058 3530 non
2117 3484 2454 3547 pervenerat
2507 3498 2520 3535 :
2571 3485 3154 3559 undesexagesimum
3203 3499 3354 3553 enim
3414 3516 3593 3571 agens

1938 3580 2184 3635 annum,
2218 3568 2490 3624 nuntium
2524 3587 2557 3626 a
2587 3571 2752 3642 Filio,
2786 3592 2887 3647 per
2917 3581 3213 3656 angelum,
3262 3587 3330 3642 de
3379 3568 3594 3662 migra-

1939 3654 2096 3710 tione
2118 3660 2174 3711 et
2196 3658 2445 3714 adventu
2471 3661 2538 3715 ad
2565 3677 2627 3717 se
2666 3665 2812 3734 ejus,
2857 3668 2937 3724 ita
2975 3675 3040 3724 ut:
3079 3654 3248 3731 antea
3278 3692 3412 3734 cum
3463 3654 3592 3752 ipse

1939 3746 2010 3799 ad
2043 3761 2164 3800 eam
2196 3752 2471 3802 venturus
2503 3749 2708 3819 fuerat,
2739 3756 2966 3827 accipit.
3012 3762 3209 3834 Itaque
3249 3746 3592 3836 migratione

1937 3851 2045 3888 sua
2076 3835 2146 3890 ad
2182 3836 2332 3892 hunc
2367 3839 2604 3895 modum
2639 3844 2869 3910 cognita
2901 3848 3000 3916 (2),
3025 3848 3315 3911 immensa
3338 3835 3592 3929 repletur

1934 3923 2129 3979 laetitia
2158 3925 2319 3996 (quid
2357 3927 2506 3983 enim
2541 3929 2773 3987 dulcius
2804 3934 2876 4000 ei,
2923 3953 3102 4008 quam
3155 3948 3218 3998 ut
3265 3923 3418 4001 cum-
3447 3948 3588 4004 Filio

1935 4017 1992 4067 et
2018 4028 2148 4084 rege
2171 4031 2276 4069 suo
2299 4019 2470 4084 esset,
2493 4019 2924 4095 contingeret?)
2952 4042 2965 4092 ;
3001 4026 3194 4084 lumen
3230 4034 3300 4088 ad
3337 4051 3464 4092 eam
3498 4039 3591 4095 in-

1935 4099 2136 4170 fertur,
2173 4102 2382 4158 domus
2415 4111 2711 4178 purgatur,
2755 4125 2962 4182 genere
3018 4119 3349 4193 propinqui,
3385 4129 3451 4182 ut
3484 4145 3588 4198 par

1933 4195 2075 4256 erat,
2110 4197 2508 4262 accersuntur,
2541 4197 2764 4270 riteque
2795 4207 2851 4256 et
2881 4205 3083 4262 ordine
3131 4225 3254 4280 quas
3306 4215 3376 4269 ad
3422 4195 3589 4274 tran-

1933 4279 2200 4335 sitionem
2259 4297 2386 4336 eam
2447 4285 2758 4355 pertinent,
2819 4305 3217 4364 praeparantur
3261 4318 3274 4355 :
3312 4305 3589 4362 nuntium

1932 4369 2108 4423 etiam
2142 4369 2262 4437 illa,
2291 4388 2466 4442 quem
2501 4382 2813 4448 acceperat,
2849 4379 2920 4435 iis
2952 4385 3050 4453 qui
3082 4385 3232 4452 {cum
3286 4405 3353 4445 ea
3401 4399 3587 4460 erant,

1932 4458 2190 4528 exponit,
2251 4464 2307 4514 et
2367 4468 2644 4531 praeterea
2719 4470 2967 4525 victorias
3041 4475 3244 4530 mortis
3303 4458 3586 4551 tropaeum

1933 4546 2075 4617 (erat
2107 4552 2295 4603 autem
2333 4549 2540 4618 palmae
2594 4560 2818 4628 ramus)
2850 4565 3161 4618 monstrat.
3217 4546 3413 4622 Etiam-
3450 4574 3590 4626 tem-

1933 4653 2046 4707 pus
2076 4636 2352 4702 instabat,
2393 4656 2526 4695 cum
2562 4641 2620 4696 in
2664 4643 2799 4699 Sion
2845 4664 3022 4719 super
3077 4651 3386 4711 humiliore
3441 4657 3589 4714 lecto

191 4725 279 4782 σὺν
319 4713 519 4790 ἄλλοις
569 4730 604 4797 ἡ
656 4727 921 4800 Παρθένος
980 4723 1254 4791 ἐπέταττε,
1299 4721 1426 4783 τοὺς
1479 4719 1576 4776 δύο
1624 4721 1826 4792 ταύτης

1944 4726 2240 4796 reponitur
2275 4743 2287 4782 :
2323 4733 2380 4782 et
2414 4731 2614 4785 aderat
2642 4731 2922 4806 Joannes,
2955 4740 3050 4809 qui
3084 4757 3211 4796 eam
3260 4745 3418 4800 domi
3467 4765 3591 4803 suae

193 4821 424 4890 χιτῶνας
481 4822 599 4879 ταῖς
653 4813 713 4870 ἒκ
768 4814 1026 4892 γειτόνων
1079 4816 1284 4888 χήραις
1339 4809 1396 4865 α⁹ί
1442 4815 1550 4865 τῶν
1620 4809 1828 4866 λοιπῶν

194 4901 552 4984 διαφερόντως
609 4905 744 4974 ἦσαν
804 4903 974 4977 ταύτῃ
1033 4903 1440 4974 προσκείμεναι,
1498 4903 1826 4973 παρασχεῖν.

195 4995 444 5070 Δακρύων
476 4993 562 5050 ἒπὶ
595 4994 810 5056 τούτοις
839 4993 1000 5068 χύσις
1048 4989 1190 5067 ἔῤῥει
1231 4988 1442 5059 πολλῆ,
1472 4989 1571 5057 τὴν
1618 4985 1826 5057 ἐκείνης

194 5083 439 5160 στέρησιν
488 5086 704 5140 πάντων
753 5079 1121 5156 ὀδυρομένων.
1172 5079 1306 5137 Εἶτα
1352 5078 1558 5134 κάτεισι
1613 5078 1708 5150 μὶν
1741 5077 1830 5132 οὐ·

260 5284 336 5356 (1)
369 5284 477 5352 Qui
508 5283 875 5340 hicrarchiam
905 5279 1184 5361 nominat,
1205 5294 1333 5361 .uno
1362 5278 1535 5361 verbo
1566 5293 1829 5361 summa-

194 5351 294 5412 tim
320 5373 515 5413 rerum
546 5371 839 5412 sacrarum
878 5353 1139 5408 omnium
1189 5351 1625 5421 dispositionem
1676 5351 1832 5404 ordi-

197 5427 856 5503 natam_abs_olutamque
888 5425 1046 5503 dici_t_.
1079 5424 1150 5503 _Et
1192 5423 1294 5494 qui
1342 5422 1690 5503 hierarcham
1736 5437 1833 5476 vo-

197 5507 302 5569 cat,
350 5501 603 5555 Numine
640 5495 928 5575 uitiatum,
979 5495 1360 5575 divinumque
1403 5495 1613 5575 virum,
1655 5509 1831 5575 sacrae

197 5565 540 5647 cognitionis
571 5571 820 5647 peritum
855 5565 1167 5647 significat;
1219 5565 1477 5647 (Dionysi.
1527 5567 1831 5647 Areopag.)

287 5635 338 5713 2)
369 5645 525 5720 _Hier,
558 5635 637 5720 1'x_,
665 5643 737 5720 ad
768 5635 1003 5720 Paulam
1037 5643 1094 5694 et
1122 5635 1499 5720 Eustochium
1531 5652 1542 5690 :
1575 5658 1606 5720 _«
1659 5637 1736 5692 Ne
1780 5637 1833 5720 si

198 5708 411 5772 venerit
447 5708 655 5772 vestris
702 5713 762 5766 in
807 5710 1074 5766 manibus
1119 5709 1265 5762 illud
1321 5708 1713 5778 apocryphum
1763 5709 1834 5763 de

513 5816 768 5875 PATROL.
813 5815 925 5874 Gn.
971 5809 1191 5873 CXLV.

1945 4815 2198 4871 foverat:
2234 4820 2289 4872 et
2338 4824 2620 4888 praeterea
2673 4825 2955 4898 quidquid
3008 4829 3420 4906 Hierosolymis
3469 4841 3593 4893 erat:

1937 4904 2286 4961 feminarum
2355 4907 2767 4983 celebriorum,
2801 4931 2926 4985 quea
2957 4918 3043 4972 vel
3091 4904 3301 4977 amoris
3349 4926 3595 4981 necessi-

1937 4993 2166 5061 tudine,
2222 4997 2308 5052 vel
2370 4999 2596 5069 generis
2671 5003 3104 5076 propinquitate
3163 5009 3212 5064 ei
3274 5013 3590 5082 conjuncta:

1940 5087 2155 5138 essent.
2199 5083 2349 5140 Tum
2380 5086 2592 5158 virgini
2622 5090 2906 5163 discipulo
2939 5099 2994 5151 et
3038 5097 3240 5156 itidem
3289 5100 3418 5159 aliis
3464 5102 3594 5176 ipsa

1945 5281 2188 5374 Erepsitu
2224 5281 2430 5374 Marias.
2448 5286 2629 5373 beatas
2659 5291 2921 5374 gloriosae
2944 5313 3290 5374 semperque
3311 5303 3591 5374 Virginis,

1943 5351 2257 5435 dubiapro
2291 5358 2465 5413 certis
2498 5351 2786 5431 recipiatis
2819 5382 2832 5420 :
2868 5351 3592 5435 quoaiﬁaiii'iaiiifér‘iiﬁi

1943 5429 2180 5518 pietatis
2212 5444 2426 5518 amore,
2463 5429 2654 5489 studio
2688 5429 3193 5518 legend'i__c_har_i_us_
3228 5429 3593 5518 amplectar;-

1942 5497 2087 5591 tur‘:
2125 5501 2446 5591 praesertim
2476 5519 2607 5586 cum
2643 5522 2710 5560 ex
2728 5497 2830 5591 his
2867 5511 3009 5591 nihil
3043 5497 3195 5591 aliud
3229 5497 3593 5591 ett—primipo-

1942 5568 2060 5620 test
2088 5584 2192 5637 pro
2224 5576 2398 5641 certo,
2431 5573 2542 5630 nisi
2592 5581 2743 5648 quod
2797 5580 3074 5640 hodierna
3107 5568 3214 5643 die
3235 5568 3593 5664 Evagrii/ii}

1943 5650 2201 5710 corpore.
2222 5662 2250 5690 ››

2121 5656 2201 5694 re.
2222 5662 2250 5690 ὶ)

3193 5835 3272 5890 26
