  <div class='ocr_page' id='page_1' title='image "/cluster/home/n/w/nwhite01/storage/ocr_20150623/145/mdp.39015061167048/413.png"; bbox 0 0 4070 6274; ppageno 0'>
   <div class='ocr_carea' id='block_1_1' title="bbox 450 362 565 426">
    <p class='ocr_par' dir='ltr' id='par_1_1' title="bbox 450 362 565 426">
     <span class='ocr_line' id='line_1_1' title="bbox 450 362 565 426; baseline -0.017 -1"><span class='ocrx_word' id='word_1_1' title='bbox 450 362 565 426; x_wconf 82' lang='lat' dir='ltr'><strong>8H</strong></span> 
     </span>
    </p>
   </div>
   <div class='ocr_carea' id='block_1_2' title="bbox 1750 354 2563 419">
    <p class='ocr_par' dir='ltr' id='par_1_2' title="bbox 1750 354 2563 419">
     <span class='ocr_line' id='line_1_2' title="bbox 1750 354 2563 419; baseline -0.001 0"><span class='ocrx_word' id='word_1_2' title='bbox 1750 355 2167 419; x_wconf 79' lang='lat' dir='ltr'><strong>NICEPHORI</strong></span> <span class='ocrx_word' id='word_1_3' title='bbox 2208 354 2563 419; x_wconf 82' lang='lat' dir='ltr'><strong>CALLISTI</strong></span> 
     </span>
    </p>
   </div>
   <div class='ocr_carea' id='block_1_3' title="bbox 3731 355 3878 417">
    <p class='ocr_par' dir='ltr' id='par_1_3' title="bbox 3731 355 3878 417">
     <span class='ocr_line' id='line_1_3' title="bbox 3731 355 3878 417; baseline 0 -1"><span class='ocrx_word' id='word_1_4' title='bbox 3731 355 3878 417; x_wconf 70' lang='lat'><strong>812</strong></span> 
     </span>
    </p>
   </div>
   <div class='ocr_carea' id='block_1_4' title="bbox 447 485 2116 577">
    <p class='ocr_par' dir='ltr' id='par_1_4' title="bbox 447 490 2085 571">
     <span class='ocr_line' id='line_1_4' title="bbox 447 490 2085 571; baseline -0.005 -15"><span class='ocrx_word' id='word_1_5' title='bbox 447 497 611 571; x_wconf 86' lang='lat' dir='ltr'><strong>virgo</strong></span> <span class='ocrx_word' id='word_1_6' title='bbox 642 495 922 570; x_wconf 64' lang='lat' dir='ltr'><strong>praecipit,</strong></span> <span class='ocrx_word' id='word_1_7' title='bbox 956 494 1185 550; x_wconf 90' lang='lat' dir='ltr'><strong>utduas</strong></span> <span class='ocrx_word' id='word_1_8' title='bbox 1218 494 1343 565; x_wconf 85' lang='lat' dir='ltr'><strong>ejus</strong></span> <span class='ocrx_word' id='word_1_9' title='bbox 1374 490 1598 549; x_wconf 83' lang='lat' dir='ltr'><strong>tunicas</strong></span> <span class='ocrx_word' id='word_1_10' title='bbox 1640 491 1845 549; x_wconf 86' lang='lat' dir='ltr'><strong>vicinis</strong></span> <span class='ocrx_word' id='word_1_11' title='bbox 1873 492 2085 561; x_wconf 82' lang='lat' dir='ltr'><strong>viduis,</strong></span> 
     </span>
    </p>
   </div>
   <div class='ocr_carea' id='block_1_5' title="bbox 2231 485 3877 577">
    <p class='ocr_par' dir='ltr' id='par_1_5' title="bbox 2237 485 3877 577">
     <span class='ocr_line' id='line_1_5' title="bbox 2237 485 3877 577; baseline 0.001 -33"><span class='ocrx_word' id='word_1_12' title='bbox 2237 490 2419 544; x_wconf 86' lang='grc' dir='ltr'>ανόθεν</span> <span class='ocrx_word' id='word_1_13' title='bbox 2454 490 2482 544; x_wconf 87' lang='grc' dir='ltr'>ὁ</span> <span class='ocrx_word' id='word_1_14' title='bbox 2510 488 2711 560; x_wconf 78' lang='grc' dir='ltr'>ταύτης</span> <span class='ocrx_word' id='word_1_15' title='bbox 2743 489 2868 577; x_wconf 75' lang='grc' dir='ltr'>Υἱὸς</span> <span class='ocrx_word' id='word_1_16' title='bbox 2909 487 3001 544; x_wconf 76' lang='grc' dir='ltr'><strong>σὺν</strong></span> <span class='ocrx_word' id='word_1_17' title='bbox 3050 485 3302 577; x_wconf 80' lang='grc' dir='ltr'>ἀγγέλων</span> <span class='ocrx_word' id='word_1_18' title='bbox 3356 487 3566 565; x_wconf 77' lang='grc' dir='ltr'><strong>ἀπείρῳ</strong></span> <span class='ocrx_word' id='word_1_19' title='bbox 3616 492 3877 563; x_wconf 72' lang='grc' dir='ltr'>στρατῷ,</span> 
     </span>
    </p>
   </div>
   <div class='ocr_carea' id='block_1_6' title="bbox 455 582 2112 660">
    <p class='ocr_par' dir='ltr' id='par_1_6' title="bbox 455 582 2112 660">
     <span class='ocr_line' id='line_1_6' title="bbox 455 582 2112 660; baseline -0.004 -16"><span class='ocrx_word' id='word_1_20' title='bbox 455 604 588 660; x_wconf 67' lang='lat' dir='ltr'><strong>qua</strong></span> <span class='ocrx_word' id='word_1_21' title='bbox 620 591 829 660; x_wconf 65' lang='lat' dir='ltr'><strong>prater</strong></span> <span class='ocrx_word' id='word_1_22' title='bbox 858 590 1093 642; x_wconf 66' lang='lat' dir='ltr'><strong>caterua</strong></span> <span class='ocrx_word' id='word_1_23' title='bbox 1141 582 1521 656; x_wconf 87' lang='lat' dir='ltr'><strong>propensiore</strong></span> <span class='ocrx_word' id='word_1_24' title='bbox 1549 597 1688 654; x_wconf 85' lang='lat' dir='ltr'><strong>erga</strong></span> <span class='ocrx_word' id='word_1_25' title='bbox 1735 598 1865 640; x_wconf 88' lang='lat' dir='ltr'><strong>eam</strong></span> <span class='ocrx_word' id='word_1_26' title='bbox 1914 598 2112 638; x_wconf 90' lang='lat' dir='ltr'><strong>amore</strong></span> 
     </span>
    </p>
   </div>
   <div class='ocr_carea' id='block_1_7' title="bbox 448 670 2111 749">
    <p class='ocr_par' dir='ltr' id='par_1_7' title="bbox 448 670 2111 749">
     <span class='ocr_line' id='line_1_7' title="bbox 448 670 2111 749; baseline -0.005 -15"><span class='ocrx_word' id='word_1_27' title='bbox 448 682 627 749; x_wconf 89' lang='lat' dir='ltr'><strong>atque</strong></span> <span class='ocrx_word' id='word_1_28' title='bbox 670 677 877 747; x_wconf 79' lang='lat' dir='ltr'><strong>pietate</strong></span> <span class='ocrx_word' id='word_1_29' title='bbox 925 674 1196 739; x_wconf 81' lang='lat' dir='ltr'><strong>fuissent,</strong></span> <span class='ocrx_word' id='word_1_30' title='bbox 1246 673 1485 728; x_wconf 91' lang='lat' dir='ltr'><strong>donent.</strong></span> <span class='ocrx_word' id='word_1_31' title='bbox 1532 672 1652 726; x_wconf 86' lang='lat' dir='ltr'><strong>Sub</strong></span> <span class='ocrx_word' id='word_1_32' title='bbox 1702 670 1829 728; x_wconf 66' lang='lat' dir='ltr'><strong>haec</strong></span> <span class='ocrx_word' id='word_1_33' title='bbox 1884 671 1972 726; x_wconf 88' lang='lat' dir='ltr'><strong>vis</strong></span> <span class='ocrx_word' id='word_1_34' title='bbox 2025 671 2111 726; x_wconf 90' lang='lat' dir='ltr'><strong>la-</strong></span> 
     </span>
    </p>
   </div>
   <div class='ocr_carea' id='block_1_8' title="bbox 449 758 2115 838">
    <p class='ocr_par' dir='ltr' id='par_1_8' title="bbox 449 758 2115 838">
     <span class='ocr_line' id='line_1_8' title="bbox 449 758 2115 838; baseline -0.004 -17"><span class='ocrx_word' id='word_1_35' title='bbox 449 781 781 838; x_wconf 89' lang='lat' dir='ltr'><strong>crymarum</strong></span> <span class='ocrx_word' id='word_1_36' title='bbox 815 764 1019 834; x_wconf 80' lang='lat' dir='ltr'><strong>ingens</strong></span> <span class='ocrx_word' id='word_1_37' title='bbox 1071 779 1140 819; x_wconf 93' lang='lat' dir='ltr'><strong>ex</strong></span> <span class='ocrx_word' id='word_1_38' title='bbox 1180 760 1366 817; x_wconf 91' lang='lat' dir='ltr'><strong>oculis</strong></span> <span class='ocrx_word' id='word_1_39' title='bbox 1390 762 1657 816; x_wconf 90' lang='lat' dir='ltr'><strong>omnium</strong></span> <span class='ocrx_word' id='word_1_40' title='bbox 1681 760 1940 831; x_wconf 81' lang='lat' dir='ltr'><strong>proﬂuit,</strong></span> <span class='ocrx_word' id='word_1_41' title='bbox 1964 758 2115 816; x_wconf 85' lang='lat' dir='ltr'><strong>orbi-</strong></span> 
     </span>
    </p>
   </div>
   <div class='ocr_carea' id='block_1_9' title="bbox 448 848 2111 931">
    <p class='ocr_par' dir='ltr' id='par_1_9' title="bbox 448 848 2111 931">
     <span class='ocr_line' id='line_1_9' title="bbox 448 848 2111 931; baseline -0.004 -22"><span class='ocrx_word' id='word_1_42' title='bbox 448 857 625 909; x_wconf 87' lang='lat' dir='ltr'><strong>tatem</strong></span> <span class='ocrx_word' id='word_1_43' title='bbox 682 868 853 908; x_wconf 88' lang='lat' dir='ltr'><strong>suam</strong></span> <span class='ocrx_word' id='word_1_44' title='bbox 928 850 1277 923; x_wconf 91' lang='lat' dir='ltr'><strong>migratione</strong></span> <span class='ocrx_word' id='word_1_45' title='bbox 1347 848 1509 905; x_wconf 90' lang='lat' dir='ltr'><strong>illius</strong></span> <span class='ocrx_word' id='word_1_46' title='bbox 1589 848 2111 931; x_wconf 52' lang='lat' dir='ltr'><strong>complorantium:</strong></span> 
     </span>
    </p>
   </div>
   <div class='ocr_carea' id='block_1_10' title="bbox 446 936 2115 1010">
    <p class='ocr_par' dir='ltr' id='par_1_10' title="bbox 446 936 2115 1010">
     <span class='ocr_line' id='line_1_10' title="bbox 446 936 2115 1010; baseline -0.002 -12"><span class='ocrx_word' id='word_1_47' title='bbox 446 941 664 998; x_wconf 83' lang='lat' dir='ltr'>Deinde</span> <span class='ocrx_word' id='word_1_48' title='bbox 717 942 948 998; x_wconf 80' lang='lat' dir='ltr'><strong>cmlitus</strong></span> <span class='ocrx_word' id='word_1_49' title='bbox 1022 940 1206 997; x_wconf 87' lang='lat' dir='ltr'><strong>Filius</strong></span> <span class='ocrx_word' id='word_1_50' title='bbox 1271 941 1418 1010; x_wconf 88' lang='lat' dir='ltr'><strong>ejus,</strong></span> <span class='ocrx_word' id='word_1_51' title='bbox 1489 956 1623 997; x_wconf 90' lang='lat' dir='ltr'><strong>cum</strong></span> <span class='ocrx_word' id='word_1_52' title='bbox 1698 936 2115 995; x_wconf 84' lang='lat' dir='ltr'><strong>innumerabill</strong></span> 
     </span>
    </p>
   </div>
   <div class='ocr_carea' id='block_1_11' title="bbox 445 1028 2115 1104">
    <p class='ocr_par' dir='ltr' id='par_1_11' title="bbox 445 1028 2115 1104">
     <span class='ocr_line' id='line_1_11' title="bbox 445 1028 2115 1104; baseline -0.003 -16"><span class='ocrx_word' id='word_1_53' title='bbox 445 1030 784 1104; x_wconf 77' lang='lat' dir='ltr'><strong>angelorum</strong></span> <span class='ocrx_word' id='word_1_54' title='bbox 815 1032 1073 1087; x_wconf 88' lang='lat' dir='ltr'><strong>exercitu</strong></span> <span class='ocrx_word' id='word_1_55' title='bbox 1096 1030 1420 1090; x_wconf 88' lang='lat' dir='ltr'><strong>descendit.</strong></span> <span class='ocrx_word' id='word_1_56' title='bbox 1456 1030 1716 1085; x_wconf 88' lang='lat' dir='ltr'><strong>animam</strong></span> <span class='ocrx_word' id='word_1_57' title='bbox 1770 1028 1925 1085; x_wconf 88' lang='lat' dir='ltr'><strong>illius</strong></span> <span class='ocrx_word' id='word_1_58' title='bbox 1969 1045 2115 1085; x_wconf 85' lang='lat' dir='ltr'><strong>san-</strong></span> 
     </span>
    </p>
   </div>
   <div class='ocr_carea' id='block_1_12' title="bbox 442 1119 2109 1191">
    <p class='ocr_par' dir='ltr' id='par_1_12' title="bbox 442 1119 2109 1191">
     <span class='ocr_line' id='line_1_12' title="bbox 442 1119 2109 1191; baseline -0.004 -13"><span class='ocrx_word' id='word_1_59' title='bbox 442 1128 594 1178; x_wconf 88' lang='lat' dir='ltr'><strong>ctam</strong></span> <span class='ocrx_word' id='word_1_60' title='bbox 627 1137 867 1191; x_wconf 80' lang='lat' dir='ltr'><strong>prorsus</strong></span> <span class='ocrx_word' id='word_1_61' title='bbox 892 1125 950 1175; x_wconf 90' lang='lat' dir='ltr'><strong>et</strong></span> <span class='ocrx_word' id='word_1_62' title='bbox 979 1120 1238 1175; x_wconf 89' lang='lat' dir='ltr'><strong>divinam</strong></span> <span class='ocrx_word' id='word_1_63' title='bbox 1278 1123 1732 1190; x_wconf 88' lang='lat' dir='ltr'><strong>assumptnrus:</strong></span> <span class='ocrx_word' id='word_1_64' title='bbox 1763 1122 1823 1174; x_wconf 90' lang='lat' dir='ltr'><strong>et</strong></span> <span class='ocrx_word' id='word_1_65' title='bbox 1855 1119 2109 1174; x_wconf 89' lang='lat' dir='ltr'><strong>tonitrus</strong></span> 
     </span>
    </p>
   </div>
   <div class='ocr_carea' id='block_1_13' title="bbox 443 1207 2113 1282">
    <p class='ocr_par' dir='ltr' id='par_1_13' title="bbox 443 1207 2113 1282">
     <span class='ocr_line' id='line_1_13' title="bbox 443 1207 2113 1282; baseline -0.002 -15"><span class='ocrx_word' id='word_1_66' title='bbox 443 1218 617 1282; x_wconf 85' lang='lat' dir='ltr'><strong>atque</strong></span> <span class='ocrx_word' id='word_1_67' title='bbox 650 1210 832 1266; x_wconf 85' lang='lat' dir='ltr'><strong>nimbi</strong></span> <span class='ocrx_word' id='word_1_68' title='bbox 862 1209 1059 1266; x_wconf 78' lang='lat' dir='ltr'><strong>sonitu</strong></span> <span class='ocrx_word' id='word_1_69' title='bbox 1094 1208 1405 1264; x_wconf 75' lang='lat' dir='ltr'><strong>confestim</strong></span> <span class='ocrx_word' id='word_1_70' title='bbox 1457 1223 1527 1262; x_wconf 83' lang='lat' dir='ltr'><strong>ex</strong></span> <span class='ocrx_word' id='word_1_71' title='bbox 1573 1207 1795 1263; x_wconf 83' lang='lat' dir='ltr'><strong>ﬁnibus</strong></span> <span class='ocrx_word' id='word_1_72' title='bbox 1839 1207 2113 1263; x_wconf 89' lang='lat' dir='ltr'><strong>omnibus</strong></span> 
     </span>
    </p>
   </div>
   <div class='ocr_carea' id='block_1_14' title="bbox 448 1294 2113 1370">
    <p class='ocr_par' dir='ltr' id='par_1_14' title="bbox 448 1294 2113 1370">
     <span class='ocr_line' id='line_1_14' title="bbox 448 1294 2113 1370; baseline -0.002 -14"><span class='ocrx_word' id='word_1_73' title='bbox 448 1315 585 1356; x_wconf 89' lang='lat' dir='ltr'><strong>suos</strong></span> <span class='ocrx_word' id='word_1_74' title='bbox 614 1301 926 1370; x_wconf 82' lang='lat' dir='ltr'><strong>congregat</strong></span> <span class='ocrx_word' id='word_1_75' title='bbox 968 1297 1315 1368; x_wconf 88' lang='lat' dir='ltr'><strong>discipulos.</strong></span> <span class='ocrx_word' id='word_1_76' title='bbox 1368 1297 1494 1352; x_wconf 73' lang='lat' dir='ltr'><strong>Haec</strong></span> <span class='ocrx_word' id='word_1_77' title='bbox 1543 1313 1678 1352; x_wconf 92' lang='lat' dir='ltr'><strong>cum</strong></span> <span class='ocrx_word' id='word_1_78' title='bbox 1735 1294 2113 1352; x_wconf 86' lang='lat' dir='ltr'><strong>immaculata</strong></span> 
     </span>
    </p>
   </div>
   <div class='ocr_carea' id='block_1_15' title="bbox 448 1385 2111 1459">
    <p class='ocr_par' dir='ltr' id='par_1_15' title="bbox 448 1385 2111 1459">
     <span class='ocr_line' id='line_1_15' title="bbox 448 1385 2111 1459; baseline -0.002 -16"><span class='ocrx_word' id='word_1_79' title='bbox 448 1403 685 1459; x_wconf 84' lang='lat' dir='ltr'><strong>prorsus</strong></span> <span class='ocrx_word' id='word_1_80' title='bbox 714 1388 892 1458; x_wconf 88' lang='lat' dir='ltr'><strong>Virgo</strong></span> <span class='ocrx_word' id='word_1_81' title='bbox 922 1386 1121 1455; x_wconf 88' lang='lat' dir='ltr'><strong>sciret,</strong></span> <span class='ocrx_word' id='word_1_82' title='bbox 1164 1385 1478 1457; x_wconf 88' lang='lat' dir='ltr'><strong>unicuique</strong></span> <span class='ocrx_word' id='word_1_83' title='bbox 1523 1401 1651 1456; x_wconf 80' lang='lat' dir='ltr'><strong>quae</strong></span> <span class='ocrx_word' id='word_1_84' title='bbox 1698 1388 1943 1456; x_wconf 85' lang='lat' dir='ltr'><strong>optaret,</strong></span> <span class='ocrx_word' id='word_1_85' title='bbox 1975 1400 2111 1455; x_wconf 90' lang='lat' dir='ltr'><strong>pre-</strong></span> 
     </span>
    </p>
   </div>
   <div class='ocr_carea' id='block_1_16' title="bbox 449 1472 2113 1545">
    <p class='ocr_par' dir='ltr' id='par_1_16' title="bbox 449 1472 2113 1545">
     <span class='ocr_line' id='line_1_16' title="bbox 449 1472 2113 1545; baseline -0.003 -14"><span class='ocrx_word' id='word_1_86' title='bbox 449 1479 627 1545; x_wconf 80' lang='lat' dir='ltr'><strong>catur,</strong></span> <span class='ocrx_word' id='word_1_87' title='bbox 682 1474 1097 1531; x_wconf 89' lang='lat' dir='ltr'><strong>benedictione</strong></span> <span class='ocrx_word' id='word_1_88' title='bbox 1147 1490 1352 1531; x_wconf 89' lang='lat' dir='ltr'><strong>omnes</strong></span> <span class='ocrx_word' id='word_1_89' title='bbox 1401 1474 1677 1545; x_wconf 84' lang='lat' dir='ltr'><strong>dignatur</strong></span> <span class='ocrx_word' id='word_1_90' title='bbox 1725 1480 1779 1528; x_wconf 86' lang='lat' dir='ltr'><strong>et</strong></span> <span class='ocrx_word' id='word_1_91' title='bbox 1836 1472 2113 1528; x_wconf 81' lang='lat' dir='ltr'><strong>extremis</strong></span> 
     </span>
    </p>
   </div>
   <div class='ocr_carea' id='block_1_17' title="bbox 449 1561 2116 1636">
    <p class='ocr_par' dir='ltr' id='par_1_17' title="bbox 449 1561 2116 1636">
     <span class='ocr_line' id='line_1_17' title="bbox 449 1561 2116 1636; baseline -0.001 -18"><span class='ocrx_word' id='word_1_92' title='bbox 449 1563 582 1621; x_wconf 91' lang='lat' dir='ltr'><strong>illos</strong></span> <span class='ocrx_word' id='word_1_93' title='bbox 641 1563 884 1621; x_wconf 85' lang='lat' dir='ltr'><strong>vocibus</strong></span> <span class='ocrx_word' id='word_1_94' title='bbox 944 1562 1282 1636; x_wconf 86' lang='lat' dir='ltr'><strong>compellat,</strong></span> <span class='ocrx_word' id='word_1_95' title='bbox 1337 1562 1466 1622; x_wconf 83' lang='lat' dir='ltr'><strong>vale</strong></span> <span class='ocrx_word' id='word_1_96' title='bbox 1523 1563 1726 1619; x_wconf 90' lang='lat' dir='ltr'><strong>dicens</strong></span> <span class='ocrx_word' id='word_1_97' title='bbox 1770 1561 2116 1634; x_wconf 86' lang='lat' dir='ltr'><strong>:migratio-</strong></span> 
     </span>
    </p>
   </div>
   <div class='ocr_carea' id='block_1_18' title="bbox 449 1650 2114 1725">
    <p class='ocr_par' dir='ltr' id='par_1_18' title="bbox 449 1650 2114 1725">
     <span class='ocr_line' id='line_1_18' title="bbox 449 1650 2114 1725; baseline -0.001 -16"><span class='ocrx_word' id='word_1_98' title='bbox 449 1668 705 1725; x_wconf 88' lang='lat' dir='ltr'><strong>nemque</strong></span> <span class='ocrx_word' id='word_1_99' title='bbox 748 1669 916 1709; x_wconf 88' lang='lat' dir='ltr'><strong>suam</strong></span> <span class='ocrx_word' id='word_1_100' title='bbox 971 1669 1088 1709; x_wconf 91' lang='lat' dir='ltr'><strong>non</strong></span> <span class='ocrx_word' id='word_1_101' title='bbox 1146 1653 1308 1709; x_wconf 91' lang='lat' dir='ltr'><strong>luctu</strong></span> <span class='ocrx_word' id='word_1_102' title='bbox 1361 1653 1588 1722; x_wconf 88' lang='lat' dir='ltr'><strong>eos,sed</strong></span> <span class='ocrx_word' id='word_1_103' title='bbox 1651 1650 1864 1724; x_wconf 90' lang='lat' dir='ltr'><strong>gaudio</strong></span> <span class='ocrx_word' id='word_1_104' title='bbox 1921 1652 2114 1723; x_wconf 88' lang='lat' dir='ltr'><strong>potius</strong></span> 
     </span>
    </p>
   </div>
   <div class='ocr_carea' id='block_1_19' title="bbox 448 1740 2112 1814">
    <p class='ocr_par' dir='ltr' id='par_1_19' title="bbox 448 1740 2112 1814">
     <span class='ocr_line' id='line_1_19' title="bbox 448 1740 2112 1814; baseline -0.001 -17"><span class='ocrx_word' id='word_1_105' title='bbox 448 1742 726 1814; x_wconf 88' lang='lat' dir='ltr'><strong>prosequi</strong></span> <span class='ocrx_word' id='word_1_106' title='bbox 744 1743 910 1812; x_wconf 88' lang='lat' dir='ltr'><strong>jubet</strong></span> <span class='ocrx_word' id='word_1_107' title='bbox 936 1757 949 1798; x_wconf 88' lang='lat'>:</span> <span class='ocrx_word' id='word_1_108' title='bbox 975 1746 1033 1799; x_wconf 90' lang='lat' dir='ltr'><strong>et</strong></span> <span class='ocrx_word' id='word_1_109' title='bbox 1053 1758 1182 1813; x_wconf 66' lang='lat' dir='ltr'><strong>quae</strong></span> <span class='ocrx_word' id='word_1_110' title='bbox 1205 1742 1277 1797; x_wconf 90' lang='lat' dir='ltr'><strong>ad</strong></span> <span class='ocrx_word' id='word_1_111' title='bbox 1298 1740 1605 1812; x_wconf 89' lang='lat' dir='ltr'><strong>exsequias</strong></span> <span class='ocrx_word' id='word_1_112' title='bbox 1628 1740 2112 1811; x_wconf 89' lang='lat' dir='ltr'><strong>sepulturamque</strong></span> 
     </span>
    </p>
   </div>
   <div class='ocr_carea' id='block_1_20' title="bbox 2221 576 3878 654">
    <p class='ocr_par' dir='ltr' id='par_1_20' title="bbox 2221 576 3878 654">
     <span class='ocr_line' id='line_1_20' title="bbox 2221 576 3878 654; baseline 0.004 -24"><span class='ocrx_word' id='word_1_113' title='bbox 2221 580 2407 654; x_wconf 76' lang='grc' dir='ltr'>ψυχὴν</span> <span class='ocrx_word' id='word_1_114' title='bbox 2439 576 2648 649; x_wconf 79' lang='grc' dir='ltr'>ἐκείνης</span> <span class='ocrx_word' id='word_1_115' title='bbox 2676 580 2776 647; x_wconf 78' lang='grc' dir='ltr'><strong>τήν</strong></span> <span class='ocrx_word' id='word_1_116' title='bbox 2818 576 2989 640; x_wconf 80' lang='grc' dir='ltr'>ὅντως</span> <span class='ocrx_word' id='word_1_117' title='bbox 3040 576 3187 634; x_wconf 80' lang='grc' dir='ltr'>θείαν</span> <span class='ocrx_word' id='word_1_118' title='bbox 3232 577 3651 653; x_wconf 71' lang='grc' dir='ltr'>ἂναληψόμενος</span> <span class='ocrx_word' id='word_1_119' title='bbox 3683 598 3697 610; x_wconf 88' lang='grc'><strong>·</strong></span> <span class='ocrx_word' id='word_1_120' title='bbox 3727 578 3878 653; x_wconf 74' lang='grc' dir='ltr'>ἤχῳ</span> 
     </span>
    </p>
   </div>
   <div class='ocr_carea' id='block_1_21' title="bbox 2222 665 3879 744">
    <p class='ocr_par' dir='ltr' id='par_1_21' title="bbox 2222 665 3879 744">
     <span class='ocr_line' id='line_1_21' title="bbox 2222 665 3879 744; baseline 0 -22"><span class='ocrx_word' id='word_1_121' title='bbox 2222 665 2279 722; x_wconf 75' lang='grc' dir='ltr'><strong>δὲ</strong></span> <span class='ocrx_word' id='word_1_122' title='bbox 2331 670 2568 743; x_wconf 83' lang='grc' dir='ltr'>βροντῆς</span> <span class='ocrx_word' id='word_1_123' title='bbox 2611 668 2702 722; x_wconf 77' lang='grc' dir='ltr'><strong>καὶ</strong></span> <span class='ocrx_word' id='word_1_124' title='bbox 2749 667 2983 744; x_wconf 75' lang='grc' dir='ltr'>νεφέλης</span> <span class='ocrx_word' id='word_1_125' title='bbox 3029 668 3223 739; x_wconf 82' lang='grc' dir='ltr'>ἀθρόον</span> <span class='ocrx_word' id='word_1_126' title='bbox 3250 665 3311 723; x_wconf 81' lang='grc' dir='ltr'><strong>ἐκ</strong></span> <span class='ocrx_word' id='word_1_127' title='bbox 3338 669 3588 741; x_wconf 76' lang='grc' dir='ltr'><strong>περάτων</strong></span> <span class='ocrx_word' id='word_1_128' title='bbox 3637 668 3879 741; x_wconf 74' lang='grc' dir='ltr'>ἤθροιζε</span> 
     </span>
    </p>
   </div>
   <div class='ocr_carea' id='block_1_22' title="bbox 2219 753 3879 832">
    <p class='ocr_par' dir='ltr' id='par_1_22' title="bbox 2219 753 3879 832">
     <span class='ocr_line' id='line_1_22' title="bbox 2219 753 3879 832; baseline -0.001 -21"><span class='ocrx_word' id='word_1_129' title='bbox 2219 756 2344 818; x_wconf 77' lang='grc' dir='ltr'>τοὺς</span> <span class='ocrx_word' id='word_1_130' title='bbox 2403 756 2567 812; x_wconf 81' lang='grc' dir='ltr'>αὐτοῦ</span> <span class='ocrx_word' id='word_1_131' title='bbox 2618 758 2883 830; x_wconf 85' lang='grc' dir='ltr'>μαθητάς.</span> <span class='ocrx_word' id='word_1_132' title='bbox 2928 757 3017 819; x_wconf 83' lang='grc' dir='ltr'><strong>Ὧς</strong></span> <span class='ocrx_word' id='word_1_133' title='bbox 3070 754 3161 811; x_wconf 76' lang='grc' dir='ltr'>οὖν</span> <span class='ocrx_word' id='word_1_134' title='bbox 3208 753 3348 832; x_wconf 74' lang='grc' dir='ltr'>ἔφνω</span> <span class='ocrx_word' id='word_1_135' title='bbox 3393 760 3564 812; x_wconf 77' lang='grc' dir='ltr'>ταῦτα</span> <span class='ocrx_word' id='word_1_136' title='bbox 3610 758 3646 825; x_wconf 79' lang='grc' dir='ltr'><strong>ἡ</strong></span> <span class='ocrx_word' id='word_1_137' title='bbox 3697 758 3879 810; x_wconf 71' lang='grc' dir='ltr'>πάνα-</span> 
     </span>
    </p>
   </div>
   <div class='ocr_carea' id='block_1_23' title="bbox 2218 841 3874 923">
    <p class='ocr_par' dir='ltr' id='par_1_23' title="bbox 2218 841 3874 923">
     <span class='ocr_line' id='line_1_23' title="bbox 2218 841 3874 923; baseline -0.001 -23"><span class='ocrx_word' id='word_1_138' title='bbox 2218 867 2363 921; x_wconf 84' lang='grc' dir='ltr'>γνος,</span> <span class='ocrx_word' id='word_1_139' title='bbox 2421 847 2514 900; x_wconf 87' lang='grc' dir='ltr'><strong>καὶ</strong></span> <span class='ocrx_word' id='word_1_140' title='bbox 2572 841 2706 923; x_wconf 81' lang='grc' dir='ltr'>άπερ</span> <span class='ocrx_word' id='word_1_141' title='bbox 2765 845 2970 919; x_wconf 72' lang='grc' dir='ltr'>ἑκάστῳ</span> <span class='ocrx_word' id='word_1_142' title='bbox 3047 844 3370 921; x_wconf 79' lang='grc' dir='ltr'><strong>βουλομένῳ</strong></span> <span class='ocrx_word' id='word_1_143' title='bbox 3426 847 3493 916; x_wconf 85' lang='grc' dir='ltr'>ἦν</span> <span class='ocrx_word' id='word_1_144' title='bbox 3555 845 3874 922; x_wconf 70' lang='grc' dir='ltr'>ἀνηγγέλη,</span> 
     </span>
    </p>
   </div>
   <div class='ocr_carea' id='block_1_24' title="bbox 2218 935 3875 1013">
    <p class='ocr_par' dir='ltr' id='par_1_24' title="bbox 2218 935 3875 1013">
     <span class='ocr_line' id='line_1_24' title="bbox 2218 935 3875 1013; baseline -0.002 -20"><span class='ocrx_word' id='word_1_145' title='bbox 2218 938 2311 993; x_wconf 86' lang='grc' dir='ltr'><strong>καὶ</strong></span> <span class='ocrx_word' id='word_1_146' title='bbox 2349 941 2449 1003; x_wconf 86' lang='grc' dir='ltr'><strong>τῆς</strong></span> <span class='ocrx_word' id='word_1_147' title='bbox 2479 939 2602 1011; x_wconf 75' lang='grc' dir='ltr'>παρ’</span> <span class='ocrx_word' id='word_1_148' title='bbox 2658 936 2867 1007; x_wconf 78' lang='grc' dir='ltr'>ἐκείνης</span> <span class='ocrx_word' id='word_1_149' title='bbox 2916 935 3178 1013; x_wconf 79' lang='grc' dir='ltr'><strong>εὐλογίας</strong></span> <span class='ocrx_word' id='word_1_150' title='bbox 3229 936 3491 1009; x_wconf 78' lang='grc' dir='ltr'>ἠξίωντο,</span> <span class='ocrx_word' id='word_1_151' title='bbox 3518 938 3591 992; x_wconf 78' lang='grc' dir='ltr'>τὰ</span> <span class='ocrx_word' id='word_1_152' title='bbox 3618 935 3875 1010; x_wconf 72' lang='grc' dir='ltr'>ἐξιτήρια</span> 
     </span>
    </p>
   </div>
   <div class='ocr_carea' id='block_1_25' title="bbox 2217 1025 3870 1104">
    <p class='ocr_par' dir='ltr' id='par_1_25' title="bbox 2217 1025 3870 1104">
     <span class='ocr_line' id='line_1_25' title="bbox 2217 1025 3870 1104; baseline -0.001 -23"><span class='ocrx_word' id='word_1_153' title='bbox 2217 1025 2377 1087; x_wconf 92' lang='grc' dir='ltr'>τέλος</span> <span class='ocrx_word' id='word_1_154' title='bbox 2429 1025 2612 1089; x_wconf 84' lang='grc' dir='ltr'>αὐτοῖς</span> <span class='ocrx_word' id='word_1_155' title='bbox 2671 1025 3124 1104; x_wconf 72' lang='grc' dir='ltr'>προσεφθέγγετο,</span> <span class='ocrx_word' id='word_1_156' title='bbox 3176 1026 3389 1104; x_wconf 81' lang='grc' dir='ltr'><strong>χαίρειν</strong></span> <span class='ocrx_word' id='word_1_157' title='bbox 3444 1046 3502 1081; x_wconf 90' lang='grc' dir='ltr'><strong>τε</strong></span> <span class='ocrx_word' id='word_1_158' title='bbox 3548 1027 3870 1101; x_wconf 69' lang='grc' dir='ltr'>παρηγγύα,</span> 
     </span>
    </p>
   </div>
   <div class='ocr_carea' id='block_1_26' title="bbox 2218 1110 3873 1189">
    <p class='ocr_par' dir='ltr' id='par_1_26' title="bbox 2218 1110 3873 1189">
     <span class='ocr_line' id='line_1_26' title="bbox 2218 1110 3873 1189; baseline -0.001 -22"><span class='ocrx_word' id='word_1_159' title='bbox 2218 1113 2309 1168; x_wconf 87' lang='grc' dir='ltr'><strong>καὶ</strong></span> <span class='ocrx_word' id='word_1_160' title='bbox 2344 1116 2421 1187; x_wconf 83' lang='grc' dir='ltr'>μή</span> <span class='ocrx_word' id='word_1_161' title='bbox 2448 1112 2652 1185; x_wconf 90' lang='grc' dir='ltr'>λύπης,</span> <span class='ocrx_word' id='word_1_162' title='bbox 2704 1134 2880 1189; x_wconf 92' lang='grc' dir='ltr'>χαρας</span> <span class='ocrx_word' id='word_1_163' title='bbox 2931 1111 2989 1169; x_wconf 64' lang='grc' dir='ltr'><strong>δὲ</strong></span> <span class='ocrx_word' id='word_1_164' title='bbox 3039 1112 3252 1185; x_wconf 81' lang='grc' dir='ltr'>μᾶλλον</span> <span class='ocrx_word' id='word_1_165' title='bbox 3303 1112 3508 1168; x_wconf 81' lang='grc' dir='ltr'>οἴεσθαι</span> <span class='ocrx_word' id='word_1_166' title='bbox 3550 1114 3651 1182; x_wconf 72' lang='grc' dir='ltr'>τὴν</span> <span class='ocrx_word' id='word_1_167' title='bbox 3703 1110 3873 1181; x_wconf 79' lang='grc' dir='ltr'>ἐκδη-</span> 
     </span>
    </p>
   </div>
   <div class='ocr_carea' id='block_1_27' title="bbox 2223 1199 3871 1281">
    <p class='ocr_par' dir='ltr' id='par_1_27' title="bbox 2223 1199 3871 1281">
     <span class='ocr_line' id='line_1_27' title="bbox 2223 1199 3871 1281; baseline -0.001 -25"><span class='ocrx_word' id='word_1_168' title='bbox 2223 1203 2349 1275; x_wconf 83' lang='grc' dir='ltr'>μίαν</span> <span class='ocrx_word' id='word_1_169' title='bbox 2406 1202 2745 1259; x_wconf 88' lang='grc' dir='ltr'>ἐνεκελεύετο</span> <span class='ocrx_word' id='word_1_170' title='bbox 2790 1220 2804 1235; x_wconf 86' lang='grc'><em>’</em></span> <span class='ocrx_word' id='word_1_171' title='bbox 2863 1203 2954 1258; x_wconf 86' lang='grc' dir='ltr'><strong>καὶ</strong></span> <span class='ocrx_word' id='word_1_172' title='bbox 3010 1203 3078 1258; x_wconf 82' lang='grc' dir='ltr'>τὰ</span> <span class='ocrx_word' id='word_1_173' title='bbox 3126 1204 3263 1277; x_wconf 87' lang='grc' dir='ltr'>πρὸς</span> <span class='ocrx_word' id='word_1_174' title='bbox 3310 1205 3411 1271; x_wconf 78' lang='grc' dir='ltr'>τὴν</span> <span class='ocrx_word' id='word_1_175' title='bbox 3468 1204 3647 1281; x_wconf 71' lang='grc' dir='ltr'>ταφὴν</span> <span class='ocrx_word' id='word_1_176' title='bbox 3696 1199 3871 1269; x_wconf 67' lang='grc' dir='ltr'>αὗτῆς</span> 
     </span>
    </p>
   </div>
   <div class='ocr_carea' id='block_1_28' title="bbox 2218 1290 3874 1368">
    <p class='ocr_par' dir='ltr' id='par_1_28' title="bbox 2218 1290 3874 1368">
     <span class='ocr_line' id='line_1_28' title="bbox 2218 1290 3874 1368; baseline -0.001 -22"><span class='ocrx_word' id='word_1_177' title='bbox 2218 1293 2400 1361; x_wconf 73' lang='grc' dir='ltr'>ἠπίως</span> <span class='ocrx_word' id='word_1_178' title='bbox 2457 1300 2546 1347; x_wconf 82' lang='grc' dir='ltr'>καὶ</span> <span class='ocrx_word' id='word_1_179' title='bbox 2603 1291 2812 1368; x_wconf 76' lang='grc' dir='ltr'>ἱλαρῶς</span> <span class='ocrx_word' id='word_1_180' title='bbox 2863 1290 3082 1365; x_wconf 74' lang='grc' dir='ltr'>διεξῄει.</span> <span class='ocrx_word' id='word_1_181' title='bbox 3134 1292 3268 1348; x_wconf 79' lang='grc' dir='ltr'>Εἶτα</span> <span class='ocrx_word' id='word_1_182' title='bbox 3313 1290 3516 1364; x_wconf 85' lang='grc' dir='ltr'>Πέτρον</span> <span class='ocrx_word' id='word_1_183' title='bbox 3573 1291 3874 1363; x_wconf 75' lang='grc' dir='ltr'>μετεστέλ-</span> 
     </span>
    </p>
   </div>
   <div class='ocr_carea' id='block_1_29' title="bbox 2220 1378 3868 1457">
    <p class='ocr_par' dir='ltr' id='par_1_29' title="bbox 2220 1378 3868 1457">
     <span class='ocr_line' id='line_1_29' title="bbox 2220 1378 3868 1457; baseline -0.001 -22"><span class='ocrx_word' id='word_1_184' title='bbox 2220 1379 2346 1436; x_wconf 86' lang='grc' dir='ltr'>λετο</span> <span class='ocrx_word' id='word_1_185' title='bbox 2371 1399 2385 1413; x_wconf 80' lang='grc'><strong>⁸</strong></span> <span class='ocrx_word' id='word_1_186' title='bbox 2423 1382 2557 1455; x_wconf 86' lang='grc' dir='ltr'>μετᾶ</span> <span class='ocrx_word' id='word_1_187' title='bbox 2605 1382 2784 1457; x_wconf 84' lang='grc' dir='ltr'>βραχὺ</span> <span class='ocrx_word' id='word_1_188' title='bbox 2833 1378 2891 1436; x_wconf 75' lang='grc' dir='ltr'><strong>δὲ</strong></span> <span class='ocrx_word' id='word_1_189' title='bbox 2934 1383 3025 1436; x_wconf 80' lang='grc' dir='ltr'>καὶ</span> <span class='ocrx_word' id='word_1_190' title='bbox 3067 1382 3195 1442; x_wconf 79' lang='grc' dir='ltr'>τοὺς</span> <span class='ocrx_word' id='word_1_191' title='bbox 3244 1381 3474 1442; x_wconf 79' lang='grc' dir='ltr'>λιοποὺς</span> <span class='ocrx_word' id='word_1_192' title='bbox 3521 1379 3709 1435; x_wconf 80' lang='grc' dir='ltr'>ἐκάλει</span> <span class='ocrx_word' id='word_1_193' title='bbox 3751 1385 3868 1434; x_wconf 74' lang='grc' dir='ltr'><strong>τῶν</strong></span> 
     </span>
    </p>
   </div>
   <div class='ocr_carea' id='block_1_30' title="bbox 2222 1470 3869 1547">
    <p class='ocr_par' dir='ltr' id='par_1_30' title="bbox 2222 1470 3869 1547">
     <span class='ocr_line' id='line_1_30' title="bbox 2222 1470 3869 1547; baseline -0.001 -21"><span class='ocrx_word' id='word_1_194' title='bbox 2222 1473 2497 1542; x_wconf 81' lang='grc' dir='ltr'><strong>μαθητῶν.</strong></span> <span class='ocrx_word' id='word_1_195' title='bbox 2532 1473 2631 1528; x_wconf 85' lang='grc' dir='ltr'><strong>Καὶ</strong></span> <span class='ocrx_word' id='word_1_196' title='bbox 2662 1476 2772 1528; x_wconf 88' lang='grc' dir='ltr'><strong>τῶν</strong></span> <span class='ocrx_word' id='word_1_197' title='bbox 2809 1471 3027 1547; x_wconf 84' lang='grc' dir='ltr'>λύχνων</span> <span class='ocrx_word' id='word_1_198' title='bbox 3070 1470 3376 1543; x_wconf 77' lang='grc' dir='ltr'>καιομένων</span> <span class='ocrx_word' id='word_1_199' title='bbox 3425 1471 3633 1539; x_wconf 80' lang='grc' dir='ltr'>αὐτοῖς,</span> <span class='ocrx_word' id='word_1_200' title='bbox 3686 1470 3869 1539; x_wconf 78' lang='grc' dir='ltr'>ἐκείνη</span> 
     </span>
    </p>
   </div>
   <div class='ocr_carea' id='block_1_31' title="bbox 2221 1558 3871 1637">
    <p class='ocr_par' dir='ltr' id='par_1_31' title="bbox 2221 1558 3871 1637">
     <span class='ocr_line' id='line_1_31' title="bbox 2221 1558 3871 1637; baseline -0.001 -22"><span class='ocrx_word' id='word_1_201' title='bbox 2221 1561 2506 1637; x_wconf 80' lang='grc' dir='ltr'>ὑπερφυῶς</span> <span class='ocrx_word' id='word_1_202' title='bbox 2554 1558 3009 1637; x_wconf 84' lang='grc' dir='ltr'>ἀγγαλλιωμένη,</span> <span class='ocrx_word' id='word_1_203' title='bbox 3059 1560 3127 1614; x_wconf 74' lang='grc' dir='ltr'><strong>τά</strong></span> <span class='ocrx_word' id='word_1_204' title='bbox 3166 1560 3332 1636; x_wconf 86' lang='grc' dir='ltr'>χείλη</span> <span class='ocrx_word' id='word_1_205' title='bbox 3386 1558 3615 1634; x_wconf 84' lang='grc' dir='ltr'>διάρασα</span> <span class='ocrx_word' id='word_1_206' title='bbox 3642 1564 3724 1631; x_wconf 78' lang='grc' dir='ltr'><strong>τῷ</strong></span> <span class='ocrx_word' id='word_1_207' title='bbox 3753 1560 3871 1629; x_wconf 83' lang='grc' dir='ltr'><strong>Υἱῷ</strong></span> 
     </span>
    </p>
   </div>
   <div class='ocr_carea' id='block_1_32' title="bbox 2220 1648 3873 1725">
    <p class='ocr_par' dir='ltr' id='par_1_32' title="bbox 2220 1648 3873 1725">
     <span class='ocr_line' id='line_1_32' title="bbox 2220 1648 3873 1725; baseline -0.001 -21"><span class='ocrx_word' id='word_1_208' title='bbox 2220 1650 2544 1724; x_wconf 77' lang='grc' dir='ltr'>εὐχάριστον</span> <span class='ocrx_word' id='word_1_209' title='bbox 2604 1649 2877 1723; x_wconf 74' lang='grc' dir='ltr'><strong>ἀνέπεμπε</strong></span> <span class='ocrx_word' id='word_1_210' title='bbox 2932 1649 3209 1725; x_wconf 88' lang='grc' dir='ltr'>γλῶσσαν.</span> <span class='ocrx_word' id='word_1_211' title='bbox 3292 1651 3389 1705; x_wconf 83' lang='grc' dir='ltr'><strong>Καὶ</strong></span> <span class='ocrx_word' id='word_1_212' title='bbox 3440 1649 3528 1703; x_wconf 81' lang='grc' dir='ltr'>ἐπὶ</span> <span class='ocrx_word' id='word_1_213' title='bbox 3571 1653 3651 1720; x_wconf 77' lang='grc' dir='ltr'>τῷ</span> <span class='ocrx_word' id='word_1_214' title='bbox 3703 1648 3873 1720; x_wconf 82' lang='grc' dir='ltr'>σκίμ-</span> 
     </span>
    </p>
   </div>
   <div class='ocr_carea' id='block_1_33' title="bbox 2217 1736 3869 1817">
    <p class='ocr_par' dir='ltr' id='par_1_33' title="bbox 2217 1736 3869 1817">
     <span class='ocr_line' id='line_1_33' title="bbox 2217 1736 3869 1817; baseline -0.001 -23"><span class='ocrx_word' id='word_1_215' title='bbox 2217 1736 2349 1794; x_wconf 82' lang='grc' dir='ltr'>ποδι</span> <span class='ocrx_word' id='word_1_216' title='bbox 2399 1737 2551 1802; x_wconf 76' lang='grc' dir='ltr'>αὖθις</span> <span class='ocrx_word' id='word_1_217' title='bbox 2608 1736 2985 1807; x_wconf 81' lang='grc' dir='ltr'>ἂνακλιθεῖσα,</span> <span class='ocrx_word' id='word_1_218' title='bbox 3042 1742 3137 1802; x_wconf 75' lang='grc' dir='ltr'>τὰς</span> <span class='ocrx_word' id='word_1_219' title='bbox 3188 1745 3380 1817; x_wconf 82' lang='grc' dir='ltr'>χεῖρας</span> <span class='ocrx_word' id='word_1_220' title='bbox 3433 1739 3572 1812; x_wconf 77' lang='grc' dir='ltr'>ὑψοῦ</span> <span class='ocrx_word' id='word_1_221' title='bbox 3611 1736 3869 1813; x_wconf 77' lang='grc' dir='ltr'>διάρασα,</span> 
     </span>
    </p>
   </div>
   <div class='ocr_carea' id='block_1_34' title="bbox 449 1824 2116 1915">
    <p class='ocr_par' dir='ltr' id='par_1_34' title="bbox 449 1829 2112 1903">
     <span class='ocr_line' id='line_1_34' title="bbox 449 1829 2112 1903; baseline -0.004 -14"><span class='ocrx_word' id='word_1_222' title='bbox 449 1831 579 1902; x_wconf 89' lang='lat' dir='ltr'><strong>ejus</strong></span> <span class='ocrx_word' id='word_1_223' title='bbox 618 1832 1001 1903; x_wconf 88' lang='lat' dir='ltr'><strong>pertinerent,</strong></span> <span class='ocrx_word' id='word_1_224' title='bbox 1044 1831 1304 1888; x_wconf 83' lang='lat' dir='ltr'><strong>suaviter</strong></span> <span class='ocrx_word' id='word_1_225' title='bbox 1333 1835 1390 1886; x_wconf 90' lang='lat' dir='ltr'><strong>et</strong></span> <span class='ocrx_word' id='word_1_226' title='bbox 1429 1829 1556 1886; x_wconf 67' lang='lat' dir='ltr'><strong>laete</strong></span> <span class='ocrx_word' id='word_1_227' title='bbox 1603 1829 1855 1901; x_wconf 80' lang='lat' dir='ltr'><strong>exponit.</strong></span> <span class='ocrx_word' id='word_1_228' title='bbox 1891 1829 2112 1885; x_wconf 89' lang='lat' dir='ltr'><strong>Deinde</strong></span> 
     </span>
    </p>
   </div>
   <div class='ocr_carea' id='block_1_35' title="bbox 2231 1824 3870 1915">
    <p class='ocr_par' dir='ltr' id='par_1_35' title="bbox 2231 1824 3870 1902">
     <span class='ocr_line' id='line_1_35' title="bbox 2231 1824 3870 1902; baseline -0.001 -21"><span class='ocrx_word' id='word_1_229' title='bbox 2231 1831 2433 1899; x_wconf 68' lang='grc' dir='ltr'>σεμνῶς</span> <span class='ocrx_word' id='word_1_230' title='bbox 2489 1847 2549 1882; x_wconf 87' lang='grc' dir='ltr'><strong>τε</strong></span> <span class='ocrx_word' id='word_1_231' title='bbox 2604 1828 2694 1882; x_wconf 87' lang='grc' dir='ltr'><strong>καὶ</strong></span> <span class='ocrx_word' id='word_1_232' title='bbox 2746 1827 2821 1889; x_wconf 85' lang='grc' dir='ltr'>ὡς</span> <span class='ocrx_word' id='word_1_233' title='bbox 2874 1825 3045 1902; x_wconf 80' lang='grc' dir='ltr'>ἐχρῆν</span> <span class='ocrx_word' id='word_1_234' title='bbox 3090 1829 3154 1883; x_wconf 88' lang='grc' dir='ltr'>τὸ</span> <span class='ocrx_word' id='word_1_235' title='bbox 3201 1827 3509 1897; x_wconf 80' lang='grc' dir='ltr'>πάνσεμνον</span> <span class='ocrx_word' id='word_1_236' title='bbox 3558 1824 3652 1881; x_wconf 85' lang='grc' dir='ltr'><strong>καὶ</strong></span> <span class='ocrx_word' id='word_1_237' title='bbox 3702 1825 3870 1895; x_wconf 79' lang='grc' dir='ltr'>ἡλίου</span> 
     </span>
    </p>
   </div>
   <div class='ocr_carea' id='block_1_36' title="bbox 451 1914 2116 1991">
    <p class='ocr_par' dir='ltr' id='par_1_36' title="bbox 451 1918 2107 1990">
     <span class='ocr_line' id='line_1_36' title="bbox 451 1918 2107 1990; baseline -0.002 -14"><span class='ocrx_word' id='word_1_238' title='bbox 451 1918 686 1976; x_wconf 87' lang='lat' dir='ltr'><strong>Petrum</strong></span> <span class='ocrx_word' id='word_1_239' title='bbox 717 1920 789 1976; x_wconf 89' lang='lat' dir='ltr'><strong>ad</strong></span> <span class='ocrx_word' id='word_1_240' title='bbox 821 1936 881 1977; x_wconf 88' lang='lat' dir='ltr'><strong>se</strong></span> <span class='ocrx_word' id='word_1_241' title='bbox 930 1919 1124 1977; x_wconf 85' lang='lat' dir='ltr'><strong>venire</strong></span> <span class='ocrx_word' id='word_1_242' title='bbox 1178 1918 1375 1988; x_wconf 88' lang='lat' dir='ltr'><strong>anct,</strong></span> <span class='ocrx_word' id='word_1_243' title='bbox 1434 1935 1568 1975; x_wconf 86' lang='lat' dir='ltr'><strong>mox</strong></span> <span class='ocrx_word' id='word_1_244' title='bbox 1622 1918 1880 1990; x_wconf 88' lang='lat' dir='ltr'><strong>reliquos</strong></span> <span class='ocrx_word' id='word_1_245' title='bbox 1936 1919 2107 1975; x_wconf 90' lang='lat' dir='ltr'><strong>etiam</strong></span> 
     </span>
    </p>
   </div>
   <div class='ocr_carea' id='block_1_37' title="bbox 2231 1914 3869 1991">
    <p class='ocr_par' dir='ltr' id='par_1_37' title="bbox 2231 1914 3869 1991">
     <span class='ocr_line' id='line_1_37' title="bbox 2231 1914 3869 1991; baseline 0.001 -21"><span class='ocrx_word' id='word_1_246' title='bbox 2231 1917 2596 1991; x_wconf 75' lang='grc' dir='ltr'>ιάθαρώτερον</span> <span class='ocrx_word' id='word_1_247' title='bbox 2673 1914 2965 1989; x_wconf 83' lang='grc' dir='ltr'>διαθεμένη</span> <span class='ocrx_word' id='word_1_248' title='bbox 3053 1916 3144 1971; x_wconf 85' lang='grc' dir='ltr'><strong>καὶ</strong></span> <span class='ocrx_word' id='word_1_249' title='bbox 3213 1917 3607 1991; x_wconf 82' lang='grc' dir='ltr'>σχηματίσασα</span> <span class='ocrx_word' id='word_1_250' title='bbox 3682 1920 3869 1988; x_wconf 82' lang='grc' dir='ltr'>σῶμα,</span> 
     </span>
    </p>
   </div>
   <div class='ocr_carea' id='block_1_38' title="bbox 450 2008 2108 2080">
    <p class='ocr_par' dir='ltr' id='par_1_38' title="bbox 450 2008 2108 2080">
     <span class='ocr_line' id='line_1_38' title="bbox 450 2008 2108 2080; baseline 0.001 -17"><span class='ocrx_word' id='word_1_251' title='bbox 450 2009 748 2080; x_wconf 86' lang='lat' dir='ltr'><strong>apostolos</strong></span> <span class='ocrx_word' id='word_1_252' title='bbox 779 2013 966 2079; x_wconf 84' lang='lat' dir='ltr'><strong>vocat,</strong></span> <span class='ocrx_word' id='word_1_253' title='bbox 992 2011 1263 2067; x_wconf 85' lang='lat' dir='ltr'><strong>ardentes</strong></span> <span class='ocrx_word' id='word_1_254' title='bbox 1285 2008 1564 2065; x_wconf 86' lang='lat' dir='ltr'><strong>habentct</strong></span> <span class='ocrx_word' id='word_1_255' title='bbox 1602 2009 1759 2065; x_wconf 86' lang='lat' dir='ltr'><strong>faces</strong></span> <span class='ocrx_word' id='word_1_256' title='bbox 1791 2025 1805 2064; x_wconf 88' lang='lat'><strong>:</strong></span> <span class='ocrx_word' id='word_1_257' title='bbox 1838 2014 1896 2065; x_wconf 91' lang='lat' dir='ltr'><strong>et</strong></span> <span class='ocrx_word' id='word_1_258' title='bbox 1946 2009 2108 2065; x_wconf 92' lang='lat' dir='ltr'><strong>miri-</strong></span> 
     </span>
    </p>
   </div>
   <div class='ocr_carea' id='block_1_39' title="bbox 450 2096 2108 2171">
    <p class='ocr_par' dir='ltr' id='par_1_39' title="bbox 450 2096 2108 2171">
     <span class='ocr_line' id='line_1_39' title="bbox 450 2096 2108 2171; baseline 0.001 -19"><span class='ocrx_word' id='word_1_259' title='bbox 450 2096 559 2153; x_wconf 79' lang='lat' dir='ltr'><strong>fice</strong></span> <span class='ocrx_word' id='word_1_260' title='bbox 597 2097 921 2166; x_wconf 81' lang='lat' dir='ltr'><strong>exsultans,</strong></span> <span class='ocrx_word' id='word_1_261' title='bbox 952 2099 1220 2171; x_wconf 89' lang='lat' dir='ltr'><strong>labiaque</strong></span> <span class='ocrx_word' id='word_1_262' title='bbox 1242 2099 1529 2171; x_wconf 87' lang='lat' dir='ltr'><strong>aperiens,</strong></span> <span class='ocrx_word' id='word_1_263' title='bbox 1547 2098 1766 2171; x_wconf 84' lang='lat' dir='ltr'><strong>gratias</strong></span> <span class='ocrx_word' id='word_1_264' title='bbox 1786 2098 1929 2155; x_wconf 87' lang='lat' dir='ltr'><strong>Filio</strong></span> <span class='ocrx_word' id='word_1_265' title='bbox 1949 2097 2069 2171; x_wconf 88' lang='lat' dir='ltr'><strong>agit</strong></span> <span class='ocrx_word' id='word_1_266' title='bbox 2094 2113 2108 2154; x_wconf 91' lang='lat'><strong>:</strong></span> 
     </span>
    </p>
   </div>
   <div class='ocr_carea' id='block_1_40' title="bbox 460 2184 2111 2260">
    <p class='ocr_par' dir='ltr' id='par_1_40' title="bbox 460 2184 2111 2260">
     <span class='ocr_line' id='line_1_40' title="bbox 460 2184 2111 2260; baseline 0.002 -19"><span class='ocrx_word' id='word_1_267' title='bbox 460 2184 616 2242; x_wconf 74' lang='lat' dir='ltr'><strong>I69</strong></span> <span class='ocrx_word' id='word_1_268' title='bbox 649 2192 823 2259; x_wconf 88' lang='lat' dir='ltr'><strong>atque</strong></span> <span class='ocrx_word' id='word_1_269' title='bbox 852 2187 912 2243; x_wconf 92' lang='lat' dir='ltr'><strong>in</strong></span> <span class='ocrx_word' id='word_1_270' title='bbox 942 2187 1161 2245; x_wconf 91' lang='lat' dir='ltr'><strong>lectum</strong></span> <span class='ocrx_word' id='word_1_271' title='bbox 1192 2204 1427 2243; x_wconf 87' lang='lat' dir='ltr'><strong>rursum</strong></span> <span class='ocrx_word' id='word_1_272' title='bbox 1458 2187 1730 2260; x_wconf 82' lang='lat' dir='ltr'><strong>reposita,</strong></span> <span class='ocrx_word' id='word_1_273' title='bbox 1767 2203 1977 2243; x_wconf 91' lang='lat' dir='ltr'><strong>manus</strong></span> <span class='ocrx_word' id='word_1_274' title='bbox 2022 2203 2111 2245; x_wconf 88' lang='lat' dir='ltr'><strong>re-</strong></span> 
     </span>
    </p>
   </div>
   <div class='ocr_carea' id='block_1_41' title="bbox 452 2276 2110 2361">
    <p class='ocr_par' dir='ltr' id='par_1_41' title="bbox 452 2276 2110 2361">
     <span class='ocr_line' id='line_1_41' title="bbox 452 2276 2110 2361; baseline 0.002 -30"><span class='ocrx_word' id='word_1_275' title='bbox 452 2280 720 2331; x_wconf 85' lang='lat' dir='ltr'><strong>verenter</strong></span> <span class='ocrx_word' id='word_1_276' title='bbox 747 2281 804 2333; x_wconf 90' lang='lat' dir='ltr'><strong>et</strong></span> <span class='ocrx_word' id='word_1_277' title='bbox 827 2277 1106 2349; x_wconf 85' lang='lat' dir='ltr'><strong>graviter,</strong></span> <span class='ocrx_word' id='word_1_278' title='bbox 1137 2277 1215 2333; x_wconf 88' lang='lat' dir='ltr'><strong>ita</strong></span> <span class='ocrx_word' id='word_1_279' title='bbox 1266 2281 1331 2332; x_wconf 91' lang='lat' dir='ltr'><strong>ut</strong></span> <span class='ocrx_word' id='word_1_280' title='bbox 1379 2276 1540 2333; x_wconf 87' lang='lat' dir='ltr'><strong>illam</strong></span> <span class='ocrx_word' id='word_1_281' title='bbox 1581 2277 1843 2344; x_wconf 87' lang='lat' dir='ltr'><strong>decebat,</strong></span> <span class='ocrx_word' id='word_1_282' title='bbox 1902 2278 2110 2361; x_wconf 60' lang='lat' dir='ltr'><strong>elevat,</strong></span> 
     </span>
    </p>
   </div>
   <div class='ocr_carea' id='block_1_42' title="bbox 453 2366 2115 2439">
    <p class='ocr_par' dir='ltr' id='par_1_42' title="bbox 453 2366 2115 2439">
     <span class='ocr_line' id='line_1_42' title="bbox 453 2366 2115 2439; baseline -0.001 -18"><span class='ocrx_word' id='word_1_283' title='bbox 453 2368 511 2421; x_wconf 90' lang='lat' dir='ltr'><strong>et</strong></span> <span class='ocrx_word' id='word_1_284' title='bbox 539 2367 938 2422; x_wconf 90' lang='lat' dir='ltr'><strong>venerandum</strong></span> <span class='ocrx_word' id='word_1_285' title='bbox 976 2384 1214 2437; x_wconf 88' lang='lat' dir='ltr'><strong>prorsus</strong></span> <span class='ocrx_word' id='word_1_286' title='bbox 1246 2366 1487 2439; x_wconf 79' lang='lat' dir='ltr'><strong>soloque</strong></span> <span class='ocrx_word' id='word_1_287' title='bbox 1515 2366 1644 2438; x_wconf 87' lang='lat' dir='ltr'><strong>ipso</strong></span> <span class='ocrx_word' id='word_1_288' title='bbox 1675 2366 1881 2438; x_wconf 89' lang='lat' dir='ltr'><strong>purius</strong></span> <span class='ocrx_word' id='word_1_289' title='bbox 1902 2381 2115 2437; x_wconf 91' lang='lat' dir='ltr'><strong>corpus</strong></span> 
     </span>
    </p>
   </div>
   <div class='ocr_carea' id='block_1_43' title="bbox 2217 2002 3870 2083">
    <p class='ocr_par' dir='ltr' id='par_1_43' title="bbox 2217 2002 3870 2083">
     <span class='ocr_line' id='line_1_43' title="bbox 2217 2002 3870 2083; baseline -0.001 -23"><span class='ocrx_word' id='word_1_290' title='bbox 2217 2006 2363 2081; x_wconf 72' lang='grc' dir='ltr'>ἐώρα</span> <span class='ocrx_word' id='word_1_291' title='bbox 2390 2006 2478 2061; x_wconf 84' lang='grc' dir='ltr'><strong>καὶ</strong></span> <span class='ocrx_word' id='word_1_292' title='bbox 2531 2005 2635 2082; x_wconf 80' lang='grc' dir='ltr'>γὰρ</span> <span class='ocrx_word' id='word_1_293' title='bbox 2687 2005 2889 2062; x_wconf 85' lang='grc' dir='ltr'>ἐκεῖνον</span> <span class='ocrx_word' id='word_1_294' title='bbox 2938 2004 3186 2083; x_wconf 81' lang='grc' dir='ltr'>ἀγγέλων</span> <span class='ocrx_word' id='word_1_295' title='bbox 3238 2005 3366 2079; x_wconf 73' lang='grc' dir='ltr'><strong>δόξῃ</strong></span> <span class='ocrx_word' id='word_1_296' title='bbox 3416 2004 3737 2079; x_wconf 76' lang='grc' dir='ltr'>περικύκλῳ</span> <span class='ocrx_word' id='word_1_297' title='bbox 3768 2002 3870 2059; x_wconf 83' lang='grc' dir='ltr'>δο-</span> 
     </span>
    </p>
   </div>
   <div class='ocr_carea' id='block_1_44' title="bbox 2220 2093 3870 2170">
    <p class='ocr_par' dir='ltr' id='par_1_44' title="bbox 2220 2093 3870 2170">
     <span class='ocr_line' id='line_1_44' title="bbox 2220 2093 3870 2170; baseline -0.001 -21"><span class='ocrx_word' id='word_1_298' title='bbox 2220 2093 2654 2170; x_wconf 84' lang='grc' dir='ltr'>ρυφορούμενον,</span> <span class='ocrx_word' id='word_1_299' title='bbox 2715 2093 2810 2149; x_wconf 78' lang='grc' dir='ltr'><strong>σὺν</strong></span> <span class='ocrx_word' id='word_1_300' title='bbox 2870 2093 3043 2169; x_wconf 77' lang='grc' dir='ltr'>ἡδονῇ</span> <span class='ocrx_word' id='word_1_301' title='bbox 3110 2094 3200 2150; x_wconf 88' lang='grc' dir='ltr'><strong>καὶ</strong></span> <span class='ocrx_word' id='word_1_302' title='bbox 3279 2095 3538 2167; x_wconf 84' lang='grc' dir='ltr'>Θαύματι,</span> <span class='ocrx_word' id='word_1_303' title='bbox 3598 2093 3870 2149; x_wconf 86' lang='grc' dir='ltr'>Γένοιτό</span> 
     </span>
    </p>
   </div>
   <div class='ocr_carea' id='block_1_45' title="bbox 2224 2182 3871 2258">
    <p class='ocr_par' dir='ltr' id='par_1_45' title="bbox 2224 2182 3871 2258">
     <span class='ocr_line' id='line_1_45' title="bbox 2224 2182 3871 2258; baseline 0 -20"><span class='ocrx_word' id='word_1_304' title='bbox 2224 2204 2336 2256; x_wconf 87' lang='grc' dir='ltr'><strong>μοι</strong></span> <span class='ocrx_word' id='word_1_305' title='bbox 2386 2182 2574 2245; x_wconf 78' lang='grc' dir='ltr'>αὖθις</span> <span class='ocrx_word' id='word_1_306' title='bbox 2627 2184 2791 2239; x_wconf 86' lang='grc' dir='ltr'>κατὰ</span> <span class='ocrx_word' id='word_1_307' title='bbox 2847 2184 2919 2239; x_wconf 89' lang='grc' dir='ltr'>τὸ</span> <span class='ocrx_word' id='word_1_308' title='bbox 2968 2182 3149 2258; x_wconf 78' lang='grc' dir='ltr'>ῥῆμά</span> <span class='ocrx_word' id='word_1_309' title='bbox 3203 2204 3360 2253; x_wconf 89' lang='grc' dir='ltr'>σου,</span> <span class='ocrx_word' id='word_1_310' title='bbox 3399 2183 3871 2250; x_wconf 51' lang='grc' dir='ltr'>ἐπειποΰσα,ταξ</span> 
     </span>
    </p>
   </div>
   <div class='ocr_carea' id='block_1_46' title="bbox 2220 2273 3871 2353">
    <p class='ocr_par' dir='ltr' id='par_1_46' title="bbox 2220 2273 3871 2353">
     <span class='ocr_line' id='line_1_46' title="bbox 2220 2273 3871 2353; baseline -0.001 -24"><span class='ocrx_word' id='word_1_311' title='bbox 2220 2273 2427 2329; x_wconf 86' lang='grc' dir='ltr'>ἐκείνου</span> <span class='ocrx_word' id='word_1_312' title='bbox 2458 2273 2644 2353; x_wconf 74' lang='grc' dir='ltr'>φίλαις</span> <span class='ocrx_word' id='word_1_313' title='bbox 2681 2275 2869 2350; x_wconf 78' lang='grc' dir='ltr'>χερσὶν</span> <span class='ocrx_word' id='word_1_314' title='bbox 2899 2276 2975 2337; x_wconf 84' lang='grc' dir='ltr'><strong>ὼς</strong></span> <span class='ocrx_word' id='word_1_315' title='bbox 3005 2275 3060 2330; x_wconf 87' lang='grc' dir='ltr'><strong>ἐν</strong></span> <span class='ocrx_word' id='word_1_316' title='bbox 3092 2273 3243 2348; x_wconf 77' lang='grc' dir='ltr'>ὕπνῳ</span> <span class='ocrx_word' id='word_1_317' title='bbox 3261 2274 3588 2350; x_wconf 83' lang='grc' dir='ltr'>παρατίθησι</span> <span class='ocrx_word' id='word_1_318' title='bbox 3614 2275 3719 2343; x_wconf 80' lang='grc' dir='ltr'><strong>τήν</strong></span> <span class='ocrx_word' id='word_1_319' title='bbox 3753 2295 3871 2346; x_wconf 84' lang='grc' dir='ltr'>μα-</span> 
     </span>
    </p>
   </div>
   <div class='ocr_carea' id='block_1_47' title="bbox 2223 2361 2899 2440">
    <p class='ocr_par' dir='ltr' id='par_1_47' title="bbox 2223 2361 2899 2440">
     <span class='ocr_line' id='line_1_47' title="bbox 2223 2361 2899 2440; baseline 0.004 -22"><span class='ocrx_word' id='word_1_320' title='bbox 2223 2363 2412 2437; x_wconf 90' lang='grc' dir='ltr'>καρίαν</span> <span class='ocrx_word' id='word_1_321' title='bbox 2445 2361 2652 2436; x_wconf 87' lang='grc' dir='ltr'>ἐκείνην</span> <span class='ocrx_word' id='word_1_322' title='bbox 2686 2367 2871 2440; x_wconf 76' lang='grc' dir='ltr'>ψυχήν</span> <span class='ocrx_word' id='word_1_323' title='bbox 2884 2408 2899 2423; x_wconf 91' lang='grc'><strong>.</strong></span> 
     </span>
    </p>
   </div>
   <div class='ocr_carea' id='block_1_48' title="bbox 454 2452 3875 2529">
    <p class='ocr_par' dir='ltr' id='par_1_48' title="bbox 454 2452 3875 2529">
     <span class='ocr_line' id='line_1_48' title="bbox 454 2452 3875 2529; baseline 0.001 -21"><span class='ocrx_word' id='word_1_324' title='bbox 454 2452 697 2525; x_wconf 88' lang='lat' dir='ltr'><strong>pulchre</strong></span> <span class='ocrx_word' id='word_1_325' title='bbox 727 2471 1087 2527; x_wconf 85' lang='lat' dir='ltr'><strong>componens</strong></span> <span class='ocrx_word' id='word_1_326' title='bbox 1117 2462 1294 2528; x_wconf 88' lang='lat' dir='ltr'><strong>atque</strong></span> <span class='ocrx_word' id='word_1_327' title='bbox 1324 2455 1694 2511; x_wconf 88' lang='lat' dir='ltr'><strong>conformans</strong></span> <span class='ocrx_word' id='word_1_328' title='bbox 1726 2454 1983 2525; x_wconf 87' lang='lat' dir='ltr'><strong>(videbat</strong></span> <span class='ocrx_word' id='word_1_329' title='bbox 2011 2453 2166 2509; x_wconf 91' lang='lat' dir='ltr'><strong>enim</strong></span> <span class='ocrx_word' id='word_1_330' title='bbox 2188 2453 2354 2510; x_wconf 89' lang='lat' dir='ltr'><strong>illum</strong></span> <span class='ocrx_word' id='word_1_331' title='bbox 2387 2456 2723 2526; x_wconf 78' lang='lat' dir='ltr'><strong>angelorum</strong></span> <span class='ocrx_word' id='word_1_332' title='bbox 2755 2458 2940 2529; x_wconf 86' lang='lat' dir='ltr'><strong>gloria</strong></span> <span class='ocrx_word' id='word_1_333' title='bbox 2969 2455 3353 2512; x_wconf 85' lang='lat' dir='ltr'><strong>circumcirca</strong></span> <span class='ocrx_word' id='word_1_334' title='bbox 3380 2460 3662 2526; x_wconf 86' lang='lat' dir='ltr'><strong>tanquam</strong></span> <span class='ocrx_word' id='word_1_335' title='bbox 3688 2455 3875 2512; x_wconf 86' lang='lat' dir='ltr'><strong>satel-</strong></span> 
     </span>
    </p>
   </div>
   <div class='ocr_carea' id='block_1_49' title="bbox 455 2540 3871 2617">
    <p class='ocr_par' dir='ltr' id='par_1_49' title="bbox 455 2540 3871 2617">
     <span class='ocr_line' id='line_1_49' title="bbox 455 2540 3871 2617; baseline 0.002 -22"><span class='ocrx_word' id='word_1_336' title='bbox 455 2540 583 2597; x_wconf 87' lang='lat' dir='ltr'><strong>litio</strong></span> <span class='ocrx_word' id='word_1_337' title='bbox 614 2543 920 2616; x_wconf 90' lang='lat' dir='ltr'><strong>stipatum)</strong></span> <span class='ocrx_word' id='word_1_338' title='bbox 954 2561 1088 2600; x_wconf 91' lang='lat' dir='ltr'><strong>cum</strong></span> <span class='ocrx_word' id='word_1_339' title='bbox 1119 2545 1415 2615; x_wconf 88' lang='lat' dir='ltr'><strong>voluptate</strong></span> <span class='ocrx_word' id='word_1_340' title='bbox 1443 2549 1500 2600; x_wconf 87' lang='lat' dir='ltr'><strong>et</strong></span> <span class='ocrx_word' id='word_1_341' title='bbox 1530 2543 1812 2600; x_wconf 90' lang='lat' dir='ltr'><strong>miraculo</strong></span> <span class='ocrx_word' id='word_1_342' title='bbox 1847 2560 1860 2598; x_wconf 90' lang='lat'><strong>:</strong></span> <span class='ocrx_word' id='word_1_343' title='bbox 1905 2544 2028 2599; x_wconf 76' lang='lat' dir='ltr'><strong>Fiat</strong></span> <span class='ocrx_word' id='word_1_344' title='bbox 2067 2543 2211 2599; x_wconf 83' lang='lat' dir='ltr'><strong>mihi</strong></span> <span class='ocrx_word' id='word_1_345' title='bbox 2264 2560 2493 2600; x_wconf 80' lang='lat' dir='ltr'><strong>rursum</strong></span> <span class='ocrx_word' id='word_1_346' title='bbox 2545 2546 2845 2602; x_wconf 82' lang='lat' dir='ltr'><strong>secundum</strong></span> <span class='ocrx_word' id='word_1_347' title='bbox 2899 2547 3128 2602; x_wconf 80' lang='lat' dir='ltr'><strong>verbum</strong></span> <span class='ocrx_word' id='word_1_348' title='bbox 3182 2550 3362 2616; x_wconf 78' lang='lat' dir='ltr'><strong>tuum,</strong></span> <span class='ocrx_word' id='word_1_349' title='bbox 3421 2546 3637 2616; x_wconf 88' lang='lat' dir='ltr'><strong>inquit,</strong></span> <span class='ocrx_word' id='word_1_350' title='bbox 3696 2551 3871 2617; x_wconf 83' lang='lat' dir='ltr'><strong>atque</strong></span> 
     </span>
    </p>
   </div>
   <div class='ocr_carea' id='block_1_50' title="bbox 456 2628 3295 2707">
    <p class='ocr_par' dir='ltr' id='par_1_50' title="bbox 456 2628 3295 2707">
     <span class='ocr_line' id='line_1_50' title="bbox 456 2628 3295 2707; baseline 0.002 -23"><span class='ocrx_word' id='word_1_351' title='bbox 456 2628 534 2686; x_wconf 84' lang='lat' dir='ltr'><strong>ita</strong></span> <span class='ocrx_word' id='word_1_352' title='bbox 562 2631 625 2689; x_wconf 89' lang='lat' dir='ltr'><strong>in</strong></span> <span class='ocrx_word' id='word_1_353' title='bbox 656 2633 844 2691; x_wconf 88' lang='lat' dir='ltr'><strong>charis</strong></span> <span class='ocrx_word' id='word_1_354' title='bbox 882 2634 1040 2691; x_wconf 85' lang='lat' dir='ltr'><strong>illius</strong></span> <span class='ocrx_word' id='word_1_355' title='bbox 1072 2634 1371 2703; x_wconf 88' lang='lat' dir='ltr'><strong>manibus,</strong></span> <span class='ocrx_word' id='word_1_356' title='bbox 1405 2633 1649 2705; x_wconf 90' lang='lat' dir='ltr'><strong>perinde</strong></span> <span class='ocrx_word' id='word_1_357' title='bbox 1676 2637 1854 2705; x_wconf 87' lang='lat' dir='ltr'><strong>atque</strong></span> <span class='ocrx_word' id='word_1_358' title='bbox 1880 2633 2273 2702; x_wconf 88' lang='lat' dir='ltr'><strong>obdormiens,</strong></span> <span class='ocrx_word' id='word_1_359' title='bbox 2308 2634 2534 2690; x_wconf 89' lang='lat' dir='ltr'><strong>beatam</strong></span> <span class='ocrx_word' id='word_1_360' title='bbox 2565 2634 2726 2691; x_wconf 88' lang='lat' dir='ltr'><strong>illam</strong></span> <span class='ocrx_word' id='word_1_361' title='bbox 2757 2635 2993 2707; x_wconf 87' lang='lat' dir='ltr'><strong>deponit</strong></span> <span class='ocrx_word' id='word_1_362' title='bbox 3018 2634 3295 2691; x_wconf 82' lang='lat' dir='ltr'><strong>animam.</strong></span> 
     </span>
    </p>
   </div>
   <div class='ocr_carea' id='block_1_51' title="bbox 1070 2758 1506 2816">
    <p class='ocr_par' dir='ltr' id='par_1_51' title="bbox 1070 2758 1506 2816">
     <span class='ocr_line' id='line_1_51' title="bbox 1070 2758 1506 2816; baseline -0.005 0"><span class='ocrx_word' id='word_1_363' title='bbox 1070 2759 1299 2816; x_wconf 87' lang='lat' dir='ltr'><strong>CAPUT</strong></span> <span class='ocrx_word' id='word_1_364' title='bbox 1335 2758 1506 2816; x_wconf 82' lang='lat' dir='ltr'>XXII.</span> 
     </span>
    </p>
   </div>
   <div class='ocr_carea' id='block_1_52' title="bbox 455 2866 2113 2939">
    <p class='ocr_par' dir='ltr' id='par_1_52' title="bbox 455 2866 2113 2939">
     <span class='ocr_line' id='line_1_52' title="bbox 455 2866 2113 2939; baseline 0.001 -19"><span class='ocrx_word' id='word_1_365' title='bbox 455 2866 829 2939; x_wconf 54' lang='lat' dir='ltr'><strong>Es&#39;Dionysio</strong></span> <span class='ocrx_word' id='word_1_366' title='bbox 856 2869 1207 2939; x_wconf 80' lang='lat' dir='ltr'><strong>Areopagita,</strong></span> <span class='ocrx_word' id='word_1_367' title='bbox 1238 2870 1297 2922; x_wconf 82' lang='lat' dir='ltr'><strong>ut</strong></span> <span class='ocrx_word' id='word_1_368' title='bbox 1326 2866 1733 2939; x_wconf 84' lang='lat' dir='ltr'><strong>diviapostoli,</strong></span> <span class='ocrx_word' id='word_1_369' title='bbox 1766 2883 1890 2922; x_wconf 84' lang='lat' dir='ltr'><strong>cum</strong></span> <span class='ocrx_word' id='word_1_370' title='bbox 1938 2866 2113 2938; x_wconf 84' lang='lat' dir='ltr'><strong>ipsius</strong></span> 
     </span>
    </p>
   </div>
   <div class='ocr_carea' id='block_1_53' title="bbox 540 2938 2114 3011">
    <p class='ocr_par' dir='ltr' id='par_1_53' title="bbox 540 2938 2114 3011">
     <span class='ocr_line' id='line_1_53' title="bbox 540 2938 2114 3011; baseline 0 -18"><span class='ocrx_word' id='word_1_371' title='bbox 540 2941 675 3010; x_wconf 83' lang='lat' dir='ltr'><strong>ﬁlio,</strong></span> <span class='ocrx_word' id='word_1_372' title='bbox 716 2938 789 2996; x_wconf 76' lang='lat' dir='ltr'><strong>ad</strong></span> <span class='ocrx_word' id='word_1_373' title='bbox 826 2938 1238 3011; x_wconf 82' lang='lat' dir='ltr'><strong>producendum</strong></span> <span class='ocrx_word' id='word_1_374' title='bbox 1284 2940 1375 2994; x_wconf 86' lang='lat' dir='ltr'><strong>Dei</strong></span> <span class='ocrx_word' id='word_1_375' title='bbox 1442 2938 1739 2994; x_wconf 80' lang='lat' dir='ltr'><strong>Genitricis</strong></span> <span class='ocrx_word' id='word_1_376' title='bbox 1802 2940 1992 3011; x_wconf 76' lang='lat' dir='ltr'><strong>funus,</strong></span> <span class='ocrx_word' id='word_1_377' title='bbox 2041 2953 2114 3011; x_wconf 76' lang='lat' dir='ltr'><strong>ex</strong></span> 
     </span>
    </p>
   </div>
   <div class='ocr_carea' id='block_1_54' title="bbox 529 3010 2111 3081">
    <p class='ocr_par' dir='ltr' id='par_1_54' title="bbox 529 3010 2111 3081">
     <span class='ocr_line' id='line_1_54' title="bbox 529 3010 2111 3081; baseline -0.003 -13"><span class='ocrx_word' id='word_1_378' title='bbox 529 3012 743 3068; x_wconf 79' lang='lat' dir='ltr'><strong>ultimis</strong></span> <span class='ocrx_word' id='word_1_379' title='bbox 793 3010 952 3067; x_wconf 78' lang='lat' dir='ltr'><strong>terrae</strong></span> <span class='ocrx_word' id='word_1_380' title='bbox 1008 3012 1213 3081; x_wconf 82' lang='lat' dir='ltr'><strong>ﬁnibus</strong></span> <span class='ocrx_word' id='word_1_381' title='bbox 1251 3013 1502 3065; x_wconf 77' lang='lat' dir='ltr'><strong>universi</strong></span> <span class='ocrx_word' id='word_1_382' title='bbox 1532 3010 1887 3065; x_wconf 79' lang='lat' dir='ltr'><strong>convenerint</strong></span> <span class='ocrx_word' id='word_1_383' title='bbox 1914 3027 1936 3063; x_wconf 79' lang='lat'><strong>.°</strong></span> <span class='ocrx_word' id='word_1_384' title='bbox 1965 3019 2016 3064; x_wconf 81' lang='lat' dir='ltr'><strong>et</strong></span> <span class='ocrx_word' id='word_1_385' title='bbox 2046 3010 2111 3064; x_wconf 86' lang='lat' dir='ltr'><strong>de</strong></span> 
     </span>
    </p>
   </div>
   <div class='ocr_carea' id='block_1_55' title="bbox 530 3080 2110 3152">
    <p class='ocr_par' dir='ltr' id='par_1_55' title="bbox 530 3080 2110 3152">
     <span class='ocr_line' id='line_1_55' title="bbox 530 3080 2110 3152; baseline -0.002 -12"><span class='ocrx_word' id='word_1_386' title='bbox 530 3083 735 3149; x_wconf 65' lang='lat' dir='ltr'><strong>Judzo,</strong></span> <span class='ocrx_word' id='word_1_387' title='bbox 793 3087 883 3139; x_wconf 89' lang='lat' dir='ltr'><strong>cui</strong></span> <span class='ocrx_word' id='word_1_388' title='bbox 933 3099 1131 3138; x_wconf 83' lang='lat' dir='ltr'><strong>manus</strong></span> <span class='ocrx_word' id='word_1_389' title='bbox 1185 3097 1508 3137; x_wconf 76' lang='lat' dir='ltr'><strong>exarescens</strong></span> <span class='ocrx_word' id='word_1_390' title='bbox 1546 3081 1780 3152; x_wconf 82' lang='lat' dir='ltr'><strong>decidit,</strong></span> <span class='ocrx_word' id='word_1_391' title='bbox 1815 3080 1981 3152; x_wconf 87' lang='lat' dir='ltr'><strong>[quod</strong></span> <span class='ocrx_word' id='word_1_392' title='bbox 2031 3082 2110 3137; x_wconf 91' lang='lat' dir='ltr'><strong>lo-</strong></span> 
     </span>
    </p>
   </div>
   <div class='ocr_carea' id='block_1_56' title="bbox 527 3151 2112 3225">
    <p class='ocr_par' dir='ltr' id='par_1_56' title="bbox 527 3151 2112 3225">
     <span class='ocr_line' id='line_1_56' title="bbox 527 3151 2112 3225; baseline -0.003 -11"><span class='ocrx_word' id='word_1_393' title='bbox 527 3157 676 3214; x_wconf 85' lang='lat' dir='ltr'><strong>culos</strong></span> <span class='ocrx_word' id='word_1_394' title='bbox 722 3170 818 3210; x_wconf 74' lang='lat' dir='ltr'><strong>seu</strong></span> <span class='ocrx_word' id='word_1_395' title='bbox 854 3156 1121 3225; x_wconf 79' lang='lat' dir='ltr'><strong>feretrum</strong></span> <span class='ocrx_word' id='word_1_396' title='bbox 1165 3153 1305 3209; x_wconf 66' lang='lat' dir='ltr'><strong>divz</strong></span> <span class='ocrx_word' id='word_1_397' title='bbox 1350 3155 1588 3222; x_wconf 80' lang='lat' dir='ltr'><strong>Virginis</strong></span> <span class='ocrx_word' id='word_1_398' title='bbox 1644 3151 1908 3225; x_wconf 73' lang='lat' dir='ltr'><strong>impieel</strong></span> <span class='ocrx_word' id='word_1_399' title='bbox 1970 3154 2112 3209; x_wconf 84' lang='lat' dir='ltr'><strong>irre-</strong></span> 
     </span>
    </p>
   </div>
   <div class='ocr_carea' id='block_1_57' title="bbox 528 3226 1203 3298">
    <p class='ocr_par' dir='ltr' id='par_1_57' title="bbox 528 3226 1203 3298">
     <span class='ocr_line' id='line_1_57' title="bbox 528 3226 1203 3298; baseline -0.001 -14"><span class='ocrx_word' id='word_1_400' title='bbox 528 3232 782 3284; x_wconf 82' lang='lat' dir='ltr'><strong>verenter</strong></span> <span class='ocrx_word' id='word_1_401' title='bbox 810 3226 1203 3298; x_wconf 54' lang='grc' dir='ltr'>ωηεν-Μανία]</span> 
     </span>
    </p>
   </div>
   <div class='ocr_carea' id='block_1_58' title="bbox 531 3347 2112 3418">
    <p class='ocr_par' dir='ltr' id='par_1_58' title="bbox 531 3347 2112 3418">
     <span class='ocr_line' id='line_1_58' title="bbox 531 3347 2112 3418; baseline -0.004 -8"><span class='ocrx_word' id='word_1_402' title='bbox 531 3353 814 3410; x_wconf 68' lang='lat' dir='ltr'><strong>Caeterum</strong></span> <span class='ocrx_word' id='word_1_403' title='bbox 847 3365 919 3406; x_wconf 87' lang='lat' dir='ltr'><strong>ne</strong></span> <span class='ocrx_word' id='word_1_404' title='bbox 949 3358 1163 3406; x_wconf 91' lang='lat' dir='ltr'><strong>temere</strong></span> <span class='ocrx_word' id='word_1_405' title='bbox 1194 3349 1389 3404; x_wconf 89' lang='lat' dir='ltr'><strong>videar</strong></span> <span class='ocrx_word' id='word_1_406' title='bbox 1436 3354 1751 3404; x_wconf 88' lang='lat' dir='ltr'><strong>conventus</strong></span> <span class='ocrx_word' id='word_1_407' title='bbox 1821 3347 2112 3418; x_wconf 86' lang='lat' dir='ltr'><strong>apostolo-</strong></span> 
     </span>
    </p>
   </div>
   <div class='ocr_carea' id='block_1_59' title="bbox 460 3438 2112 3505">
    <p class='ocr_par' dir='ltr' id='par_1_59' title="bbox 460 3438 2112 3505">
     <span class='ocr_line' id='line_1_59' title="bbox 460 3438 2112 3505; baseline -0.004 -4"><span class='ocrx_word' id='word_1_408' title='bbox 460 3460 593 3501; x_wconf 89' lang='lat' dir='ltr'><strong>rum</strong></span> <span class='ocrx_word' id='word_1_409' title='bbox 642 3443 702 3498; x_wconf 93' lang='lat' dir='ltr'><strong>in</strong></span> <span class='ocrx_word' id='word_1_410' title='bbox 770 3441 1122 3497; x_wconf 90' lang='lat' dir='ltr'><strong>dormitione</strong></span> <span class='ocrx_word' id='word_1_411' title='bbox 1178 3439 1280 3495; x_wconf 92' lang='lat' dir='ltr'><strong>Dei</strong></span> <span class='ocrx_word' id='word_1_412' title='bbox 1352 3438 1675 3499; x_wconf 87' lang='lat' dir='ltr'><strong>Genetricis</strong></span> <span class='ocrx_word' id='word_1_413' title='bbox 1752 3438 2112 3505; x_wconf 80' lang='lat' dir='ltr'><strong>meminisse,</strong></span> 
     </span>
    </p>
   </div>
   <div class='ocr_carea' id='block_1_60' title="bbox 460 3528 2117 3607">
    <p class='ocr_par' dir='ltr' id='par_1_60' title="bbox 460 3528 2117 3607">
     <span class='ocr_line' id='line_1_60' title="bbox 460 3528 2117 3607; baseline -0.004 -18"><span class='ocrx_word' id='word_1_414' title='bbox 460 3549 694 3607; x_wconf 63' lang='lat' dir='ltr'><strong>equum</strong></span> <span class='ocrx_word' id='word_1_415' title='bbox 717 3547 842 3587; x_wconf 88' lang='lat' dir='ltr'><strong>esse</strong></span> <span class='ocrx_word' id='word_1_416' title='bbox 862 3529 1022 3598; x_wconf 89' lang='lat' dir='ltr'><strong>duxi,</strong></span> <span class='ocrx_word' id='word_1_417' title='bbox 1047 3528 1301 3601; x_wconf 84' lang='lat' dir='ltr'><strong>proferre</strong></span> <span class='ocrx_word' id='word_1_418' title='bbox 1331 3544 1395 3583; x_wconf 83' lang='lat' dir='ltr'><strong>ea</strong></span> <span class='ocrx_word' id='word_1_419' title='bbox 1432 3544 1564 3598; x_wconf 67' lang='lat' dir='ltr'><strong>quas</strong></span> <span class='ocrx_word' id='word_1_420' title='bbox 1608 3528 1912 3600; x_wconf 82' lang='lat' dir='ltr'><strong>Dionysius</strong></span> <span class='ocrx_word' id='word_1_421' title='bbox 1943 3534 2117 3582; x_wconf 79' lang='lat' dir='ltr'><strong>Areo-</strong></span> 
     </span>
    </p>
   </div>
   <div class='ocr_carea' id='block_1_61' title="bbox 460 3616 2113 3695">
    <p class='ocr_par' dir='ltr' id='par_1_61' title="bbox 460 3616 2113 3695">
     <span class='ocr_line' id='line_1_61' title="bbox 460 3616 2113 3695; baseline -0.005 -16"><span class='ocrx_word' id='word_1_422' title='bbox 460 3623 677 3695; x_wconf 87' lang='lat' dir='ltr'><strong>pagita,</strong></span> <span class='ocrx_word' id='word_1_423' title='bbox 713 3621 773 3675; x_wconf 91' lang='lat' dir='ltr'><strong>in</strong></span> <span class='ocrx_word' id='word_1_424' title='bbox 804 3618 975 3675; x_wconf 87' lang='lat' dir='ltr'><strong>tertio</strong></span> <span class='ocrx_word' id='word_1_425' title='bbox 1018 3617 1209 3690; x_wconf 89' lang='lat' dir='ltr'><strong>capite</strong></span> <span class='ocrx_word' id='word_1_426' title='bbox 1258 3617 1329 3672; x_wconf 85' lang='lat' dir='ltr'><strong>ad</strong></span> <span class='ocrx_word' id='word_1_427' title='bbox 1380 3616 1746 3672; x_wconf 89' lang='lat' dir='ltr'><strong>Timotheum</strong></span> <span class='ocrx_word' id='word_1_428' title='bbox 1800 3616 2113 3686; x_wconf 72' lang='lat' dir='ltr'><strong>Ephesium</strong></span> 
     </span>
    </p>
   </div>
   <div class='ocr_carea' id='block_1_62' title="bbox 462 3704 2117 3783">
    <p class='ocr_par' dir='ltr' id='par_1_62' title="bbox 462 3704 2117 3783">
     <span class='ocr_line' id='line_1_62' title="bbox 462 3704 2117 3783; baseline -0.006 -16"><span class='ocrx_word' id='word_1_429' title='bbox 462 3711 803 3783; x_wconf 89' lang='lat' dir='ltr'><strong>episcopum</strong></span> <span class='ocrx_word' id='word_1_430' title='bbox 834 3707 1058 3775; x_wconf 90' lang='lat' dir='ltr'><strong>scribit,</strong></span> <span class='ocrx_word' id='word_1_431' title='bbox 1092 3706 1245 3777; x_wconf 91' lang='lat' dir='ltr'><strong>quod</strong></span> <span class='ocrx_word' id='word_1_432' title='bbox 1278 3710 1451 3775; x_wconf 91' lang='lat' dir='ltr'><strong>caput</strong></span> <span class='ocrx_word' id='word_1_433' title='bbox 1473 3704 1643 3761; x_wconf 89' lang='lat' dir='ltr'><strong>talem</strong></span> <span class='ocrx_word' id='word_1_434' title='bbox 1668 3705 1840 3760; x_wconf 87' lang='lat' dir='ltr'><strong>habet</strong></span> <span class='ocrx_word' id='word_1_435' title='bbox 1863 3705 2117 3775; x_wconf 88' lang='lat' dir='ltr'><strong>inscrip-</strong></span> 
     </span>
    </p>
   </div>
   <div class='ocr_carea' id='block_1_63' title="bbox 461 3792 2117 3865">
    <p class='ocr_par' dir='ltr' id='par_1_63' title="bbox 461 3792 2117 3865">
     <span class='ocr_line' id='line_1_63' title="bbox 461 3792 2117 3865; baseline -0.004 -9"><span class='ocrx_word' id='word_1_436' title='bbox 461 3801 678 3856; x_wconf 87' lang='lat' dir='ltr'><strong>tionem</strong></span> <span class='ocrx_word' id='word_1_437' title='bbox 716 3814 729 3852; x_wconf 92' lang='lat'><strong>:</strong></span> <span class='ocrx_word' id='word_1_438' title='bbox 764 3796 898 3865; x_wconf 53' lang='lat' dir='ltr'><strong>Qum</strong></span> <span class='ocrx_word' id='word_1_439' title='bbox 942 3795 1276 3865; x_wconf 80' lang='lat' dir='ltr'><strong>precationis</strong></span> <span class='ocrx_word' id='word_1_440' title='bbox 1307 3792 1381 3849; x_wconf 80' lang='lat' dir='ltr'><strong>sit</strong></span> <span class='ocrx_word' id='word_1_441' title='bbox 1424 3796 1502 3850; x_wconf 72' lang='lat' dir='ltr'><strong>vis</strong></span> <span class='ocrx_word' id='word_1_442' title='bbox 1527 3811 1547 3850; x_wconf 90' lang='lat'><strong><em>:</em></strong></span> <span class='ocrx_word' id='word_1_443' title='bbox 1597 3794 1662 3849; x_wconf 84' lang='lat' dir='ltr'><strong>de</strong></span> <span class='ocrx_word' id='word_1_444' title='bbox 1713 3793 1869 3850; x_wconf 79' lang='lat' dir='ltr'><strong>beato</strong></span> <span class='ocrx_word' id='word_1_445' title='bbox 1915 3794 2117 3849; x_wconf 82' lang='lat' dir='ltr'><strong>Hiero-</strong></span> 
     </span>
    </p>
   </div>
   <div class='ocr_carea' id='block_1_64' title="bbox 464 3880 2116 3956">
    <p class='ocr_par' dir='ltr' id='par_1_64' title="bbox 464 3880 2116 3956">
     <span class='ocr_line' id='line_1_64' title="bbox 464 3880 2116 3956; baseline -0.004 -13"><span class='ocrx_word' id='word_1_446' title='bbox 464 3889 605 3956; x_wconf 82' lang='lat' dir='ltr'><strong>iheo,</strong></span> <span class='ocrx_word' id='word_1_447' title='bbox 631 3890 680 3943; x_wconf 80' lang='lat' dir='ltr'><strong>et</strong></span> <span class='ocrx_word' id='word_1_448' title='bbox 709 3884 776 3939; x_wconf 85' lang='lat' dir='ltr'><strong>de</strong></span> <span class='ocrx_word' id='word_1_449' title='bbox 801 3885 1074 3953; x_wconf 84' lang='lat' dir='ltr'><strong>religione</strong></span> <span class='ocrx_word' id='word_1_450' title='bbox 1102 3888 1263 3955; x_wconf 86' lang='lat' dir='ltr'><strong>atque</strong></span> <span class='ocrx_word' id='word_1_451' title='bbox 1294 3882 1592 3952; x_wconf 80' lang='lat' dir='ltr'><strong>theologica</strong></span> <span class='ocrx_word' id='word_1_452' title='bbox 1641 3882 1894 3938; x_wconf 81' lang='lat' dir='ltr'><strong>historia.</strong></span> <span class='ocrx_word' id='word_1_453' title='bbox 1930 3880 2116 3937; x_wconf 90' lang='lat' dir='ltr'><strong>Verba</strong></span> 
     </span>
    </p>
   </div>
   <div class='ocr_carea' id='block_1_65' title="bbox 463 3970 2119 4046">
    <p class='ocr_par' dir='ltr' id='par_1_65' title="bbox 463 3970 2119 4046">
     <span class='ocr_line' id='line_1_65' title="bbox 463 3970 2119 4046; baseline -0.004 -15"><span class='ocrx_word' id='word_1_454' title='bbox 463 3976 590 4046; x_wconf 85' lang='lat' dir='ltr'><strong>ejus</strong></span> <span class='ocrx_word' id='word_1_455' title='bbox 618 3974 738 4029; x_wconf 79' lang='lat' dir='ltr'><strong>haec</strong></span> <span class='ocrx_word' id='word_1_456' title='bbox 769 3978 909 4028; x_wconf 89' lang='lat' dir='ltr'><strong>sunt</strong></span> <span class='ocrx_word' id='word_1_457' title='bbox 953 3973 1025 4027; x_wconf 91' lang='lat' dir='ltr'><strong>de</strong></span> <span class='ocrx_word' id='word_1_458' title='bbox 1071 3971 1383 4027; x_wconf 86' lang='lat' dir='ltr'><strong>Hierotheo</strong></span> <span class='ocrx_word' id='word_1_459' title='bbox 1427 3986 1440 4025; x_wconf 91' lang='lat'><strong>:</strong></span> <span class='ocrx_word' id='word_1_460' title='bbox 1474 3992 1503 4021; x_wconf 88' lang='lat'><strong>«</strong></span> <span class='ocrx_word' id='word_1_461' title='bbox 1534 3970 1892 4041; x_wconf 87' lang='lat' dir='ltr'><strong>Congressus</strong></span> <span class='ocrx_word' id='word_1_462' title='bbox 1943 3970 2119 4025; x_wconf 87' lang='lat' dir='ltr'><strong>etiam</strong></span> 
     </span>
    </p>
   </div>
   <div class='ocr_carea' id='block_1_66' title="bbox 468 4057 2121 4126">
    <p class='ocr_par' dir='ltr' id='par_1_66' title="bbox 468 4057 2121 4126">
     <span class='ocr_line' id='line_1_66' title="bbox 468 4057 2121 4126; baseline -0.004 -6"><span class='ocrx_word' id='word_1_463' title='bbox 468 4067 556 4120; x_wconf 87' lang='lat' dir='ltr'><strong>est</strong></span> <span class='ocrx_word' id='word_1_464' title='bbox 586 4077 718 4117; x_wconf 90' lang='lat' dir='ltr'><strong>cum</strong></span> <span class='ocrx_word' id='word_1_465' title='bbox 748 4059 1068 4116; x_wconf 88' lang='lat' dir='ltr'><strong>hierarchis</strong></span> <span class='ocrx_word' id='word_1_466' title='bbox 1097 4060 1293 4115; x_wconf 90' lang='lat' dir='ltr'><strong>divino</strong></span> <span class='ocrx_word' id='word_1_467' title='bbox 1323 4058 1574 4114; x_wconf 89' lang='lat' dir='ltr'><strong>Numine</strong></span> <span class='ocrx_word' id='word_1_468' title='bbox 1615 4057 1851 4126; x_wconf 83' lang='lat' dir='ltr'><strong>afflatis,</strong></span> <span class='ocrx_word' id='word_1_469' title='bbox 1884 4073 2014 4113; x_wconf 91' lang='lat' dir='ltr'><strong>cum</strong></span> <span class='ocrx_word' id='word_1_470' title='bbox 2063 4060 2121 4112; x_wconf 87' lang='lat' dir='ltr'><strong>et</strong></span> 
     </span>
    </p>
   </div>
   <div class='ocr_carea' id='block_1_67' title="bbox 464 4144 2119 4221">
    <p class='ocr_par' dir='ltr' id='par_1_67' title="bbox 464 4144 2119 4221">
     <span class='ocr_line' id='line_1_67' title="bbox 464 4144 2119 4221; baseline -0.005 -12"><span class='ocrx_word' id='word_1_471' title='bbox 464 4167 568 4221; x_wconf 81' lang='lat' dir='ltr'><strong>ego</strong></span> <span class='ocrx_word' id='word_1_472' title='bbox 624 4152 683 4204; x_wconf 86' lang='lat' dir='ltr'><strong>et</strong></span> <span class='ocrx_word' id='word_1_473' title='bbox 740 4149 885 4219; x_wconf 89' lang='lat' dir='ltr'><strong>ipse,</strong></span> <span class='ocrx_word' id='word_1_474' title='bbox 936 4148 1152 4219; x_wconf 88' lang='lat' dir='ltr'><strong>aliique</strong></span> <span class='ocrx_word' id='word_1_475' title='bbox 1210 4145 1378 4201; x_wconf 90' lang='lat' dir='ltr'><strong>multi</strong></span> <span class='ocrx_word' id='word_1_476' title='bbox 1435 4162 1504 4200; x_wconf 84' lang='lat' dir='ltr'><strong>ex</strong></span> <span class='ocrx_word' id='word_1_477' title='bbox 1561 4145 1781 4201; x_wconf 90' lang='lat' dir='ltr'><strong>sanctis</strong></span> <span class='ocrx_word' id='word_1_478' title='bbox 1836 4144 2119 4201; x_wconf 87' lang='lat' dir='ltr'><strong>fratribus</strong></span> 
     </span>
    </p>
   </div>
   <div class='ocr_carea' id='block_1_68' title="bbox 463 4233 2122 4306">
    <p class='ocr_par' dir='ltr' id='par_1_68' title="bbox 463 4233 2122 4306">
     <span class='ocr_line' id='line_1_68' title="bbox 463 4233 2122 4306; baseline -0.004 -10"><span class='ocrx_word' id='word_1_479' title='bbox 463 4239 703 4305; x_wconf 88' lang='lat' dir='ltr'><strong>nostris,</strong></span> <span class='ocrx_word' id='word_1_480' title='bbox 733 4238 805 4292; x_wconf 86' lang='lat' dir='ltr'><strong>ad</strong></span> <span class='ocrx_word' id='word_1_481' title='bbox 855 4234 1257 4306; x_wconf 85' lang='lat' dir='ltr'><strong>spectaculum</strong></span> <span class='ocrx_word' id='word_1_482' title='bbox 1310 4233 1596 4305; x_wconf 88' lang='lat' dir='ltr'><strong>corporis,</strong></span> <span class='ocrx_word' id='word_1_483' title='bbox 1629 4234 1786 4304; x_wconf 90' lang='lat' dir='ltr'><strong>quod</strong></span> <span class='ocrx_word' id='word_1_484' title='bbox 1828 4238 2122 4289; x_wconf 90' lang='lat' dir='ltr'><strong>auctorem</strong></span> 
     </span>
    </p>
   </div>
   <div class='ocr_carea' id='block_1_69' title="bbox 463 4321 2122 4397">
    <p class='ocr_par' dir='ltr' id='par_1_69' title="bbox 463 4321 2122 4397">
     <span class='ocr_line' id='line_1_69' title="bbox 463 4321 2122 4397; baseline -0.004 -13"><span class='ocrx_word' id='word_1_485' title='bbox 463 4330 592 4384; x_wconf 77' lang='lat' dir='ltr'><strong>vites</strong></span> <span class='ocrx_word' id='word_1_486' title='bbox 623 4327 926 4397; x_wconf 90' lang='lat' dir='ltr'><strong>Deumque</strong></span> <span class='ocrx_word' id='word_1_487' title='bbox 959 4325 1341 4394; x_wconf 79' lang='lat' dir='ltr'><strong>suscepisset,</strong></span> <span class='ocrx_word' id='word_1_488' title='bbox 1384 4321 1880 4378; x_wconf 89' lang='lat' dir='ltr'><strong>convevissemus.</strong></span> <span class='ocrx_word' id='word_1_489' title='bbox 1913 4324 2122 4379; x_wconf 85' lang='lat' dir='ltr'><strong>Aderat</strong></span> 
     </span>
    </p>
   </div>
   <div class='ocr_carea' id='block_1_70' title="bbox 464 4411 2119 4486">
    <p class='ocr_par' dir='ltr' id='par_1_70' title="bbox 464 4411 2119 4486">
     <span class='ocr_line' id='line_1_70' title="bbox 464 4411 2119 4486; baseline -0.004 -12"><span class='ocrx_word' id='word_1_490' title='bbox 464 4417 544 4474; x_wconf 91' lang='lat' dir='ltr'><strong>ibi</strong></span> <span class='ocrx_word' id='word_1_491' title='bbox 575 4416 824 4474; x_wconf 86' lang='lat' dir='ltr'><strong>Jacobus</strong></span> <span class='ocrx_word' id='word_1_492' title='bbox 856 4431 1086 4486; x_wconf 91' lang='lat' dir='ltr'><strong>quoque</strong></span> <span class='ocrx_word' id='word_1_493' title='bbox 1123 4415 1300 4469; x_wconf 84' lang='lat' dir='ltr'><strong>frater</strong></span> <span class='ocrx_word' id='word_1_494' title='bbox 1337 4411 1591 4478; x_wconf 86' lang='lat' dir='ltr'><strong>Domini,</strong></span> <span class='ocrx_word' id='word_1_495' title='bbox 1629 4415 1685 4467; x_wconf 89' lang='lat' dir='ltr'><strong>et</strong></span> <span class='ocrx_word' id='word_1_496' title='bbox 1727 4412 1865 4468; x_wconf 91' lang='lat' dir='ltr'><strong>item</strong></span> <span class='ocrx_word' id='word_1_497' title='bbox 1896 4412 2119 4480; x_wconf 88' lang='lat' dir='ltr'><strong>Petrus,</strong></span> 
     </span>
    </p>
   </div>
   <div class='ocr_carea' id='block_1_71' title="bbox 465 4500 2120 4578">
    <p class='ocr_par' dir='ltr' id='par_1_71' title="bbox 465 4500 2120 4578">
     <span class='ocr_line' id='line_1_71' title="bbox 465 4500 2120 4578; baseline -0.004 -15"><span class='ocrx_word' id='word_1_498' title='bbox 465 4522 811 4578; x_wconf 87' lang='lat' dir='ltr'><strong>supremum</strong></span> <span class='ocrx_word' id='word_1_499' title='bbox 843 4509 1015 4574; x_wconf 80' lang='lat' dir='ltr'><strong>atque</strong></span> <span class='ocrx_word' id='word_1_500' title='bbox 1058 4503 1451 4560; x_wconf 87' lang='lat' dir='ltr'><strong>venerandum</strong></span> <span class='ocrx_word' id='word_1_501' title='bbox 1502 4500 1902 4573; x_wconf 83' lang='lat' dir='ltr'><strong>theologorum</strong></span> <span class='ocrx_word' id='word_1_502' title='bbox 1959 4501 2120 4557; x_wconf 84' lang='lat' dir='ltr'><strong>fasti-</strong></span> 
     </span>
    </p>
   </div>
   <div class='ocr_carea' id='block_1_72' title="bbox 2848 2760 3254 2816">
    <p class='ocr_par' dir='ltr' id='par_1_72' title="bbox 2848 2760 3254 2816">
     <span class='ocr_line' id='line_1_72' title="bbox 2848 2760 3254 2816; baseline 0.005 -2"><span class='ocrx_word' id='word_1_503' title='bbox 2848 2762 3108 2816; x_wconf 83' lang='grc' dir='ltr'><strong>ΚΕΦΑΛ.</strong></span> <span class='ocrx_word' id='word_1_504' title='bbox 3153 2760 3254 2816; x_wconf 91' lang='grc' dir='ltr'><strong>ΙΒ’.</strong></span> 
     </span>
    </p>
   </div>
   <div class='ocr_carea' id='block_1_73' title="bbox 2223 2865 3866 2945">
    <p class='ocr_par' dir='ltr' id='par_1_73' title="bbox 2223 2865 3866 2945">
     <span class='ocr_line' id='line_1_73' title="bbox 2223 2865 3866 2945; baseline 0.002 -21"><span class='ocrx_word' id='word_1_505' title='bbox 2223 2868 2337 2945; x_wconf 70' lang='grc' dir='ltr'>Ἐκ</span> <span class='ocrx_word' id='word_1_506' title='bbox 2363 2870 3061 2945; x_wconf 38' lang='grc' dir='ltr'><strong>τῶν-Δι-ονυςςίουςτΟῢΔ</strong></span> <span class='ocrx_word' id='word_1_507' title='bbox 3083 2870 3571 2945; x_wconf 69' lang='grc' dir='ltr'>’Δρεοπαγίτου</span> <span class='ocrx_word' id='word_1_508' title='bbox 3599 2890 3610 2903; x_wconf 92' lang='grc'><strong>·</strong></span> <span class='ocrx_word' id='word_1_509' title='bbox 3663 2868 3747 2927; x_wconf 83' lang='grc' dir='ltr'>ὡς</span> <span class='ocrx_word' id='word_1_510' title='bbox 3780 2865 3866 2945; x_wconf 56' lang='grc' dir='ltr'><strong>ὀ]</strong></span> 
     </span>
    </p>
   </div>
   <div class='ocr_carea' id='block_1_74' title="bbox 2294 2938 3866 3015">
    <p class='ocr_par' dir='ltr' id='par_1_74' title="bbox 2294 2938 3866 3015">
     <span class='ocr_line' id='line_1_74' title="bbox 2294 2938 3866 3015; baseline 0.008 -24"><span class='ocrx_word' id='word_1_511' title='bbox 2294 2939 2462 3015; x_wconf 78' lang='grc' dir='ltr'>θεῖοι</span> <span class='ocrx_word' id='word_1_512' title='bbox 2496 2940 2867 2996; x_wconf 81' lang='grc' dir='ltr'>ἀπόστολοι</span> <span class='ocrx_word' id='word_1_513' title='bbox 2897 2938 3291 3012; x_wconf 75' lang='grc' dir='ltr'>ἀθρόον’συν</span> <span class='ocrx_word' id='word_1_514' title='bbox 3337 2938 3428 3015; x_wconf 75' lang='grc' dir='ltr'><strong>τῷ</strong></span> <span class='ocrx_word' id='word_1_515' title='bbox 3454 2943 3701 3009; x_wconf 77' lang='grc' dir='ltr'>ταύτης</span> <span class='ocrx_word' id='word_1_516' title='bbox 3730 2938 3866 3007; x_wconf 66' lang='grc' dir='ltr'><strong>ι’ἶῷ</strong></span> 
     </span>
    </p>
   </div>
   <div class='ocr_carea' id='block_1_75' title="bbox 2290 3014 3859 3088">
    <p class='ocr_par' dir='ltr' id='par_1_75' title="bbox 2290 3014 3859 3088">
     <span class='ocr_line' id='line_1_75' title="bbox 2290 3014 3859 3088; baseline -0.019 0"><span class='ocrx_word' id='word_1_517' title='bbox 2290 3014 2786 3088; x_wconf 62' lang='grc' dir='ltr'><strong>τῆ,προπο,μπῇ</strong></span> <span class='ocrx_word' id='word_1_518' title='bbox 2828 3017 2941 3088; x_wconf 80' lang='grc' dir='ltr'>τοῦ</span> <span class='ocrx_word' id='word_1_519' title='bbox 2988 3017 3178 3088; x_wconf 80' lang='grc' dir='ltr'>ἱεροῦ</span> <span class='ocrx_word' id='word_1_520' title='bbox 3228 3016 3531 3084; x_wconf 82' lang='grc' dir='ltr'>σκήνους</span> <span class='ocrx_word' id='word_1_521' title='bbox 3572 3015 3859 3088; x_wconf 55' lang='grc' dir='ltr'>τῆςΘεος</span> 
     </span>
    </p>
   </div>
   <div class='ocr_carea' id='block_1_76' title="bbox 2295 3079 3859 3158">
    <p class='ocr_par' dir='ltr' id='par_1_76' title="bbox 2295 3079 3859 3158">
     <span class='ocr_line' id='line_1_76' title="bbox 2295 3079 3859 3158; baseline -0.001 -22"><span class='ocrx_word' id='word_1_522' title='bbox 2295 3079 2591 3158; x_wconf 65' lang='grc' dir='ltr'>μήτορος</span> <span class='ocrx_word' id='word_1_523' title='bbox 2623 3079 3024 3158; x_wconf 76' lang='grc' dir='ltr'>ἐκπεράνων</span> <span class='ocrx_word' id='word_1_524' title='bbox 3065 3079 3541 3158; x_wconf 48' lang='grc' dir='ltr'><strong>¹συνήχθησαν,</strong></span> <span class='ocrx_word' id='word_1_525' title='bbox 3566 3079 3859 3152; x_wconf 78' lang='grc' dir='ltr'>καὶπερὶ</span> 
     </span>
    </p>
   </div>
   <div class='ocr_carea' id='block_1_77' title="bbox 2292 3151 3539 3233">
    <p class='ocr_par' dir='ltr' id='par_1_77' title="bbox 2292 3151 3539 3233">
     <span class='ocr_line' id='line_1_77' title="bbox 2292 3151 3539 3233; baseline 0.005 -26"><span class='ocrx_word' id='word_1_526' title='bbox 2292 3151 2406 3208; x_wconf 81' lang='grc' dir='ltr'>τοῦ</span> <span class='ocrx_word' id='word_1_527' title='bbox 2439 3151 2876 3219; x_wconf 72' lang='grc' dir='ltr'>διακοπέντος</span> <span class='ocrx_word' id='word_1_528' title='bbox 2910 3163 3160 3233; x_wconf 87' lang='grc' dir='ltr'>χεῖρας</span> <span class='ocrx_word' id='word_1_529' title='bbox 3192 3151 3539 3233; x_wconf 64' lang='grc' dir='ltr'>Ἐἶραίουζ</span> 
     </span>
    </p>
   </div>
   <div class='ocr_carea' id='block_1_78' title="bbox 2296 3347 3867 3427">
    <p class='ocr_par' dir='ltr' id='par_1_78' title="bbox 2296 3347 3867 3427">
     <span class='ocr_line' id='line_1_78' title="bbox 2296 3347 3867 3427; baseline 0.004 -22"><span class='ocrx_word' id='word_1_530' title='bbox 2296 3351 2413 3405; x_wconf 84' lang='grc' dir='ltr'>Ἵνα</span> <span class='ocrx_word' id='word_1_531' title='bbox 2439 3347 2497 3405; x_wconf 73' lang='grc' dir='ltr'>δὲ</span> <span class='ocrx_word' id='word_1_532' title='bbox 2532 3352 2607 3422; x_wconf 82' lang='grc' dir='ltr'>μή</span> <span class='ocrx_word' id='word_1_533' title='bbox 2641 3348 2806 3427; x_wconf 83' lang='grc' dir='ltr'>λόγος</span> <span class='ocrx_word' id='word_1_534' title='bbox 2847 3350 3036 3417; x_wconf 73' lang='grc' dir='ltr'>ἄλλως</span> <span class='ocrx_word' id='word_1_535' title='bbox 3084 3350 3218 3427; x_wconf 79' lang='grc' dir='ltr'>δοκῇ</span> <span class='ocrx_word' id='word_1_536' title='bbox 3249 3358 3359 3410; x_wconf 90' lang='grc' dir='ltr'><strong>τῶν</strong></span> <span class='ocrx_word' id='word_1_537' title='bbox 3408 3352 3729 3411; x_wconf 79' lang='grc' dir='ltr'>ἀποστόλων</span> <span class='ocrx_word' id='word_1_538' title='bbox 3775 3353 3867 3411; x_wconf 78' lang='grc' dir='ltr'>ἐπὶ</span> 
     </span>
    </p>
   </div>
   <div class='ocr_carea' id='block_1_79' title="bbox 2223 3441 3872 3519">
    <p class='ocr_par' dir='ltr' id='par_1_79' title="bbox 2223 3441 3872 3519">
     <span class='ocr_line' id='line_1_79' title="bbox 2223 3441 3872 3519; baseline 0.005 -28"><span class='ocrx_word' id='word_1_539' title='bbox 2223 3441 2292 3511; x_wconf 83' lang='grc' dir='ltr'><strong>τῇ</strong></span> <span class='ocrx_word' id='word_1_540' title='bbox 2347 3443 2604 3510; x_wconf 80' lang='grc' dir='ltr'>κοιμήσει</span> <span class='ocrx_word' id='word_1_541' title='bbox 2643 3447 2743 3510; x_wconf 82' lang='grc' dir='ltr'>τῆς</span> <span class='ocrx_word' id='word_1_542' title='bbox 2791 3444 3141 3518; x_wconf 85' lang='grc' dir='ltr'>Θεομήτορος</span> <span class='ocrx_word' id='word_1_543' title='bbox 3190 3443 3513 3519; x_wconf 81' lang='grc' dir='ltr'>ἀθροισμὸς,</span> <span class='ocrx_word' id='word_1_544' title='bbox 3559 3446 3872 3519; x_wconf 80' lang='grc' dir='ltr'>προσθεῖναί</span> 
     </span>
    </p>
   </div>
   <div class='ocr_carea' id='block_1_80' title="bbox 2230 3526 3868 3610">
    <p class='ocr_par' dir='ltr' id='par_1_80' title="bbox 2230 3526 3868 3610">
     <span class='ocr_line' id='line_1_80' title="bbox 2230 3526 3868 3610; baseline 0.005 -29"><span class='ocrx_word' id='word_1_545' title='bbox 2230 3547 2323 3600; x_wconf 88' lang='grc' dir='ltr'><strong>μοι</strong></span> <span class='ocrx_word' id='word_1_546' title='bbox 2357 3526 2476 3583; x_wconf 89' lang='grc' dir='ltr'>δέον</span> <span class='ocrx_word' id='word_1_547' title='bbox 2507 3527 2851 3606; x_wconf 83' lang='grc' dir='ltr'>λελόγισται,</span> <span class='ocrx_word' id='word_1_548' title='bbox 2894 3531 2983 3586; x_wconf 79' lang='grc' dir='ltr'><strong>καὶ</strong></span> <span class='ocrx_word' id='word_1_549' title='bbox 3031 3533 3064 3586; x_wconf 78' lang='grc' dir='ltr'>ἃ</span> <span class='ocrx_word' id='word_1_550' title='bbox 3112 3533 3389 3595; x_wconf 88' lang='grc' dir='ltr'>Διονύσιος</span> <span class='ocrx_word' id='word_1_551' title='bbox 3422 3535 3450 3588; x_wconf 86' lang='grc' dir='ltr'><strong>ὁ</strong></span> <span class='ocrx_word' id='word_1_552' title='bbox 3482 3534 3868 3610; x_wconf 79' lang='grc' dir='ltr'>’Δρεοπαγίτης</span> 
     </span>
    </p>
   </div>
   <div class='ocr_carea' id='block_1_81' title="bbox 2224 3613 3872 3699">
    <p class='ocr_par' dir='ltr' id='par_1_81' title="bbox 2224 3613 3872 3699">
     <span class='ocr_line' id='line_1_81' title="bbox 2224 3613 3872 3699; baseline 0.005 -29"><span class='ocrx_word' id='word_1_553' title='bbox 2224 3613 2277 3670; x_wconf 82' lang='grc' dir='ltr'>ἒν</span> <span class='ocrx_word' id='word_1_554' title='bbox 2331 3615 2411 3690; x_wconf 79' lang='grc' dir='ltr'>τῷ</span> <span class='ocrx_word' id='word_1_555' title='bbox 2460 3618 2596 3693; x_wconf 88' lang='grc' dir='ltr'>πρὸς</span> <span class='ocrx_word' id='word_1_556' title='bbox 2640 3618 2902 3692; x_wconf 83' lang='grc' dir='ltr'>Τιμόθεον</span> <span class='ocrx_word' id='word_1_557' title='bbox 2957 3620 3252 3676; x_wconf 87' lang='grc' dir='ltr'>ἐπίσκοπον</span> <span class='ocrx_word' id='word_1_558' title='bbox 3313 3622 3538 3699; x_wconf 75' lang='grc' dir='ltr'>Ἐφέσου</span> <span class='ocrx_word' id='word_1_559' title='bbox 3580 3626 3748 3697; x_wconf 85' lang='grc' dir='ltr'>τρίτῳ</span> <span class='ocrx_word' id='word_1_560' title='bbox 3788 3645 3872 3678; x_wconf 86' lang='grc' dir='ltr'>κε-</span> 
     </span>
    </p>
   </div>
   <div class='ocr_carea' id='block_1_82' title="bbox 2225 3704 3870 3788">
    <p class='ocr_par' dir='ltr' id='par_1_82' title="bbox 2225 3704 3870 3788">
     <span class='ocr_line' id='line_1_82' title="bbox 2225 3704 3870 3788; baseline 0.005 -29"><span class='ocrx_word' id='word_1_561' title='bbox 2225 3704 2447 3782; x_wconf 78' lang='grc' dir='ltr'>φαλαίῳ</span> <span class='ocrx_word' id='word_1_562' title='bbox 2476 3707 2640 3781; x_wconf 74' lang='grc' dir='ltr'>φησὶν</span> <span class='ocrx_word' id='word_1_563' title='bbox 2671 3708 2699 3763; x_wconf 81' lang='grc' dir='ltr'>ὃ</span> <span class='ocrx_word' id='word_1_564' title='bbox 2730 3710 3001 3782; x_wconf 76' lang='grc' dir='ltr'>περὶτοῦ,</span> <span class='ocrx_word' id='word_1_565' title='bbox 3033 3710 3137 3773; x_wconf 92' lang='grc' dir='ltr'>Τίς</span> <span class='ocrx_word' id='word_1_566' title='bbox 3178 3712 3212 3782; x_wconf 78' lang='grc' dir='ltr'><strong>ἡ</strong></span> <span class='ocrx_word' id='word_1_567' title='bbox 3244 3718 3365 3780; x_wconf 80' lang='grc' dir='ltr'>τῆς</span> <span class='ocrx_word' id='word_1_568' title='bbox 3413 3713 3635 3788; x_wconf 80' lang='grc' dir='ltr'>εὐχῆς</span> <span class='ocrx_word' id='word_1_569' title='bbox 3681 3710 3870 3767; x_wconf 83' lang='grc' dir='ltr'>δύνα-</span> 
     </span>
    </p>
   </div>
   <div class='ocr_carea' id='block_1_83' title="bbox 2229 3797 3866 3875">
    <p class='ocr_par' dir='ltr' id='par_1_83' title="bbox 2229 3797 3866 3875">
     <span class='ocr_line' id='line_1_83' title="bbox 2229 3797 3866 3875; baseline 0.006 -27"><span class='ocrx_word' id='word_1_570' title='bbox 2229 3816 2374 3869; x_wconf 82' lang='grc' dir='ltr'>μις,</span> <span class='ocrx_word' id='word_1_571' title='bbox 2407 3797 2522 3851; x_wconf 84' lang='grc' dir='ltr'><strong>καὶ</strong></span> <span class='ocrx_word' id='word_1_572' title='bbox 2558 3797 2853 3871; x_wconf 76' lang='grc' dir='ltr'>περὶτοῦ</span> <span class='ocrx_word' id='word_1_573' title='bbox 2886 3800 3215 3875; x_wconf 84' lang='grc' dir='ltr'>μακαρίου</span> <span class='ocrx_word' id='word_1_574' title='bbox 3247 3800 3580 3874; x_wconf 79' lang='grc' dir='ltr'>Ἰεροθέου</span> <span class='ocrx_word' id='word_1_575' title='bbox 3623 3801 3731 3856; x_wconf 77' lang='grc' dir='ltr'><strong>καὶ</strong></span> <span class='ocrx_word' id='word_1_576' title='bbox 3774 3823 3866 3858; x_wconf 86' lang='grc' dir='ltr'><strong>πε-</strong></span> 
     </span>
    </p>
   </div>
   <div class='ocr_carea' id='block_1_84' title="bbox 2228 3882 3868 3967">
    <p class='ocr_par' dir='ltr' id='par_1_84' title="bbox 2228 3882 3868 3967">
     <span class='ocr_line' id='line_1_84' title="bbox 2228 3882 3868 3967; baseline 0.002 -26"><span class='ocrx_word' id='word_1_577' title='bbox 2228 3884 2290 3960; x_wconf 88' lang='grc' dir='ltr'><strong>ρὶ</strong></span> <span class='ocrx_word' id='word_1_578' title='bbox 2320 3882 2691 3950; x_wconf 75' lang='grc' dir='ltr'>εὐλαϐείας</span> <span class='ocrx_word' id='word_1_579' title='bbox 2724 3890 2834 3943; x_wconf 85' lang='grc' dir='ltr'><strong>καὶ</strong></span> <span class='ocrx_word' id='word_1_580' title='bbox 2874 3898 3257 3967; x_wconf 83' lang='grc' dir='ltr'>συγγραφῆς</span> <span class='ocrx_word' id='word_1_581' title='bbox 3304 3892 3746 3967; x_wconf 81' lang='grc' dir='ltr'>θεολογικῆς,</span> <span class='ocrx_word' id='word_1_582' title='bbox 3772 3895 3868 3962; x_wconf 69' lang='grc' dir='ltr'><strong>τήν</strong></span> 
     </span>
    </p>
   </div>
   <div class='ocr_carea' id='block_1_85' title="bbox 2227 3972 3864 4054">
    <p class='ocr_par' dir='ltr' id='par_1_85' title="bbox 2227 3972 3864 4054">
     <span class='ocr_line' id='line_1_85' title="bbox 2227 3972 3864 4054; baseline 0.007 -27"><span class='ocrx_word' id='word_1_583' title='bbox 2227 3972 2527 4052; x_wconf 74' lang='grc' dir='ltr'>ἐπιγραφήν</span> <span class='ocrx_word' id='word_1_584' title='bbox 2545 3977 2788 4052; x_wconf 79' lang='grc' dir='ltr'>εἱληφεν.</span> <span class='ocrx_word' id='word_1_585' title='bbox 2813 3980 2976 4054; x_wconf 81' lang='grc' dir='ltr'>Ἔχει</span> <span class='ocrx_word' id='word_1_586' title='bbox 3002 3978 3060 4034; x_wconf 76' lang='grc' dir='ltr'>δὲ</span> <span class='ocrx_word' id='word_1_587' title='bbox 3089 3980 3224 4035; x_wconf 85' lang='grc' dir='ltr'>κατὰ</span> <span class='ocrx_word' id='word_1_588' title='bbox 3249 3979 3393 4051; x_wconf 80' lang='grc' dir='ltr'>λέξιν</span> <span class='ocrx_word' id='word_1_589' title='bbox 3423 3981 3595 4042; x_wconf 77' lang='grc' dir='ltr'>οὕτως</span> <span class='ocrx_word' id='word_1_590' title='bbox 3618 4002 3631 4014; x_wconf 90' lang='grc'>·</span> <span class='ocrx_word' id='word_1_591' title='bbox 3670 4006 3693 4032; x_wconf 76' lang='grc' dir='ltr'>ι</span> <span class='ocrx_word' id='word_1_592' title='bbox 3720 3983 3864 4040; x_wconf 77' lang='grc' dir='ltr'>Ἐπεὶ</span> 
     </span>
    </p>
   </div>
   <div class='ocr_carea' id='block_1_86' title="bbox 2225 4061 3869 4144">
    <p class='ocr_par' dir='ltr' id='par_1_86' title="bbox 2225 4061 3869 4144">
     <span class='ocr_line' id='line_1_86' title="bbox 2225 4061 3869 4144; baseline 0.004 -29"><span class='ocrx_word' id='word_1_593' title='bbox 2225 4061 2316 4116; x_wconf 85' lang='grc' dir='ltr'><strong>καὶ</strong></span> <span class='ocrx_word' id='word_1_594' title='bbox 2370 4061 2560 4126; x_wconf 78' lang='grc' dir='ltr'>αὐτοῖς</span> <span class='ocrx_word' id='word_1_595' title='bbox 2617 4063 2947 4136; x_wconf 77' lang='grc' dir='ltr'>θεολήπτοις</span> <span class='ocrx_word' id='word_1_596' title='bbox 3007 4069 3165 4139; x_wconf 81' lang='grc' dir='ltr'>ἡμῶν</span> <span class='ocrx_word' id='word_1_597' title='bbox 3208 4068 3494 4144; x_wconf 77' lang='grc' dir='ltr'>ἱεράρχαις</span> <span class='ocrx_word' id='word_1_598' title='bbox 3565 4069 3722 4139; x_wconf 69' lang='grc' dir='ltr'>ἡνίκα</span> <span class='ocrx_word' id='word_1_599' title='bbox 3781 4070 3869 4125; x_wconf 80' lang='grc' dir='ltr'><strong>καὶ</strong></span> 
     </span>
    </p>
   </div>
   <div class='ocr_carea' id='block_1_87' title="bbox 2232 4151 3866 4231">
    <p class='ocr_par' dir='ltr' id='par_1_87' title="bbox 2232 4151 3866 4231">
     <span class='ocr_line' id='line_1_87' title="bbox 2232 4151 3866 4231; baseline 0.006 -27"><span class='ocrx_word' id='word_1_600' title='bbox 2232 4151 2420 4223; x_wconf 84' lang='grc' dir='ltr'>ἡμεῖς,</span> <span class='ocrx_word' id='word_1_601' title='bbox 2462 4151 2538 4213; x_wconf 86' lang='grc' dir='ltr'>ὡς</span> <span class='ocrx_word' id='word_1_602' title='bbox 2584 4154 2741 4208; x_wconf 83' lang='grc' dir='ltr'>οἶσθα</span> <span class='ocrx_word' id='word_1_603' title='bbox 2790 4156 2879 4209; x_wconf 83' lang='grc' dir='ltr'><strong>καὶ</strong></span> <span class='ocrx_word' id='word_1_604' title='bbox 2931 4154 3115 4219; x_wconf 82' lang='grc' dir='ltr'>αὐτὸς,</span> <span class='ocrx_word' id='word_1_605' title='bbox 3160 4156 3259 4211; x_wconf 87' lang='grc' dir='ltr'><strong>κπὶ</strong></span> <span class='ocrx_word' id='word_1_606' title='bbox 3305 4155 3513 4214; x_wconf 77' lang='grc' dir='ltr'>πολλοὶ</span> <span class='ocrx_word' id='word_1_607' title='bbox 3558 4163 3666 4213; x_wconf 90' lang='grc' dir='ltr'><strong>τῶν</strong></span> <span class='ocrx_word' id='word_1_608' title='bbox 3710 4160 3866 4231; x_wconf 74' lang='grc' dir='ltr'>ἱερῶν</span> 
     </span>
    </p>
   </div>
   <div class='ocr_carea' id='block_1_88' title="bbox 2239 4237 3871 4323">
    <p class='ocr_par' dir='ltr' id='par_1_88' title="bbox 2239 4237 3871 4323">
     <span class='ocr_line' id='line_1_88' title="bbox 2239 4237 3871 4323; baseline 0.006 -30"><span class='ocrx_word' id='word_1_609' title='bbox 2239 4240 2394 4311; x_wconf 65' lang='grc' dir='ltr'>ἡμῶν</span> <span class='ocrx_word' id='word_1_610' title='bbox 2427 4237 2697 4318; x_wconf 77' lang='grc' dir='ltr'>ἀδελφῶν,</span> <span class='ocrx_word' id='word_1_611' title='bbox 2728 4241 2814 4298; x_wconf 89' lang='grc' dir='ltr'><strong>ἐπὶ</strong></span> <span class='ocrx_word' id='word_1_612' title='bbox 2847 4246 2946 4314; x_wconf 80' lang='grc' dir='ltr'>τὴν</span> <span class='ocrx_word' id='word_1_613' title='bbox 2975 4244 3096 4299; x_wconf 80' lang='grc' dir='ltr'>θέαν</span> <span class='ocrx_word' id='word_1_614' title='bbox 3124 4250 3221 4300; x_wconf 79' lang='grc' dir='ltr'><strong>τοῦ</strong></span> <span class='ocrx_word' id='word_1_615' title='bbox 3262 4247 3558 4323; x_wconf 82' lang='grc' dir='ltr'>θεαρχικοῦ</span> <span class='ocrx_word' id='word_1_616' title='bbox 3607 4248 3696 4303; x_wconf 83' lang='grc' dir='ltr'><strong>καὶ</strong></span> <span class='ocrx_word' id='word_1_617' title='bbox 3730 4254 3871 4317; x_wconf 85' lang='grc' dir='ltr'>ζωο-</span> 
     </span>
    </p>
   </div>
   <div class='ocr_carea' id='block_1_89' title="bbox 2233 4326 3868 4410">
    <p class='ocr_par' dir='ltr' id='par_1_89' title="bbox 2233 4326 3868 4410">
     <span class='ocr_line' id='line_1_89' title="bbox 2233 4326 3868 4410; baseline 0.007 -28"><span class='ocrx_word' id='word_1_618' title='bbox 2233 4326 2405 4404; x_wconf 83' lang='grc' dir='ltr'>δόχου</span> <span class='ocrx_word' id='word_1_619' title='bbox 2466 4331 2721 4404; x_wconf 87' lang='grc' dir='ltr'>σώματος</span> <span class='ocrx_word' id='word_1_620' title='bbox 2780 4332 3223 4407; x_wconf 79' lang='grc' dir='ltr'>συνεληλύθαμεν</span> <span class='ocrx_word' id='word_1_621' title='bbox 3259 4354 3272 4367; x_wconf 83' lang='grc'><strong>·</strong></span> <span class='ocrx_word' id='word_1_622' title='bbox 3334 4340 3513 4410; x_wconf 80' lang='grc' dir='ltr'>παρῇν</span> <span class='ocrx_word' id='word_1_623' title='bbox 3593 4335 3649 4392; x_wconf 75' lang='grc' dir='ltr'>δὲ</span> <span class='ocrx_word' id='word_1_624' title='bbox 3694 4337 3781 4393; x_wconf 80' lang='grc' dir='ltr'><strong>καὶ</strong></span> <span class='ocrx_word' id='word_1_625' title='bbox 3841 4340 3868 4393; x_wconf 84' lang='grc' dir='ltr'>ὁ</span> 
     </span>
    </p>
   </div>
   <div class='ocr_carea' id='block_1_90' title="bbox 2234 4414 3867 4503">
    <p class='ocr_par' dir='ltr' id='par_1_90' title="bbox 2234 4414 3867 4503">
     <span class='ocr_line' id='line_1_90' title="bbox 2234 4414 3867 4503; baseline 0.006 -31"><span class='ocrx_word' id='word_1_626' title='bbox 2234 4414 2565 4496; x_wconf 75' lang='grc' dir='ltr'>ἆδελφόθεος</span> <span class='ocrx_word' id='word_1_627' title='bbox 2621 4419 2908 4493; x_wconf 79' lang='grc' dir='ltr'>Ἰάκωϐος,</span> <span class='ocrx_word' id='word_1_628' title='bbox 2965 4423 3056 4479; x_wconf 83' lang='grc' dir='ltr'><strong>καὶ</strong></span> <span class='ocrx_word' id='word_1_629' title='bbox 3110 4425 3331 4498; x_wconf 85' lang='grc' dir='ltr'>Πέτρος,</span> <span class='ocrx_word' id='word_1_630' title='bbox 3381 4428 3416 4495; x_wconf 85' lang='grc' dir='ltr'>ἡ</span> <span class='ocrx_word' id='word_1_631' title='bbox 3472 4426 3742 4503; x_wconf 80' lang='grc' dir='ltr'>κορυφαία</span> <span class='ocrx_word' id='word_1_632' title='bbox 3782 4428 3867 4482; x_wconf 79' lang='grc' dir='ltr'><strong>καὶ</strong></span> 
     </span>
    </p>
   </div>
   <div class='ocr_carea' id='block_1_91' title="bbox 2231 4503 3867 4588">
    <p class='ocr_par' dir='ltr' id='par_1_91' title="bbox 2231 4503 3867 4588">
     <span class='ocr_line' id='line_1_91' title="bbox 2231 4503 3867 4588; baseline 0.006 -27"><span class='ocrx_word' id='word_1_633' title='bbox 2231 4503 2574 4581; x_wconf 79' lang='grc' dir='ltr'>πρεσϐυτάτη</span> <span class='ocrx_word' id='word_1_634' title='bbox 2633 4515 2739 4565; x_wconf 88' lang='grc' dir='ltr'><strong>τῶν</strong></span> <span class='ocrx_word' id='word_1_635' title='bbox 2810 4510 3089 4588; x_wconf 83' lang='grc' dir='ltr'>θεολόγων</span> <span class='ocrx_word' id='word_1_636' title='bbox 3166 4513 3402 4587; x_wconf 84' lang='grc' dir='ltr'>ἀκρότης</span> <span class='ocrx_word' id='word_1_637' title='bbox 3450 4534 3462 4547; x_wconf 88' lang='grc'><strong>·</strong></span> <span class='ocrx_word' id='word_1_638' title='bbox 3532 4516 3645 4570; x_wconf 78' lang='grc' dir='ltr'>εἶτα</span> <span class='ocrx_word' id='word_1_639' title='bbox 3698 4514 3867 4571; x_wconf 79' lang='grc' dir='ltr'>ἐδόκει</span> 
     </span>
    </p>
   </div>
   <div class='ocr_carea' id='block_1_92' title="bbox 465 4573 2116 4679">
    <p class='ocr_par' dir='ltr' id='par_1_92' title="bbox 465 4573 2116 4671">
     <span class='ocr_line' id='line_1_92' title="bbox 465 4573 2116 4671; baseline -0.002 -20"><span class='ocrx_word' id='word_1_640' title='bbox 465 4573 646 4671; x_wconf 77' lang='lat' dir='ltr'><strong>gium.</strong></span> <span class='ocrx_word' id='word_1_641' title='bbox 672 4595 891 4651; x_wconf 89' lang='lat' dir='ltr'><strong>Deinde</strong></span> <span class='ocrx_word' id='word_1_642' title='bbox 923 4573 1055 4667; x_wconf 83' lang='lat' dir='ltr'><strong>post</strong></span> <span class='ocrx_word' id='word_1_643' title='bbox 1098 4593 1154 4648; x_wconf 89' lang='lat' dir='ltr'><strong>id</strong></span> <span class='ocrx_word' id='word_1_644' title='bbox 1203 4591 1625 4664; x_wconf 87' lang='lat' dir='ltr'><strong>spectaculum,</strong></span> <span class='ocrx_word' id='word_1_645' title='bbox 1674 4591 1859 4647; x_wconf 84' lang='lat' dir='ltr'><strong>visum</strong></span> <span class='ocrx_word' id='word_1_646' title='bbox 1907 4596 2017 4660; x_wconf 87' lang='lat' dir='ltr'><strong>est,</strong></span> <span class='ocrx_word' id='word_1_647' title='bbox 2060 4596 2116 4647; x_wconf 84' lang='lat' dir='ltr'><strong>ut</strong></span> 
     </span>
    </p>
   </div>
   <div class='ocr_carea' id='block_1_93' title="bbox 2231 4573 3864 4679">
    <p class='ocr_par' dir='ltr' id='par_1_93' title="bbox 2237 4597 3864 4679">
     <span class='ocr_line' id='line_1_93' title="bbox 2237 4597 3864 4679; baseline 0.007 -29"><span class='ocrx_word' id='word_1_648' title='bbox 2237 4597 2369 4667; x_wconf 85' lang='grc' dir='ltr'>μετὰ</span> <span class='ocrx_word' id='word_1_649' title='bbox 2408 4599 2509 4667; x_wconf 73' lang='grc' dir='ltr'>τήν</span> <span class='ocrx_word' id='word_1_650' title='bbox 2563 4597 2680 4653; x_wconf 83' lang='grc' dir='ltr'>θέαν</span> <span class='ocrx_word' id='word_1_651' title='bbox 2743 4600 2981 4673; x_wconf 84' lang='grc' dir='ltr'>ὑμνῆσαι</span> <span class='ocrx_word' id='word_1_652' title='bbox 3023 4603 3149 4665; x_wconf 81' lang='grc' dir='ltr'>τοὺς</span> <span class='ocrx_word' id='word_1_653' title='bbox 3196 4604 3457 4679; x_wconf 76' lang='grc' dir='ltr'>ἱεράρχας</span> <span class='ocrx_word' id='word_1_654' title='bbox 3517 4606 3749 4668; x_wconf 75' lang='grc' dir='ltr'>ἅπαντας</span> <span class='ocrx_word' id='word_1_655' title='bbox 3792 4608 3864 4668; x_wconf 82' lang='grc' dir='ltr'>ὡς</span> 
     </span>
    </p>
   </div>
   <div class='ocr_carea' id='block_1_94' title="bbox 473 4679 2123 4753">
    <p class='ocr_par' dir='ltr' id='par_1_94' title="bbox 473 4679 2123 4753">
     <span class='ocr_line' id='line_1_94' title="bbox 473 4679 2123 4753; baseline -0.002 -12"><span class='ocrx_word' id='word_1_656' title='bbox 473 4684 793 4741; x_wconf 71' lang='lat' dir='ltr'><strong>hierarchas</strong></span> <span class='ocrx_word' id='word_1_657' title='bbox 814 4700 1038 4750; x_wconf 87' lang='lat' dir='ltr'><strong>omnes,</strong></span> <span class='ocrx_word' id='word_1_658' title='bbox 1062 4699 1161 4753; x_wconf 92' lang='lat' dir='ltr'><strong>pro</strong></span> <span class='ocrx_word' id='word_1_659' title='bbox 1185 4698 1243 4737; x_wconf 89' lang='lat' dir='ltr'><strong>se</strong></span> <span class='ocrx_word' id='word_1_660' title='bbox 1264 4682 1510 4753; x_wconf 89' lang='lat' dir='ltr'><strong>quisque</strong></span> <span class='ocrx_word' id='word_1_661' title='bbox 1534 4685 1598 4736; x_wconf 92' lang='lat' dir='ltr'><strong>ut</strong></span> <span class='ocrx_word' id='word_1_662' title='bbox 1640 4685 1857 4752; x_wconf 90' lang='lat' dir='ltr'><strong>posset,</strong></span> <span class='ocrx_word' id='word_1_663' title='bbox 1905 4679 2123 4752; x_wconf 86' lang='lat' dir='ltr'><strong>hymno</strong></span> 
     </span>
    </p>
   </div>
   <div class='ocr_carea' id='block_1_95' title="bbox 467 4769 2121 4845">
    <p class='ocr_par' dir='ltr' id='par_1_95' title="bbox 467 4769 2121 4845">
     <span class='ocr_line' id='line_1_95' title="bbox 467 4769 2121 4845; baseline -0.004 -15"><span class='ocrx_word' id='word_1_664' title='bbox 467 4778 721 4842; x_wconf 88' lang='lat' dir='ltr'><strong>cantato,</strong></span> <span class='ocrx_word' id='word_1_665' title='bbox 752 4772 1267 4845; x_wconf 80' lang='lat' dir='ltr'><strong>inﬁnitipotentem</strong></span> <span class='ocrx_word' id='word_1_666' title='bbox 1302 4770 1512 4825; x_wconf 65' lang='lat' dir='ltr'><strong>divinat</strong></span> <span class='ocrx_word' id='word_1_667' title='bbox 1546 4769 1778 4826; x_wconf 89' lang='lat' dir='ltr'><strong>virtutis</strong></span> <span class='ocrx_word' id='word_1_668' title='bbox 1799 4769 2121 4843; x_wconf 85' lang='lat' dir='ltr'><strong>bonitatem</strong></span> 
     </span>
    </p>
   </div>
   <div class='ocr_carea' id='block_1_96' title="bbox 467 4858 2125 4926">
    <p class='ocr_par' dir='ltr' id='par_1_96' title="bbox 467 4858 2125 4926">
     <span class='ocr_line' id='line_1_96' title="bbox 467 4858 2125 4926; baseline -0.005 -6"><span class='ocrx_word' id='word_1_669' title='bbox 467 4863 961 4920; x_wconf 86' lang='lat' dir='ltr'><strong>conceiebrarent.</strong></span> <span class='ocrx_word' id='word_1_670' title='bbox 995 4860 1313 4917; x_wconf 89' lang='lat' dir='ltr'><strong>Meministi</strong></span> <span class='ocrx_word' id='word_1_671' title='bbox 1344 4863 1405 4915; x_wconf 90' lang='lat' dir='ltr'><strong>tu</strong></span> <span class='ocrx_word' id='word_1_672' title='bbox 1450 4858 1614 4926; x_wconf 88' lang='lat' dir='ltr'><strong>satis,</strong></span> <span class='ocrx_word' id='word_1_673' title='bbox 1668 4866 1726 4914; x_wconf 86' lang='lat' dir='ltr'><strong>ut</strong></span> <span class='ocrx_word' id='word_1_674' title='bbox 1776 4858 1855 4913; x_wconf 90' lang='lat' dir='ltr'><strong>ibi</strong></span> <span class='ocrx_word' id='word_1_675' title='bbox 1906 4873 2125 4914; x_wconf 90' lang='lat' dir='ltr'><strong>secun-</strong></span> 
     </span>
    </p>
   </div>
   <div class='ocr_carea' id='block_1_97' title="bbox 466 4947 2123 5025">
    <p class='ocr_par' dir='ltr' id='par_1_97' title="bbox 466 4947 2123 5025">
     <span class='ocr_line' id='line_1_97' title="bbox 466 4947 2123 5025; baseline -0.004 -16"><span class='ocrx_word' id='word_1_676' title='bbox 466 4953 608 5009; x_wconf 90' lang='lat' dir='ltr'><strong>dum</strong></span> <span class='ocrx_word' id='word_1_677' title='bbox 639 4952 939 5025; x_wconf 86' lang='lat' dir='ltr'><strong>theologos</strong></span> <span class='ocrx_word' id='word_1_678' title='bbox 970 4951 1150 5022; x_wconf 88' lang='lat' dir='ltr'><strong>ipsos,</strong></span> <span class='ocrx_word' id='word_1_679' title='bbox 1208 4964 1414 5004; x_wconf 90' lang='lat' dir='ltr'><strong>omnes</strong></span> <span class='ocrx_word' id='word_1_680' title='bbox 1465 4947 1609 5004; x_wconf 86' lang='lat' dir='ltr'><strong>alios</strong></span> <span class='ocrx_word' id='word_1_681' title='bbox 1658 4962 1854 5003; x_wconf 88' lang='lat' dir='ltr'><strong>sacros</strong></span> <span class='ocrx_word' id='word_1_682' title='bbox 1905 4951 2123 5020; x_wconf 80' lang='lat' dir='ltr'><strong>mystas</strong></span> 
     </span>
    </p>
   </div>
   <div class='ocr_carea' id='block_1_98' title="bbox 463 5037 2120 5114">
    <p class='ocr_par' dir='ltr' id='par_1_98' title="bbox 463 5037 2120 5114">
     <span class='ocr_line' id='line_1_98' title="bbox 463 5037 2120 5114; baseline -0.004 -17"><span class='ocrx_word' id='word_1_683' title='bbox 463 5041 636 5114; x_wconf 88' lang='lat' dir='ltr'><strong>longe</strong></span> <span class='ocrx_word' id='word_1_684' title='bbox 693 5041 1000 5111; x_wconf 89' lang='lat' dir='ltr'><strong>superarit,</strong></span> <span class='ocrx_word' id='word_1_685' title='bbox 1056 5043 1213 5095; x_wconf 86' lang='lat' dir='ltr'><strong>totus</strong></span> <span class='ocrx_word' id='word_1_686' title='bbox 1270 5054 1303 5093; x_wconf 90' lang='lat' dir='ltr'><strong>a</strong></span> <span class='ocrx_word' id='word_1_687' title='bbox 1359 5037 1549 5110; x_wconf 86' lang='lat' dir='ltr'><strong>seipse</strong></span> <span class='ocrx_word' id='word_1_688' title='bbox 1616 5037 1912 5104; x_wconf 89' lang='lat' dir='ltr'><strong>secedens,</strong></span> <span class='ocrx_word' id='word_1_689' title='bbox 1965 5042 2120 5091; x_wconf 90' lang='lat' dir='ltr'><strong>totus</strong></span> 
     </span>
    </p>
   </div>
   <div class='ocr_carea' id='block_1_99' title="bbox 468 5128 2119 5202">
    <p class='ocr_par' dir='ltr' id='par_1_99' title="bbox 468 5128 2119 5202">
     <span class='ocr_line' id='line_1_99' title="bbox 468 5128 2119 5202; baseline -0.005 -15"><span class='ocrx_word' id='word_1_690' title='bbox 468 5140 659 5187; x_wconf 90' lang='lat' dir='ltr'><strong>mente</strong></span> <span class='ocrx_word' id='word_1_691' title='bbox 702 5135 863 5187; x_wconf 86' lang='lat' dir='ltr'><strong>extra</strong></span> <span class='ocrx_word' id='word_1_692' title='bbox 901 5129 1164 5202; x_wconf 89' lang='lat' dir='ltr'><strong>seipsum</strong></span> <span class='ocrx_word' id='word_1_693' title='bbox 1213 5128 1453 5199; x_wconf 89' lang='lat' dir='ltr'><strong>degens,</strong></span> <span class='ocrx_word' id='word_1_694' title='bbox 1496 5132 1555 5182; x_wconf 90' lang='lat' dir='ltr'><strong>et</strong></span> <span class='ocrx_word' id='word_1_695' title='bbox 1612 5141 1854 5197; x_wconf 89' lang='lat' dir='ltr'><strong>prorsus</strong></span> <span class='ocrx_word' id='word_1_696' title='bbox 1910 5141 2119 5181; x_wconf 85' lang='lat' dir='ltr'><strong>conve-</strong></span> 
     </span>
    </p>
   </div>
   <div class='ocr_carea' id='block_1_100' title="bbox 469 5215 2121 5290">
    <p class='ocr_par' dir='ltr' id='par_1_100' title="bbox 469 5215 2121 5290">
     <span class='ocr_line' id='line_1_100' title="bbox 469 5215 2121 5290; baseline -0.004 -13"><span class='ocrx_word' id='word_1_697' title='bbox 469 5219 690 5277; x_wconf 88' lang='lat' dir='ltr'><strong>nientia</strong></span> <span class='ocrx_word' id='word_1_698' title='bbox 717 5220 798 5276; x_wconf 89' lang='lat' dir='ltr'><strong>eis</strong></span> <span class='ocrx_word' id='word_1_699' title='bbox 838 5235 961 5290; x_wconf 71' lang='lat' dir='ltr'><strong>quas</strong></span> <span class='ocrx_word' id='word_1_700' title='bbox 1009 5217 1252 5274; x_wconf 87' lang='lat' dir='ltr'><strong>canebat</strong></span> <span class='ocrx_word' id='word_1_701' title='bbox 1300 5217 1551 5287; x_wconf 89' lang='lat' dir='ltr'><strong>patiens,</strong></span> <span class='ocrx_word' id='word_1_702' title='bbox 1593 5215 1673 5272; x_wconf 91' lang='lat' dir='ltr'><strong>ita</strong></span> <span class='ocrx_word' id='word_1_703' title='bbox 1712 5219 1776 5271; x_wconf 88' lang='lat' dir='ltr'><strong>ut</strong></span> <span class='ocrx_word' id='word_1_704' title='bbox 1823 5232 1858 5271; x_wconf 87' lang='lat' dir='ltr'><strong>a</strong></span> <span class='ocrx_word' id='word_1_705' title='bbox 1906 5215 2121 5286; x_wconf 89' lang='lat' dir='ltr'><strong>quibus</strong></span> 
     </span>
    </p>
   </div>
   <div class='ocr_carea' id='block_1_101' title="bbox 470 5303 2123 5377">
    <p class='ocr_par' dir='ltr' id='par_1_101' title="bbox 470 5303 2123 5377">
     <span class='ocr_line' id='line_1_101' title="bbox 470 5303 2123 5377; baseline -0.002 -15"><span class='ocrx_word' id='word_1_706' title='bbox 470 5310 816 5363; x_wconf 89' lang='lat' dir='ltr'><strong>audiebatur</strong></span> <span class='ocrx_word' id='word_1_707' title='bbox 860 5314 913 5364; x_wconf 89' lang='lat' dir='ltr'><strong>et</strong></span> <span class='ocrx_word' id='word_1_708' title='bbox 962 5304 1445 5377; x_wconf 87' lang='lat' dir='ltr'><strong>conspiciebatur,</strong></span> <span class='ocrx_word' id='word_1_709' title='bbox 1493 5303 1669 5360; x_wconf 90' lang='lat' dir='ltr'><strong>simul</strong></span> <span class='ocrx_word' id='word_1_710' title='bbox 1728 5308 1784 5358; x_wconf 93' lang='lat' dir='ltr'><strong>et</strong></span> <span class='ocrx_word' id='word_1_711' title='bbox 1838 5318 2123 5374; x_wconf 88' lang='lat' dir='ltr'><strong>cognosce</strong></span> 
     </span>
    </p>
   </div>
   <div class='ocr_carea' id='block_1_102' title="bbox 471 5391 2125 5468">
    <p class='ocr_par' dir='ltr' id='par_1_102' title="bbox 471 5391 2125 5468">
     <span class='ocr_line' id='line_1_102' title="bbox 471 5391 2125 5468; baseline -0.001 -19"><span class='ocrx_word' id='word_1_712' title='bbox 471 5400 632 5450; x_wconf 90' lang='lat' dir='ltr'><strong>retur</strong></span> <span class='ocrx_word' id='word_1_713' title='bbox 660 5401 716 5450; x_wconf 89' lang='lat' dir='ltr'><strong>et</strong></span> <span class='ocrx_word' id='word_1_714' title='bbox 764 5412 881 5452; x_wconf 92' lang='lat' dir='ltr'><strong>non</strong></span> <span class='ocrx_word' id='word_1_715' title='bbox 932 5398 1395 5468; x_wconf 86' lang='lat' dir='ltr'><strong>cognosceretur,</strong></span> <span class='ocrx_word' id='word_1_716' title='bbox 1454 5393 1706 5449; x_wconf 91' lang='lat' dir='ltr'><strong>Numine</strong></span> <span class='ocrx_word' id='word_1_717' title='bbox 1758 5391 2011 5459; x_wconf 84' lang='lat' dir='ltr'><strong>afflatus,</strong></span> <span class='ocrx_word' id='word_1_718' title='bbox 2068 5397 2125 5447; x_wconf 88' lang='lat' dir='ltr'><strong>et</strong></span> 
     </span>
    </p>
   </div>
   <div class='ocr_carea' id='block_1_103' title="bbox 473 5481 2125 5556">
    <p class='ocr_par' dir='ltr' id='par_1_103' title="bbox 473 5481 2125 5556">
     <span class='ocr_line' id='line_1_103' title="bbox 473 5481 2125 5556; baseline -0.002 -17"><span class='ocrx_word' id='word_1_719' title='bbox 473 5483 700 5539; x_wconf 88' lang='lat' dir='ltr'><strong>divinus</strong></span> <span class='ocrx_word' id='word_1_720' title='bbox 735 5486 1078 5556; x_wconf 84' lang='lat' dir='ltr'><strong>hymnorum</strong></span> <span class='ocrx_word' id='word_1_721' title='bbox 1110 5489 1314 5541; x_wconf 90' lang='lat' dir='ltr'><strong>cantor</strong></span> <span class='ocrx_word' id='word_1_722' title='bbox 1337 5483 1661 5554; x_wconf 88' lang='lat' dir='ltr'><strong>judicatus.</strong></span> <span class='ocrx_word' id='word_1_723' title='bbox 1705 5482 1815 5539; x_wconf 88' lang='lat' dir='ltr'><strong>Sed</strong></span> <span class='ocrx_word' id='word_1_724' title='bbox 1844 5482 1986 5552; x_wconf 92' lang='lat' dir='ltr'><strong>quid</strong></span> <span class='ocrx_word' id='word_1_725' title='bbox 2022 5481 2125 5537; x_wconf 83' lang='lat' dir='ltr'><strong>tibi</strong></span> 
     </span>
    </p>
   </div>
   <div class='ocr_carea' id='block_1_104' title="bbox 472 5570 2124 5644">
    <p class='ocr_par' dir='ltr' id='par_1_104' title="bbox 472 5570 2124 5644">
     <span class='ocr_line' id='line_1_104' title="bbox 472 5570 2124 5644; baseline -0.001 -16"><span class='ocrx_word' id='word_1_726' title='bbox 472 5573 543 5628; x_wconf 91' lang='lat' dir='ltr'><strong>de</strong></span> <span class='ocrx_word' id='word_1_727' title='bbox 567 5571 660 5640; x_wconf 90' lang='lat' dir='ltr'><strong>iis,</strong></span> <span class='ocrx_word' id='word_1_728' title='bbox 696 5589 819 5644; x_wconf 82' lang='lat' dir='ltr'><strong>quas</strong></span> <span class='ocrx_word' id='word_1_729' title='bbox 876 5584 996 5631; x_wconf 83' lang='lat' dir='ltr'><strong>tum</strong></span> <span class='ocrx_word' id='word_1_730' title='bbox 1055 5573 1247 5631; x_wconf 89' lang='lat' dir='ltr'><strong>sancti</strong></span> <span class='ocrx_word' id='word_1_731' title='bbox 1303 5573 1389 5628; x_wconf 89' lang='lat' dir='ltr'><strong>illi</strong></span> <span class='ocrx_word' id='word_1_732' title='bbox 1434 5573 1547 5630; x_wconf 91' lang='lat' dir='ltr'><strong>viri</strong></span> <span class='ocrx_word' id='word_1_733' title='bbox 1605 5570 1925 5644; x_wconf 87' lang='lat' dir='ltr'><strong>theologati</strong></span> <span class='ocrx_word' id='word_1_734' title='bbox 1983 5570 2124 5638; x_wconf 90' lang='lat' dir='ltr'><strong>sint,</strong></span> 
     </span>
    </p>
   </div>
   <div class='ocr_carea' id='block_1_105' title="bbox 472 5659 2126 5735">
    <p class='ocr_par' dir='ltr' id='par_1_105' title="bbox 472 5659 2126 5735">
     <span class='ocr_line' id='line_1_105' title="bbox 472 5659 2126 5735; baseline -0.002 -15"><span class='ocrx_word' id='word_1_735' title='bbox 472 5663 663 5720; x_wconf 89' lang='lat' dir='ltr'><strong>dicam</strong></span> <span class='ocrx_word' id='word_1_736' title='bbox 685 5663 887 5732; x_wconf 85' lang='lat' dir='ltr'><strong>?cum,</strong></span> <span class='ocrx_word' id='word_1_737' title='bbox 944 5665 1054 5722; x_wconf 88' lang='lat' dir='ltr'><strong>nisi</strong></span> <span class='ocrx_word' id='word_1_738' title='bbox 1084 5662 1202 5719; x_wconf 89' lang='lat' dir='ltr'><strong>mei</strong></span> <span class='ocrx_word' id='word_1_739' title='bbox 1233 5679 1466 5734; x_wconf 90' lang='lat' dir='ltr'><strong>quoque</strong></span> <span class='ocrx_word' id='word_1_740' title='bbox 1496 5663 1684 5735; x_wconf 88' lang='lat' dir='ltr'><strong>ipsius</strong></span> <span class='ocrx_word' id='word_1_741' title='bbox 1718 5661 1833 5718; x_wconf 87' lang='lat' dir='ltr'><strong>sim</strong></span> <span class='ocrx_word' id='word_1_742' title='bbox 1880 5659 2126 5731; x_wconf 89' lang='lat' dir='ltr'><strong>oblitus,</strong></span> 
     </span>
    </p>
   </div>
   <div class='ocr_carea' id='block_1_106' title="bbox 2230 4683 3864 4767">
    <p class='ocr_par' dir='ltr' id='par_1_106' title="bbox 2230 4683 3864 4767">
     <span class='ocr_line' id='line_1_106' title="bbox 2230 4683 3864 4767; baseline 0.007 -27"><span class='ocrx_word' id='word_1_743' title='bbox 2230 4683 2451 4749; x_wconf 76' lang='grc' dir='ltr'>ἕκαστος</span> <span class='ocrx_word' id='word_1_744' title='bbox 2518 4685 2658 4760; x_wconf 84' lang='grc' dir='ltr'>ἔχει,</span> <span class='ocrx_word' id='word_1_745' title='bbox 2725 4690 2824 4757; x_wconf 74' lang='grc' dir='ltr'>τὴν</span> <span class='ocrx_word' id='word_1_746' title='bbox 2891 4688 3323 4765; x_wconf 84' lang='grc' dir='ltr'>ἀπειροδύναμον</span> <span class='ocrx_word' id='word_1_747' title='bbox 3402 4694 3710 4767; x_wconf 83' lang='grc' dir='ltr'>ἆγαΘόνητα</span> <span class='ocrx_word' id='word_1_748' title='bbox 3772 4702 3864 4762; x_wconf 77' lang='grc' dir='ltr'>τῆς</span> 
     </span>
    </p>
   </div>
   <div class='ocr_carea' id='block_1_107' title="bbox 2233 4776 3861 4856">
    <p class='ocr_par' dir='ltr' id='par_1_107' title="bbox 2233 4776 3861 4856">
     <span class='ocr_line' id='line_1_107' title="bbox 2233 4776 3861 4856; baseline 0.006 -28"><span class='ocrx_word' id='word_1_749' title='bbox 2233 4776 2527 4849; x_wconf 76' lang='grc' dir='ltr'>θεαρχικῆς</span> <span class='ocrx_word' id='word_1_750' title='bbox 2595 4777 2896 4853; x_wconf 83' lang='grc' dir='ltr'>ἁγιαστίας.</span> <span class='ocrx_word' id='word_1_751' title='bbox 2968 4781 3185 4835; x_wconf 84' lang='grc' dir='ltr'>Πάντων</span> <span class='ocrx_word' id='word_1_752' title='bbox 3255 4780 3464 4856; x_wconf 75' lang='grc' dir='ltr'>ἐκράτει</span> <span class='ocrx_word' id='word_1_753' title='bbox 3549 4783 3681 4856; x_wconf 72' lang='grc' dir='ltr'>μετὰ</span> <span class='ocrx_word' id='word_1_754' title='bbox 3744 4784 3861 4844; x_wconf 72' lang='grc' dir='ltr'>τοὺς</span> 
     </span>
    </p>
   </div>
   <div class='ocr_carea' id='block_1_108' title="bbox 2232 4860 3864 4945">
    <p class='ocr_par' dir='ltr' id='par_1_108' title="bbox 2232 4860 3864 4945">
     <span class='ocr_line' id='line_1_108' title="bbox 2232 4860 3864 4945; baseline 0.006 -28"><span class='ocrx_word' id='word_1_755' title='bbox 2232 4860 2547 4939; x_wconf 80' lang='grc' dir='ltr'>θεολόγους,</span> <span class='ocrx_word' id='word_1_756' title='bbox 2578 4865 2653 4928; x_wconf 81' lang='grc' dir='ltr'><strong>ὡς</strong></span> <span class='ocrx_word' id='word_1_757' title='bbox 2707 4866 2885 4936; x_wconf 82' lang='grc' dir='ltr'>οἶσθα,</span> <span class='ocrx_word' id='word_1_758' title='bbox 2934 4872 3040 4924; x_wconf 89' lang='grc' dir='ltr'><strong>τῶν</strong></span> <span class='ocrx_word' id='word_1_759' title='bbox 3091 4868 3277 4925; x_wconf 82' lang='grc' dir='ltr'>ἄλλων</span> <span class='ocrx_word' id='word_1_760' title='bbox 3332 4872 3693 4945; x_wconf 79' lang='grc' dir='ltr'>ἱερομυστῶν,</span> <span class='ocrx_word' id='word_1_761' title='bbox 3743 4872 3864 4935; x_wconf 83' lang='grc' dir='ltr'>ὅλος</span> 
     </span>
    </p>
   </div>
   <div class='ocr_carea' id='block_1_109' title="bbox 2232 4949 3863 5034">
    <p class='ocr_par' dir='ltr' id='par_1_109' title="bbox 2232 4949 3863 5034">
     <span class='ocr_line' id='line_1_109' title="bbox 2232 4949 3863 5034; baseline 0.006 -28"><span class='ocrx_word' id='word_1_762' title='bbox 2232 4949 2510 5026; x_wconf 86' lang='grc' dir='ltr'>ἐκδημῶν.</span> <span class='ocrx_word' id='word_1_763' title='bbox 2547 4953 2679 5016; x_wconf 82' lang='grc' dir='ltr'>ὅλος</span> <span class='ocrx_word' id='word_1_764' title='bbox 2719 4954 3063 5030; x_wconf 79' lang='grc' dir='ltr'>ἐξιστάμενος</span> <span class='ocrx_word' id='word_1_765' title='bbox 3109 4958 3326 5029; x_wconf 72' lang='grc' dir='ltr'>ἑαυτοῦ,</span> <span class='ocrx_word' id='word_1_766' title='bbox 3357 4960 3445 5014; x_wconf 83' lang='grc' dir='ltr'><strong>καὶ</strong></span> <span class='ocrx_word' id='word_1_767' title='bbox 3496 4962 3598 5029; x_wconf 80' lang='grc' dir='ltr'>τὴν</span> <span class='ocrx_word' id='word_1_768' title='bbox 3641 4962 3775 5034; x_wconf 76' lang='grc' dir='ltr'>πρὸς</span> <span class='ocrx_word' id='word_1_769' title='bbox 3800 4963 3863 5016; x_wconf 70' lang='grc' dir='ltr'>τὰ</span> 
     </span>
    </p>
   </div>
   <div class='ocr_carea' id='block_1_110' title="bbox 2236 5040 3858 5124">
    <p class='ocr_par' dir='ltr' id='par_1_110' title="bbox 2236 5040 3858 5124">
     <span class='ocr_line' id='line_1_110' title="bbox 2236 5040 3858 5124; baseline 0.006 -29"><span class='ocrx_word' id='word_1_770' title='bbox 2236 5040 2543 5115; x_wconf 82' lang='grc' dir='ltr'>ὑμνούμενα</span> <span class='ocrx_word' id='word_1_771' title='bbox 2598 5045 2891 5099; x_wconf 83' lang='grc' dir='ltr'>κοινωνίαν</span> <span class='ocrx_word' id='word_1_772' title='bbox 2951 5045 3179 5124; x_wconf 87' lang='grc' dir='ltr'>πάσχων</span> <span class='ocrx_word' id='word_1_773' title='bbox 3226 5048 3319 5102; x_wconf 83' lang='grc' dir='ltr'><strong>καὶ</strong></span> <span class='ocrx_word' id='word_1_774' title='bbox 3367 5049 3503 5123; x_wconf 87' lang='grc' dir='ltr'>πρὸς</span> <span class='ocrx_word' id='word_1_775' title='bbox 3542 5050 3755 5104; x_wconf 89' lang='grc' dir='ltr'>πάντων</span> <span class='ocrx_word' id='word_1_776' title='bbox 3792 5072 3858 5104; x_wconf 83' lang='grc' dir='ltr'><strong>ων</strong></span> 
     </span>
    </p>
   </div>
   <div class='ocr_carea' id='block_1_111' title="bbox 2230 5128 3864 5213">
    <p class='ocr_par' dir='ltr' id='par_1_111' title="bbox 2230 5128 3864 5213">
     <span class='ocr_line' id='line_1_111' title="bbox 2230 5128 3864 5213; baseline 0.006 -30"><span class='ocrx_word' id='word_1_777' title='bbox 2230 5128 2462 5199; x_wconf 76' lang='grc' dir='ltr'>ἠκούετο</span> <span class='ocrx_word' id='word_1_778' title='bbox 2504 5132 2595 5187; x_wconf 88' lang='grc' dir='ltr'><strong>καὶ</strong></span> <span class='ocrx_word' id='word_1_779' title='bbox 2653 5133 2881 5195; x_wconf 72' lang='grc' dir='ltr'>ἑωρᾶτο.</span> <span class='ocrx_word' id='word_1_780' title='bbox 2947 5138 3042 5190; x_wconf 78' lang='grc' dir='ltr'><strong>Καὶ</strong></span> <span class='ocrx_word' id='word_1_781' title='bbox 3112 5133 3438 5212; x_wconf 85' lang='grc' dir='ltr'>ἐγινώσκετο</span> <span class='ocrx_word' id='word_1_782' title='bbox 3490 5138 3581 5192; x_wconf 83' lang='grc' dir='ltr'><strong>καὶ</strong></span> <span class='ocrx_word' id='word_1_783' title='bbox 3630 5138 3732 5193; x_wconf 82' lang='grc' dir='ltr'>οὐκ</span> <span class='ocrx_word' id='word_1_784' title='bbox 3774 5139 3864 5213; x_wconf 80' lang='grc' dir='ltr'>ἐγι-</span> 
     </span>
    </p>
   </div>
   <div class='ocr_carea' id='block_1_112' title="bbox 2230 5219 3863 5302">
    <p class='ocr_par' dir='ltr' id='par_1_112' title="bbox 2230 5219 3863 5302">
     <span class='ocr_line' id='line_1_112' title="bbox 2230 5219 3863 5302; baseline 0.006 -30"><span class='ocrx_word' id='word_1_785' title='bbox 2230 5219 2487 5289; x_wconf 86' lang='grc' dir='ltr'>νώσκετο,</span> <span class='ocrx_word' id='word_1_786' title='bbox 2542 5219 2849 5291; x_wconf 82' lang='grc' dir='ltr'>θεόληπτος</span> <span class='ocrx_word' id='word_1_787' title='bbox 2896 5223 3154 5278; x_wconf 84' lang='grc' dir='ltr'>εἶναικαὶ</span> <span class='ocrx_word' id='word_1_788' title='bbox 3202 5226 3346 5287; x_wconf 84' lang='grc' dir='ltr'>θεῖος</span> <span class='ocrx_word' id='word_1_789' title='bbox 3401 5225 3708 5301; x_wconf 84' lang='grc' dir='ltr'>ὑμνολόγος</span> <span class='ocrx_word' id='word_1_790' title='bbox 3753 5248 3863 5302; x_wconf 85' lang='grc' dir='ltr'>κρι-</span> 
     </span>
    </p>
   </div>
   <div class='ocr_carea' id='block_1_113' title="bbox 2230 5304 3863 5393">
    <p class='ocr_par' dir='ltr' id='par_1_113' title="bbox 2230 5304 3863 5393">
     <span class='ocr_line' id='line_1_113' title="bbox 2230 5304 3863 5393; baseline 0.004 -31"><span class='ocrx_word' id='word_1_791' title='bbox 2230 5304 2478 5381; x_wconf 90' lang='grc' dir='ltr'>νόμενος.</span> <span class='ocrx_word' id='word_1_792' title='bbox 2513 5309 2615 5366; x_wconf 87' lang='grc' dir='ltr'><strong>Καὶ</strong></span> <span class='ocrx_word' id='word_1_793' title='bbox 2643 5310 2696 5364; x_wconf 90' lang='grc' dir='ltr'><strong>τί</strong></span> <span class='ocrx_word' id='word_1_794' title='bbox 2726 5309 2786 5366; x_wconf 78' lang='grc' dir='ltr'>ἄν</span> <span class='ocrx_word' id='word_1_795' title='bbox 2821 5332 2908 5366; x_wconf 89' lang='grc' dir='ltr'><strong>σοι</strong></span> <span class='ocrx_word' id='word_1_796' title='bbox 2954 5314 3078 5385; x_wconf 82' lang='grc' dir='ltr'>περὶ</span> <span class='ocrx_word' id='word_1_797' title='bbox 3124 5316 3229 5367; x_wconf 87' lang='grc' dir='ltr'><strong>τῶν</strong></span> <span class='ocrx_word' id='word_1_798' title='bbox 3279 5313 3391 5369; x_wconf 81' lang='grc' dir='ltr'>ἐκεῖ</span> <span class='ocrx_word' id='word_1_799' title='bbox 3436 5315 3863 5393; x_wconf 83' lang='grc' dir='ltr'>θεολογηθέντων</span> 
     </span>
    </p>
   </div>
   <div class='ocr_carea' id='block_1_114' title="bbox 2234 5396 3859 5476">
    <p class='ocr_par' dir='ltr' id='par_1_114' title="bbox 2234 5396 3859 5476">
     <span class='ocr_line' id='line_1_114' title="bbox 2234 5396 3859 5476; baseline 0.004 -25"><span class='ocrx_word' id='word_1_800' title='bbox 2234 5396 2526 5472; x_wconf 74' lang='grc' dir='ltr'>λέγοιμιςς</span> <span class='ocrx_word' id='word_1_801' title='bbox 2558 5399 2646 5451; x_wconf 84' lang='grc' dir='ltr'><strong>καί</strong></span> <span class='ocrx_word' id='word_1_802' title='bbox 2696 5399 2821 5473; x_wconf 83' lang='grc' dir='ltr'>γὰρ,</span> <span class='ocrx_word' id='word_1_803' title='bbox 2854 5399 2899 5454; x_wconf 83' lang='grc' dir='ltr'><strong>εἶ</strong></span> <span class='ocrx_word' id='word_1_804' title='bbox 2935 5402 3010 5472; x_wconf 84' lang='grc' dir='ltr'>μή</span> <span class='ocrx_word' id='word_1_805' title='bbox 3064 5399 3153 5457; x_wconf 80' lang='grc' dir='ltr'><strong>καὶ</strong></span> <span class='ocrx_word' id='word_1_806' title='bbox 3200 5402 3437 5474; x_wconf 80' lang='grc' dir='ltr'>ἐμαυτοῦ</span> <span class='ocrx_word' id='word_1_807' title='bbox 3482 5402 3859 5476; x_wconf 86' lang='grc' dir='ltr'>ἐπικέλησμαι,</span> 
     </span>
    </p>
   </div>
   <div class='ocr_carea' id='block_1_115' title="bbox 2233 5482 3859 5566">
    <p class='ocr_par' dir='ltr' id='par_1_115' title="bbox 2233 5482 3859 5566">
     <span class='ocr_line' id='line_1_115' title="bbox 2233 5482 3859 5566; baseline 0.004 -25"><span class='ocrx_word' id='word_1_808' title='bbox 2233 5484 2481 5548; x_wconf 82' lang='grc' dir='ltr'>πολλοὺς</span> <span class='ocrx_word' id='word_1_809' title='bbox 2513 5482 2635 5541; x_wconf 82' lang='grc' dir='ltr'>οἴδα</span> <span class='ocrx_word' id='word_1_810' title='bbox 2681 5489 2828 5563; x_wconf 86' lang='grc' dir='ltr'>παρὰ</span> <span class='ocrx_word' id='word_1_811' title='bbox 2879 5492 2996 5559; x_wconf 76' lang='grc' dir='ltr'>σοῦ,</span> <span class='ocrx_word' id='word_1_812' title='bbox 3046 5491 3132 5544; x_wconf 83' lang='grc' dir='ltr'><strong>καὶ</strong></span> <span class='ocrx_word' id='word_1_813' title='bbox 3189 5491 3327 5566; x_wconf 82' lang='grc' dir='ltr'>μέρη</span> <span class='ocrx_word' id='word_1_814' title='bbox 3378 5492 3502 5547; x_wconf 79' lang='grc' dir='ltr'>τινὰ</span> <span class='ocrx_word' id='word_1_815' title='bbox 3546 5498 3656 5548; x_wconf 85' lang='grc' dir='ltr'><strong>τῶν</strong></span> <span class='ocrx_word' id='word_1_816' title='bbox 3702 5492 3859 5548; x_wconf 80' lang='grc' dir='ltr'>ἐνθεα-</span> 
     </span>
    </p>
   </div>
   <div class='ocr_carea' id='block_1_116' title="bbox 2237 5573 3857 5653">
    <p class='ocr_par' dir='ltr' id='par_1_116' title="bbox 2237 5573 3857 5653">
     <span class='ocr_line' id='line_1_116' title="bbox 2237 5573 3857 5653; baseline 0.004 -24"><span class='ocrx_word' id='word_1_817' title='bbox 2237 5577 2432 5629; x_wconf 88' lang='grc' dir='ltr'>στικῶν</span> <span class='ocrx_word' id='word_1_818' title='bbox 2489 5574 2707 5630; x_wconf 80' lang='grc' dir='ltr'>ἐκείνων</span> <span class='ocrx_word' id='word_1_819' title='bbox 2762 5573 3046 5649; x_wconf 84' lang='grc' dir='ltr'>ὑμνῳδιῶν</span> <span class='ocrx_word' id='word_1_820' title='bbox 3103 5576 3422 5642; x_wconf 74' lang='grc' dir='ltr'>ἐπακούσας.</span> <span class='ocrx_word' id='word_1_821' title='bbox 3461 5601 3486 5635; x_wconf 69' lang='grc' dir='ltr'><strong><em>ι</em></strong></span> <span class='ocrx_word' id='word_1_822' title='bbox 3537 5585 3716 5637; x_wconf 77' lang='grc' dir='ltr'>Ταῦτα</span> <span class='ocrx_word' id='word_1_823' title='bbox 3768 5580 3857 5653; x_wconf 78' lang='grc' dir='ltr'><strong>μὶν</strong></span> 
     </span>
    </p>
   </div>
   <div class='ocr_carea' id='block_1_117' title="bbox 2235 5662 3833 5749">
    <p class='ocr_par' dir='ltr' id='par_1_117' title="bbox 2235 5662 3833 5749">
     <span class='ocr_line' id='line_1_117' title="bbox 2235 5662 3833 5749; baseline 0.005 -30"><span class='ocrx_word' id='word_1_824' title='bbox 2235 5665 2264 5719; x_wconf 88' lang='grc' dir='ltr'>ὁ</span> <span class='ocrx_word' id='word_1_825' title='bbox 2305 5664 2581 5728; x_wconf 79' lang='grc' dir='ltr'>Διονύσιος</span> <span class='ocrx_word' id='word_1_826' title='bbox 2608 5683 2621 5697; x_wconf 89' lang='grc'><strong>·</strong></span> <span class='ocrx_word' id='word_1_827' title='bbox 2655 5667 2705 5721; x_wconf 74' lang='grc' dir='ltr'>οἱ</span> <span class='ocrx_word' id='word_1_828' title='bbox 2746 5662 2803 5722; x_wconf 80' lang='grc' dir='ltr'><strong>δὲ</strong></span> <span class='ocrx_word' id='word_1_829' title='bbox 2846 5664 3142 5723; x_wconf 82' lang='grc' dir='ltr'>ἀπόστολοι</span> <span class='ocrx_word' id='word_1_830' title='bbox 3192 5669 3279 5724; x_wconf 77' lang='grc' dir='ltr'><strong>καὶ</strong></span> <span class='ocrx_word' id='word_1_831' title='bbox 3330 5669 3458 5727; x_wconf 76' lang='grc' dir='ltr'>ὅσον</span> <span class='ocrx_word' id='word_1_832' title='bbox 3492 5671 3561 5741; x_wconf 76' lang='grc' dir='ltr'>ἦν</span> <span class='ocrx_word' id='word_1_833' title='bbox 3600 5668 3833 5749; x_wconf 76' lang='grc' dir='ltr'>ἔκκριτον</span> 
     </span>
    </p>
   </div>
  </div>
