4070 6274
186 347 312 412 813

1239 343 1865 406 ΕΕΟΕΕΞΙΑΞΤΙΟιΕ
1909 341 2298 405 HISTORi/E
2337 343 2484 404 LIB.
2530 343 2609 406 Il.

3487 355 3606 416 8M

184 480 387 553 κύκλῳ
434 481 533 550 τήν
585 478 778 549 κλίνην
837 474 1203 554 διειληφότες,
1265 472 1512 536 εὐλαϐῶς
1565 476 1845 546 κατησπᾶ-

1966 476 2346 545 meminerim,
2381 493 2474 533 me
2500 478 2710 535 multos
2739 479 2989 553 hymnos
3017 485 3073 539 et
3103 487 3296 556 partes
3327 489 3606 558 quaedam

190 573 356 637 ζοντο
389 586 402 600 ⁶
467 568 756 640 θαυμάτων
818 562 877 620 δὲ
928 563 1092 639 χύσις
1147 559 1314 639 ἕῤῥει,
1374 563 1581 642 Τυφλοὶ
1635 563 1844 636 ὅμμασι

185 654 526 730 παραδόξοις
580 656 763 728 ἑώρων
813 655 904 708 τὸν
951 653 1114 722 ἥλιον
1162 673 1175 686 ·
1226 657 1433 729 κωφοῖς
1467 655 1500 722 ἡ
1551 652 1846 720 ἀκουστικὴ

192 743 431 818 δύναμις
497 743 776 818 ἐπορίζετο
813 761 826 773 ·
881 742 1064 817 χωλοὶ
1113 741 1206 802 τὰς
1263 743 1444 816 βάσεις
1495 738 1798 814 ήδράζοντο
1831 757 1844 772 ⁸

188 834 384 888 καὶτὸ
444 833 573 888 ὅλον
629 833 822 901 εἰπεῖν,
876 831 1091 905 σύμπαν
1148 830 1365 902 νόσημα
1403 835 1471 904 τῇ
1523 831 1651 902 θίξει
1687 830 1850 904 μόνον

194 924 481 1002 ὑπεχώρει
540 922 732 997 ἀθρόον
806 922 896 976 καὶ
969 919 1234 976 διελύετο.
1288 922 1498 976 Ἔπειθ’
1557 921 1658 976 ὑπὸ
1717 919 1851 992 λαμ-

191 1012 447 1067 πάσικαί
497 1011 682 1086 μύρων
740 1011 970 1077 ἄνθεσιν,
1024 1008 1268 1084 ἀγγέλων
1325 1010 1417 1082 μὶν
1472 1009 1669 1063 ἄνωθεν
1721 1029 1852 1081 πτο-

194 1097 452 1171 θεόντων,
497 1099 960 1174 περιϊπταμένων,
1017 1098 1385 1176 ἐφεπομένων,
1432 1098 1586 1152 θείων
1641 1095 1696 1150 δὲ
1745 1102 1849 1150 Πα-

190 1191 488 1266 τέρωνκαὶ
521 1189 844 1245 ἀποστόλων
895 1186 1038 1261 ᾠδάς
1088 1209 1240 1250 τινας
1293 1188 1528 1260 ἐξαισίοις
1589 1185 1850 1259 ᾀδόντων,

194 1285 229 1350 ὴ
265 1282 442 1351 νοητή
477 1275 712 1341 κιϐωτὸς
745 1279 805 1333 ἐκ
841 1279 985 1334 Σιὼν
1029 1279 1164 1353 πρὸς
1212 1279 1530 1350 Γεθσημανή
1564 1282 1682 1338 ταῖς
1712 1275 1853 1329 ἀπο-

199 1371 490 1432 πολικαῖς
542 1369 893 1446 ἐποχουμένη
945 1369 1129 1443 χερσὶν
1172 1367 1474 1440 ἐκομίζετο.
1508 1371 1582 1440 Τῇ
1609 1365 1664 1422 δὲ
1715 1387 1854 1444 χαρ-

199 1461 342 1536 μονῇ
391 1462 560 1536 ταύτῃ
620 1462 707 1515 καὶ
766 1481 818 1514 τι
877 1459 1121 1534 χαλεπὸν
1182 1458 1472 1534 ἐπιγίνεται
1537 1457 1715 1528 λήθης
1765 1458 1854 1512 οὐ·

197 1550 394 1621 δαμῶς
461 1549 624 1620 ἄξιον.
658 1554 760 1604 Τοῦ
819 1550 923 1626 γὰρ
982 1550 1125 1603 θείου
1187 1550 1438 1618 σκήνους,
1483 1547 1556 1608 ὡς
1615 1547 1850 1622 εἴρηται,

196 1641 336 1716 πρὸς
389 1640 708 1713 Γεθσημανή
766 1638 1294 1711 μετακομιζομένου,
1345 1637 1481 1691 ὅπου
1531 1634 1596 1706 δὴ
1645 1637 1734 1690 καὶ
1765 1658 1858 1691 τα-

198 1738 306 1806 φῆς
365 1731 628 1802 ἠξιῶσθαι
680 1731 714 1798 ἡ
767 1730 1070 1803 Θεομήτωρ
1101 1726 1455 1796 ἐπέσκηπτεν,
1499 1728 1550 1780 οἱ
1591 1725 1854 1782 Ἰουδαῖοι

199 1822 388 1895 φθόνῳ
446 1817 805 1889 διατακέντες,
845 1818 996 1891 μύειν
1045 1818 1147 1872 οὐκ
1202 1817 1552 1892 ἂνεχόμενοι,
1584 1817 1645 1872 τὸ
1706 1816 1848 1871 ένοι-

199 1913 437 1983 κουροῦν
493 1911 592 1978 τῆς
646 1907 936 1984 βασκανίας
987 1908 1156 1968 πάθος
1212 1904 1556 1983 έξέῤῥηφσον.
1617 1907 1722 1961 Καὶ
1783 1903 1847 1975 δή

199 1990 282 2060 τις
310 2002 423 2052 τῶν
466 1995 654 2053 ἄλλων
696 1995 1022 2072 θρασύτερός
1077 2017 1135 2050 τε
1184 1995 1274 2050 καὶ
1337 1998 1726 2069 μανικώτερος,
1757 1999 1852 2049 τοῦ

201 2088 510 2164 καταλόγου
543 2085 599 2142 δε
650 2093 757 2142 τῶν
791 2087 976 2160 ἱερέων
1037 2085 1128 2154 ἦν,
1158 2089 1256 2140 τοῦ
1314 2086 1462 2158 ἱερσῦ
1494 2087 1726 2155 σκήνους
1755 2104 1850 2138 κο-

207 2181 526 2250 μιζομένου,
552 2179 735 2250 ’φορᾶς
783 2174 988 2250 ἀλόγου
1059 2175 1320 2248 μλησθεές
1379 2172 1508 2235 ὅλος
1564 2173 1741 2248 ἐπῄει,
1776 2172 1852 2234 εἷς

204 2273 308 2339 γῆν
364 2265 696 2340 καταρῥάξαι
749 2266 810 2319 τὸ
867 2265 1012 2339 ἱερὸν
1075 2265 1246 2319 ἐκεῖνο
1306 2269 1503 2332 σκῆνος
1569 2263 1851 2338 πρόθυμος

211 2352 304 2412 ὤν.
332 2356 395 2410 Ἡ
430 2353 487 2409 δὲ
513 2351 636 2424 δίκη
674 2352 959 2425 μέλλουσα
1004 2353 1071 2421 ἦν
1132 2350 1406 2424 οὐδαμῶς.
1443 2351 1531 2420 Ἐξ
1587 2352 1848 2423 ἀγκώνων

203 2444 304 2519 γὰρ
337 2445 392 2498 αἱ
451 2449 632 2518 χεῖρες
691 2440 877 2514 ἐκείνῳ
927 2439 1287 2509 διακοπεῖσαι,
1319 2443 1397 2510 τῷ
1429 2437 1690 2513 σκίμποδι
1723 2439 1850 2512 ἀπῃ-

206 2535 440 2607 ώρηντο.
471 2529 712 2604 Ἔμελλε
743 2528 799 2584 δὲ
830 2529 984 2606 ἄραή
1032 2528 1121 2583 διὰ
1168 2532 1263 2582 τοῦ
1322 2529 1468 2582 θείου
1524 2530 1686 2582 τόκου
1747 2547 1850 2602 χα-

209 2629 299 2698 ρᾶς
330 2625 428 2694 τὴν
475 2619 800 2695 οἰκουμένην
853 2619 1191 2692 πληρώσασα
1225 2618 1275 2673 ἐν
1330 2622 1409 2689 τῷ
1459 2619 1706 2688 θνήσκειν
1742 2641 1850 2691 μη-

211 2713 320 2769 δενὶ
376 2714 625 2787 λυπηροῦ
672 2732 818 2773 τινος
865 2710 1013 2765 αἰτία
1063 2710 1331 2784 γενέσθαι.
1367 2709 1471 2764 Καὶ
1524 2708 1638 2762 ἐπεὶ
1688 2709 1714 2762 ὁ
1746 2729 1843 2762 πα.

213 2803 320 2856 θὼν
353 2803 583 2877 πονηρὸς
616 2802 710 2873 μὲν
770 2800 860 2869 ἦν,
891 2798 1085 2868 ἤκιςτα
1144 2797 1200 2852 δὲ
1255 2797 1492 2864 ἀνίατος,
1526 2799 1587 2852 τὸ
1619 2804 1717 2866 τῆς
1755 2818 1847 2868 με-

213 2891 426 2953 τανοίας
462 2885 834 2966 προϐάλλεται
893 2889 1196 2965 φάρμακον.
1232 2887 1330 2942 Καὶ
1374 2891 1560 2961 χεῖρας
1627 2886 1718 2959 μὲν
1769 2883 1854 2939 έκ-

212 2981 392 3036 τείνειν
423 2981 522 3035 οὗκ
579 2979 696 3054 εἶχε
728 2995 742 3009 ⁸
805 2973 1189 3052 προύϐαλλετο
1249 2973 1305 3030 δὲ
1359 2976 1425 3030 τὰ
1475 2973 1678 3049 δάκρυα
1712 2997 1723 3008 ·
1760 2975 1848 3029 καὶ

1955 566 2232 621 divinitus
2262 566 2679 639 inspiratarum
2721 570 2951 629 illarum
2982 571 3244 644 laudum,
3278 580 3334 634 te
3362 583 3608 635 canente

1955 655 2200 711 audire?
2229 677 2259 706 »
2303 656 2434 712 Haec
2483 659 2818 732 Dionysius.
2869 664 3123 732 Apostoli
3167 672 3385 735 autem,
3421 676 3473 723 et
3506 670 3606 739 qui

1956 749 2231 817 praeterea
2263 745 2341 800 ibi
2389 747 2651 817 aderant,
2693 749 2798 804 viri
2837 752 3075 824 egregii,
3127 754 3341 811 lectum
3394 773 3608 814 corona

1957 834 2384 890 circumdantes
2465 842 2790 893 reverenter
2858 841 3022 898 illum
3097 845 3607 904 exosculabantur.

1958 924 2042 978 Ad
2080 940 2248 992 quem
2289 924 2496 979 deinde
2529 942 2704 996 quam
2740 929 2994 1000 plurima
3028 931 3242 989 ﬁebant
3275 935 3556 991 miracula
3591 954 3604 992 :

1965 1011 2140 1069 I70
2204 1013 2334 1068 czeci
2405 1030 2674 1086 namque,
2749 1022 2952 1087 praeter
3029 1037 3186 1091 spem
3236 1023 3612 1094 exspectatio-

1959 1118 2211 1174 nemque
2266 1117 2522 1172 omnem,
2599 1105 2782 1160 oculis
2851 1108 2974 1163 suis
3033 1109 3212 1166 solem
3271 1114 3608 1184 cernebant,

1960 1192 2158 1248 surdis
2188 1191 2424 1246 auditus
2453 1210 2597 1248 suus
2648 1195 2918 1263 dabatur,
2968 1198 3156 1254 claudi
3200 1217 3431 1269 gressus
3464 1205 3609 1260 reci-

1963 1281 2226 1352 piebant:
2261 1285 2316 1335 et
2347 1286 2412 1337 ut
2461 1282 2636 1338 semel
2687 1285 2898 1353 dicam,
2957 1304 3130 1344 omne
3186 1292 3372 1346 morbi
3424 1310 3608 1361 genus

1963 1375 2182 1426 attactu
2213 1369 2335 1425 solo
2369 1387 2602 1442 prorsus
2625 1374 2863 1428 cedebat
2885 1384 2938 1430 et
2971 1380 3354 1450 profugiebat.
3389 1381 3610 1438 Deinde

1963 1458 2143 1514 cereis
2176 1458 2514 1513 ardentibus
2538 1460 2885 1530 praelatis,et
2917 1467 3223 1536 unguentis
3255 1467 3611 1540 ﬂoribusque

1962 1548 2207 1618 sparsis,
2268 1551 2438 1618 atque
2485 1549 2710 1620 angelis
2768 1551 3015 1622 caelitus,
3079 1555 3348 1612 feretrum
3399 1558 3474 1630 (1)
3525 1556 3610 1613 vel

1966 1635 2383 1707 praeeuntibus,
2418 1636 2500 1691 vel
2535 1639 2913 1708 stipantibus,
2945 1642 3223 1699 veletiam
3247 1662 3608 1720 consequen-

1964 1726 2144 1789 tibus,
2168 1725 2378 1780 divinis
2404 1727 2673 1782 Patribus
2696 1736 2749 1783 et
2773 1730 3048 1801 apostolis
3077 1734 3322 1790 miriﬁca
3343 1738 3610 1806 quaedam

1961 1813 2225 1870 carmina
2279 1815 2740 1884 concinentibus,
2810 1818 3225 1877 intellectualis
3283 1823 3386 1879 illa
3441 1829 3612 1896 atque

1961 1903 2287 1976 spiritualis
2320 1920 2472 1969 arca,
2503 1921 2570 1960 ex
2603 1907 2740 1962 Sion
2790 1908 2848 1962 in
2880 1913 3234 1982 Getsemani,
3277 1914 3612 1984 apostolicis

1958 2009 2085 2048 eam
2148 1993 2515 2064 gestantibus
2575 1997 2849 2052 manibus
2884 2000 3063 2055 fertur
3120 2002 3216 2073 (2).
3258 2005 3328 2057 At
3359 2004 3514 2058 enim
3549 2004 3610 2060 in

1959 2081 2109 2136 hanc
2133 2082 2656 2155 tantamlzetitiam,
2683 2086 2993 2143 molestum
3017 2097 3070 2143 et
3095 2091 3304 2146 durum
3329 2093 3608 2162 quiddam

1959 2172 2189 2238 incidit,
2218 2172 2372 2241 quod
2414 2172 2645 2228 silentio
2689 2180 3147 2246 praetereundum
3184 2197 3298 2234 non
3331 2181 3426 2236 sit.
3462 2181 3605 2237 Cum

1961 2260 2109 2314 enim
2142 2260 2402 2314 divinum
2442 2260 2582 2316 illud
2645 2279 2876 2334 corpus,
2923 2265 3001 2320 ita
3051 2271 3113 2320 ut
3144 2268 3360 2323 dictum
3393 2274 3502 2335 est,
3535 2270 3605 2324 ad

1959 2349 2282 2404 Getsemani
2318 2354 2665 2420 portaretur,
2710 2352 2807 2406 ubi
2843 2354 2943 2408 Dei
2979 2353 3234 2410 Genitrix
3284 2357 3512 2428 sepeliri
3545 2373 3607 2413 se

1962 2439 2358 2503 mandaverat,
2388 2438 2571 2493 Judaei
2608 2439 2824 2496 invidia
2855 2442 3232 2511 tabescentes,
3264 2461 3394 2502 cum
3425 2447 3612 2502 occul-

1962 2530 2083 2581 tare
2142 2543 2254 2580 non
2312 2532 2566 2598 possent,
2623 2544 2752 2584 eum
2805 2531 2902 2602 qui
2955 2532 3012 2588 in
3066 2534 3358 2590 mentibus
3405 2551 3605 2592 eorum

1963 2615 2284 2680 fovebatur,
2336 2615 2529 2670 livoris
2577 2617 2841 2674 affectum
2921 2622 3197 2691 produnt.
3251 2623 3408 2680 Inter
3463 2641 3610 2696 quos

1964 2704 2090 2760 aliis
2141 2704 2378 2775 quidam
2438 2707 2844 2776 confidentior,
2900 2710 3374 2783 furibundusque
3429 2715 3613 2785 magis

1961 2793 2110 2865 (erat
2139 2798 2330 2848 autem
2381 2809 2448 2847 ex
2499 2796 2866 2852 sacerdotum
2901 2800 3143 2870 ordine).
3202 2817 3338 2857 cum
3379 2818 3610 2858 sacrum

1962 2880 2404 2937 tabernaculum
2449 2888 2792 2956 portaretur,
2846 2887 3065 2960 impetu
3098 2891 3353 2960 quodam
3401 2897 3611 2962 praeter

1963 2973 2246 3028 rationem
2278 2973 2550 3043 percitus,
2583 2973 2640 3029 in
2682 2973 2737 3028 id
2784 2977 3086 3044 ferebatur,
3138 2978 3301 3034 humi
3354 2985 3608 3050 proster-

211 3073 318 3143 ἅμα
346 3075 414 3144 τῇ
473 3067 691 3140 παιδείᾳ
745 3067 833 3122 καὶ
895 3069 930 3135 ἡ
996 3066 1250 3140 θεραπεία
1279 3072 1512 3139 προσῆν.
1547 3066 1711 3134 Ἐστη
1752 3065 1844 3136 μὲν

1966 3079 2097 3118 nere
2129 3080 2360 3119 sacrum
2418 3063 2560 3119 illud
2613 3082 2842 3136 corpus,
2903 3071 3073 3137 atquo
3123 3070 3503 3139 pessumdare
3552 3072 3614 3125 in

209 3160 296 3217 οὖν
325 3163 359 3231 ἡ
390 3157 554 3229 κλίνη
585 3163 683 3213 τοῦ
721 3157 910 3228 πρόσω
942 3154 1195 3232 φέρεσθαι
1232 3173 1244 3188 ·
1306 3155 1394 3208 καὶ
1463 3159 1570 3209 τῶν
1618 3155 1844 3227 τμημά-

208 3273 310 3307 των
360 3244 911 3324 προσαρμοσθέντων,
963 3246 1080 3300 ὅθεν
1159 3242 1450 3320 ἐρρύησαν,
1511 3244 1716 3316 Πέτρου
1799 3239 1855 3296 δὲ

204 3343 262 3396 τὸ
293 3343 566 3413 ἐπίταγμα
620 3337 710 3406 ἦν,
771 3335 1076 3409 παραυτίκα
1128 3333 1201 3394 ὡς
1249 3333 1311 3387 τὸ
1361 3333 1621 3406 πρότερον
1683 3333 1840 3400 ἦσαν,

202 3432 286 3493 Ὡς
344 3428 402 3486 δὲ
460 3427 548 3482 καὶ
598 3427 696 3496 τήν
773 3424 1100 3498 Γεθσημανῆ
1161 3416 1481 3492 κατέλαϐον,
1539 3420 1694 3499 τάφῳ
1758 3421 1850 3494 μὲν

203 3522 288 3576 τὸν
322 3521 447 3575 Υῖὸν
483 3514 798 3591 μιμουμένη
825 3511 1036 3568 δέδοται
1073 3556 1084 3568 .
1120 3508 1189 3566 δι’
1249 3509 1454 3566 ἐκείνου
1516 3508 1571 3564 δὲ
1618 3510 1753 3582 πρὸς
1785 3510 1853 3563 τὰ

204 3611 314 3663 θεῖα
379 3605 714 3676 σκηνώματα
774 3599 1132 3674 μετατίθεται,
1194 3597 1386 3674 λόγοις
1471 3598 1558 3658 οἷς
1635 3593 1774 3650 οἶδεν
1823 3597 1851 3650 ὁ

203 3701 365 3753 ταῦτα
399 3693 600 3768 δράσας
655 3692 784 3753 Θεὸς
821 3711 835 3724 ο
897 3688 948 3745 έν
978 3689 1125 3760 αὐτῷ
1181 3691 1261 3759 τῷ
1319 3687 1450 3758 θείῳ
1510 3683 1723 3756 δηλαδὴ
1756 3706 1854 3739 πα-

209 3783 455 3858 ραδείσῳ,
513 3781 649 3836 ὅπου
709 3778 774 3848 δὴ
834 3779 924 3834 καὶ
979 3776 1042 3832 τὰ
1101 3775 1262 3847 ξύλον
1345 3775 1670 3851 πεφύτευται
1754 3779 1853 3842 τῆς

210 3879 320 3944 ζωῆ
330 3894 374 3936 ς.

1961 3152 2156 3208 animo
2171 3153 2412 3209 habens.
2437 3154 2544 3209 Sed
2566 3155 2720 3210 enim
2738 3155 2988 3210 vindicta
3003 3173 3370 3230 nequaquam
3392 3166 3613 3216 morata

1960 3246 2064 3294 est.
2101 3241 2361 3309 Namque
2392 3241 2463 3296 ab
2496 3241 2652 3297 ulnis
2687 3259 2898 3298 manus
2929 3242 3088 3299 illius
3119 3246 3338 3309 recisae,
3369 3262 3433 3302 ex
3469 3248 3612 3301 fcre-

1962 3335 2046 3384 tro
2092 3329 2509 3401 dependerunt.
2576 3333 2646 3386 At
2694 3349 2818 3403 quas
2879 3333 3074 3388 divina
3123 3336 3424 3391 nativitate
3481 3353 3612 3405 sua,

1958 3417 2156 3473 laetitia
2188 3419 2562 3475 habitabilem
2615 3421 2813 3476 orbem
2864 3437 3093 3477 omnem
3143 3423 3480 3492 repleverat.
3538 3441 3611 3479 ne

1959 3507 2018 3561 in
2071 3507 2230 3562 obitu
2282 3507 2518 3578 quidem
2565 3509 2817 3580 cuipiam
2872 3510 3145 3565 molestias
3194 3516 3293 3567 aut
3338 3529 3610 3568 aerumna;

1959 3595 2206 3666 alicujus
2239 3612 2415 3651 causa
2447 3597 2635 3652 futura
2669 3603 2809 3653 erat.
2864 3602 3039 3654 Porro
3071 3599 3120 3653 is
3160 3599 3251 3654 cui
3288 3601 3394 3656 hoc
3423 3601 3614 3657 conti-

1959 3690 2137 3753 gerat,
2169 3701 2302 3740 cum
2337 3684 2522 3740 malus
2570 3687 2830 3755 quidem,
2863 3687 2962 3742 sed
2996 3692 3188 3743 tamen
3224 3704 3338 3743 non
3372 3706 3612 3760 prorsus

1959 3774 2301 3844 desperatus
2358 3778 2414 3828 et
2458 3775 2795 3830 incurabilis
2863 3780 3037 3844 esset,
3097 3777 3448 3847 poenitentia)
3505 3781 3611 3834 rite

1960 3861 2266 3935 praetendit
2297 3861 2610 3917 remedium
2636 3880 2648 3917 :
2685 3871 2740 3918 et
2770 3865 3047 3934 quoniam
3080 3881 3290 3921 manus
3321 3883 3467 3938 quas
3494 3883 3609 3922 non

211 3966 480 4032 habebat,
539 3961 876 4036 protendere
926 3958 1149 4031 nequit,
1198 3956 1486 4026 lacrymas
1531 3953 1763 4024 profert,
1815 3957 1872 4009 et
1919 3953 2099 4008 simul
2149 3968 2282 4008 cum
2333 3951 2728 4023 castigatione,
2782 3969 2922 4008 cura
2969 3971 3202 4026 quoque
3257 3957 3423 4011 adest
3473 3957 3612 4013 Fere

208 4060 354 4113 trum
413 4056 572 4111 enim
631 4050 910 4120 constitit,
975 4057 1028 4103 et
1085 4062 1296 4102 manus
1349 4046 1420 4101 ad
1478 4044 1876 4114 resectionem,
1937 4044 2086 4098 unde
2157 4041 2512 4109 deciderant,
2583 4044 3027 4098 accommodatas
3085 4045 3261 4115 (Petri
3317 4045 3378 4100 id
3439 4047 3613 4117 jussu

211 4148 454 4219 factum)
485 4144 790 4202 confestim
823 4140 1140 4213 pristinum
1201 4140 1421 4193 statum
1472 4151 1646 4191 suum
1702 4137 2065 4205 recuperant.
2120 4131 2224 4187 Ubi
2275 4135 2468 4186 autem
2519 4131 2592 4186 ad
2632 4132 2966 4188 Getsemani
2999 4140 3338 4204 perventum
3372 4140 3484 4202 est,
3516 4152 3616 4192 se-

213 4241 460 4312 pulturm
489 4235 722 4310 quidem
755 4234 876 4302 illa,
909 4230 1120 4287 Filium
1153 4229 1396 4294 imitata,
1435 4227 1688 4283 traditur
1721 4242 1734 4280 :
1792 4241 1891 4296 per
1933 4225 2098 4280 illum
2153 4227 2347 4278 autem
2399 4223 2468 4277 ad
2521 4223 2720 4312 divina
2767 4224 3138 4280 tabernacula
3182 4227 3280 4297 (3),
3313 4227 3382 4280 ad
3417 4227 3612 4298 ipsum

212 4311 430 4388 scilicet
453 4324 808 4400 paradisum,
841 4321 943 4378 ubi
972 4325 1030 4376 et
1057 4320 1183 4375 vitae
1214 4317 1386 4374 arbor
1415 4316 1638 4373 consita
1680 4318 1789 4383 est,
1839 4314 2062 4371 ratione
2107 4328 2198 4380 ea,
2245 4328 2421 4384 quam
2468 4311 2569 4383 qui
2621 4312 2743 4368 haec
2792 4315 2946 4382 fecit,
2999 4313 3158 4370 Deux
3207 4316 3382 4386 novit,
3416 4319 3618 4372 trans-

215 4423 408 4480 fertur.

283 4620 356 4691 (1)
390 4642 420 4669 cc
458 4616 821 4691 Monstratur
841 4605 1727 4691 sepulcrum‘e‘jus‘cernentibus
1761 4621 1861 4691 ξιο-
1889 4607 1948 4676 D

215 4677 301 4747 his
334 4677 619 4762 usquead
668 4677 944 4762 presens,
994 4683 1052 4762 in
1103 4679 1266 4762 vallis
1315 4678 1599 4762 dosaphat
1648 4677 1863 4762 medio,

217 4780 341 4832 quae
367 4748 539 4818 vallis
565 4761 652 4814 est
670 4748 825 4812 inter
843 4748 1102 4832 montem
1129 4753 1262 4806 Sion
1291 4756 1347 4832 et
1369 4754 1627 4832 montem
1661 4748 1866 4832 Qliveti

221 4820 422 4905 posita,
456 4835 513 4887 in
545 4847 658 4901 qua
690 4827 922 4905 sepulta
959 4825 1137 4880 fuisse
1170 4822 1537 4905 praedicatur.
1573 4820 1672 4905 Sed
1694 4835 1860 4905 nunc

217 4891 460 4961 vacuum
511 4891 638 4958 esse
691 4891 1052 4972 mausoleum
1099 4891 1469 4972 cernentibus
1517 4891 1858 4972 ostenditur.

219 4977 341 5033 Haec
370 4976 586 5032 idcirco
626 4971 892 5037 dixerim,
944 4967 1075 5040 quia
1116 4965 1279 5040 multi
1323 4968 1653 5040 nostrorum
1689 4963 1860 5015 dubi-

221 5053 356 5110 tant.
390 5053 589 5104 utrum
641 5037 1157 5110 assumpta‘fueril
1214 5037 1387 5090 simul
1438 5050 1573 5110 cum
1605 5048 1860 5104 corpore,

221 5137 289 5176 an
320 5106 528 5190 abierit
559 5115 756 5190 relicto
786 5106 1041 5190 corpore.
1075 5106 1451 5190 (iheronme
1485 5177 1497 5190 .
1587 5177 1597 5188 _

289 5192 364 5264 (2)
414 5187 697 5264 Epiphan.
756 5180 1033 5264 adversus
1083 5180 1864 5264 Antidicpmar‘ianri‘tas,‘non

223 5250 479 5334 se‘p'osse
508 5250 800 5334 affirmare
845 5261 902 5311 et
948 5255 1136 5334 dicere
1195 5250 1421 5315 scribit,
1462 5251 1533 5334 de
1575 5250 1864 5334 Genitrice

225 5319 474 5402 Dei‘,ivel
531 5332 681 5403 quod
734 5324 1085 5403 immortalis
1117 5321 1525 5398 permanserit,
1574 5320 1661 5376 vel
1708 5319 1862 5390 quod

222 5397 394 5464 vitam
429 5397 614 5462 mor'te
645 5397 1035 5460 commutarit.

2055 4601 2573 4677 (3)_«Quod,_quia
2612 4605 2720 4677 Deo
2771 4604 2914 4661 nihil
2966 4611 3054 4661 est
3080 4607 3463 4677 impossibile,
3515 4625 3620 4665 nec

1981 4690 2086 4728 nos
2117 4675 2187 4727 de
2219 4682 2383 4728 beata
2414 4673 2594 4747 Maria
2645 4676 2858 4731 factum
2907 4673 3240 4734 abnuimus.
3277 4673 3621 4747 Quanquam

1979 4751 2211 4819 propter
2242 4745 2528 4798 cautelam
2587 4747 2739 4800 salva
2791 4749 2923 4814 lide,
2980 4751 3072 4819 pio
3107 4751 3287 4811 magis
3335 4745 3620 4808 desiderio

1981 4817 2206 4891 Opinari
2246 4822 2524 4891 oporteat,
2561 4835 2735 4891 quam
2794 4817 3121 4874 inconsulte
3179 4821 3418 4876 delinire
3468 4824 3621 4891 quod

1983 4889 2118 4962 sine,
2139 4888 2394 4957 periculo
2447 4888 2786 4946 nescitur.»
2834 4891 3215 4962 (Hieronym.)
3269 4915 3290 4941 ι
3325 4888 3624 4956 Quomodo

1983 4959 2161 5014 Maria
2192 4969 2399 5016 sancla'
2425 4977 2540 5015 una
2570 4979 2699 5015 cum
2724 4959 2896 5017 carne
2924 4959 3166 5030 regnum
3199 4959 3471 5019 omlorum
3508 4982 3623 5020 non

1981 5036 2199 5105 cernat,
2279 5048 2404 5101 quae
2483 5048 2670 5104 neque
2731 5033 3060 5102 lascivierit,
3113 5051 3297 5105 neque
3346 5036 3625 5092 fornicata

1984 5104 2178 5180 fuerit,
2201 5105 2810 5180 _n_eq_ue_adullerium
2864 5104 3241 5174 commiserit,
3286 5109 3390 5180 sed
3437 5123 3626 5180 neque

1985 5174 2221 5259 aliquod
2249 5175 2554 5230 infandum
2582 5177 2965 5259 carnisHOpus
3017 5178 3344 5259 patraverit,
3382 5181 3474 5235 sed
3494 5174 3628 5259 _i_in-

1985 5245 2206 5385 pollu)ta
2237 5249 2622 5317 permanserit
2651 5247 2724 5302 ?»
2757 5245 3158 5319 (Epiphanius,
3191 5249 3456 5307 Adversus
3488 5251 3626 5307 Mar-

1985 5332 2125 5372 non.

1981 5332 2125 5372 σιοη.
