4070 6274
287 417 414 477 81³1

281 642 420 713 ξεις.

1309 423 1942 497 ECCLESIASTICE
1981 421 2374 488 HISTORIA?
2416 419 2561 479 LIB.
2608 416 2688 478 II.

285 546 350 603 δὲ
417 550 514 614 τὰς
577 550 945 616 ἀποστολικὰς
1029 557 1114 611 καὶ
1177 557 1328 620 αὖθις
1395 557 1699 635 ἐπανίωμεν
1791 562 2270 638 πρά-Αιὶιιιιθῐῐι
2329 554 2750 630 ρτωοθιιθιιιθω
2812 552 3008 609 colens

3583 420 3701 480 818

3066 569 3080 609 :
3131 554 3489 612 vestimentis
3540 572 3698 628 qum-

2047 653 2178 726 ipsa
2208 648 2472 722 gestavit,
2507 644 2714 701 coloris
2764 643 2939 700 nativi
2973 648 3247 701 contenta
3291 645 3422 713 fuit,
3455 645 3512 701 id
3545 646 3702 717 quod

281 733 618 792 etiamnum
651 739 914 794 sanctum
948 739 1155 810 capitis
1186 741 1310 812 ejus
1371 743 1632 802 velamen
1665 744 1938 803 ostendit.
1993 743 2082 809 Et,
2119 745 2182 797 ut
2255 737 2460 812 paucis
2518 735 2727 803 dicam,
2761 735 2818 789 in
2853 737 3022 790 rebus
3054 736 3180 806 ejus
3212 736 3487 793 omnibus
3519 735 3702 791 multa

279 823 571 883 divinitus
604 826 793 884 inerat
815 829 1018 900 gratia.
1051 835 1210 889 Aitas
1243 837 1436 891 autem
1467 835 1595 906 ejus
1617 836 1700 894 sic
1731 849 1812 905 se,
1850 839 1914 891 ut
1951 839 2120 890 antea
2168 830 2308 898 dixi,
2351 825 2577 886 habuit.
2607 825 2771 881 Nunc
2823 827 2895 884 ad
2953 825 3272 898 apostolica
3332 830 3460 882 acta
3507 841 3700 882 rever-

279 916 503 973 tamur.

901 1049 1158 1103 ΚΕΦΑΛ.
1203 1048 1321 1107 ΚΔ’.

284 1150 398 1229 ὨΞ
430 1149 456 1202 ὁ
489 1148 664 1229 θεῖος
692 1150 1054 1229 Παῦλοςᾼέξ
1087 1147 1754 1229 ἔω-εῗςῄτὴν-έσπέραν
1803 1152 1931 1211 διέ-

355 1217 476 1299 ξηῌ·
516 1223 852 1299 κάκεῖθεν-
889 1217 1076 1299 αὖθις
1136 1217 1398 1299 εἰςᾼὲιιί
1435 1217 1759 1299 διαπερᾷ,
1806 1229 1928 1282 τὸν

355 1293 538 1374 θεῖον
587 1295 1201 1374 εὐαγγελιζόμενος
1261 1297 1508 1374 λόγον⁹
1547 1293 1816 1374 statuit:

355 1364 1087 1448 :Eiéoo‘uéidnéyict'oc
1125 1371 1218 1433 εἰς
1250 1364 1495 1448 Συρίαν
1547 1372 1695 1443 ἰὼν,
1727 1364 1927 1426 κατέξ

354 1434 520 1493 λαῦε
549 1438 622 1493 τὰ
651 1439 1142 1515 Ἰεροσόλυμα.

351 1543 471 1599 Τῶν
526 1545 774 1616 Ἀθηνῶν
817 1548 845 1601 ὁ
878 1544 1096 1611 Παῦλος
1145 1548 1502 1625 ἀπαλλαγεὶς,
1551 1551 1626 1613 εἰς
1669 1549 1924 1625 Κόρινθον

273 1627 523 1709 ἔρχεται.
584 1635 790 1691 Ἀκόλα
843 1657 902 1691 τε
953 1636 1032 1710 τῷ
1079 1645 1396 1712 σκηνοποιῷ
1447 1638 1541 1694 σὺν
1609 1638 1919 1714 Πρισκίλλῃ

271 1722 595 1803 ἐντυγχάνει
645 1729 712 1799 τῇ
757 1727 968 1799 γυναικὶ
1018 1725 1139 1804 ἄρτι
1191 1731 1412 1803 Ῥώμης
1461 1728 1703 1786 ἐλθοῦσι.
1733 1730 1921 1804 Δόγμα

270 1815 384 1888 γὰρ
418 1813 689 1876 Κλαύδιος
741 1815 1008 1893 ἐξήνεγκε,
1062 1819 1267 1882 πάντας
1318 1816 1612 1882 Ἰουδαίους
1644 1822 1743 1884 τῆς
1777 1820 1917 1876 Ἰτα-

270 1901 399 1965 λίας
449 1900 803 1959 ἐλαύνεσθαι·
855 1907 940 1969 οἷς
991 1904 1319 1982 συνδιάγων,
1367 1909 1463 1970 τὰς
1516 1906 1767 1986 διφθέρας
1801 1908 1917 1981 εἷρ-

2633 1044 2866 1102 CAPUT
2911 1043 3095 1101 XXIV.

2044 1157 2110 1214 Ut
2139 1156 2304 1212 divus
2358 1155 2567 1211 Paulus
2605 1169 2674 1210 ex
2699 1153 2921 1209 Oriente
2962 1153 3025 1208 in
3067 1151 3404 1208 Occidentem
3445 1152 3688 1209 transie-

2111 1230 2214 1284 rit:
2245 1227 2371 1282 inde
2401 1242 2616 1292 rursus,
2665 1229 2725 1280 in
2785 1225 3058 1281 Orientem
3097 1225 3378 1294 migrant,
3439 1225 3689 1280 divinum

2109 1311 2162 1356 et
2189 1301 2504 1372 angelicum
2537 1296 2878 1372 annuntians
2916 1312 3224 1372 sermonem
3257 1314 3281 1372 :_
3313 1303 3364 1352 et
3395 1301 3454 1352 ut
3482 1297 3689 1362 Epheso

2108 1369 2286 1427 mari'
2329 1374 2389 1427 in
2445 1371 2671 1443 Syriam
2743 1369 2962 1436 vadens,
3037 1370 3415 1440 Hierosolyma
3496 1384 3689 1442 perve-

2107 1446 2274 1500 nerit.

2110 1550 2324 1607 Paulus
2354 1549 2625 1607 Athensis
2657 1549 2983 1616 discedens,
3016 1547 3352 1605 Corinthum
3384 1549 3560 1608 venit.
3598 1549 3684 1606 Ibi

2035 1641 2092 1697 in
2143 1642 2410 1714 Aquilam
2471 1641 2852 1698 tentoriorum
2914 1644 3212 1708 textorem,
3258 1648 3312 1696 et
3359 1640 3682 1698 Priscillam

2033 1732 2344 1804 conjugem
2378 1731 2528 1802 ejus,
2581 1732 2680 1802 qui
2715 1747 2899 1802 nuper
2950 1731 3263 1785 admodum
3297 1731 3475 1786 Roma
3504 1747 3681 1787 vene-

2032 1828 2181 1888 rant,
2209 1821 2432 1877 incidit.
2468 1821 2665 1877 Edicto
2695 1821 2851 1877 enim
2899 1819 3144 1890 Claudii,
3184 1835 3386 1876 omnes
3416 1836 3483 1876 ex
3514 1819 3682 1876 Italia

2028 1911 2212 1967 Judaei
2252 1911 2420 1982 ejecti
2443 1915 2626 1968 erant.
2658 1915 2802 1967 Cum
2863 1910 2936 1967 iis
2986 1908 3200 1965 Paulus
3233 1910 3589 1972 versabatur.
3623 1913 3678 1966 et

270 1991 490 2067 γάζετο.
549 1993 648 2047 Τὸν
706 1990 762 2047 δὲ
821 1993 991 2070 λόγον
1053 1995 1272 2052 Παύλου
1347 1994 1714 2066 διδάσκοντες,
1770 1997 1902 2050 ἀνθίη

2027 1999 2204 2070 pelles
2236 2001 2645 2064 concinnabat,
2683 1999 2866 2056 Judaei
2921 2002 3113 2055 autem
3174 1998 3334 2054 Pauli
3411 1999 3676 2054 doctrina

269 2099 468 2136 σταντο
528 2080 807 2139 Ἰουδαῖοι.
871 2089 1056 2158 Θυμοῦ
1110 2082 1167 2139 δὲ
1225 2085 1438 2148 Παῦλος
1498 2087 1775 2156 πλησθείι,
1836 2091 1913 2140 Τὸ

266 2172 467 2244 αἷμα,
501 2172 714 2241 εἶπεν,
748 2173 970 2228 αὐτῶν
1003 2173 1116 2228 ἐπ’
1145 2175 1389 2237 αὐτούς
1417 2195 1428 2207 ·
1465 2176 1753 2248 καθαρὸς
1786 2173 1912 2251 ἐγὼ

265 2259 370 2321 εἷς
400 2262 475 2315 τὰ
507 2258 657 2332 ἔθνη
690 2263 1148 2338 πορεύσομαι.
1183 2266 1328 2319 Ἐκεῖ
1357 2265 1447 2320 καὶ
1479 2266 1506 2319 ὁ
1532 2264 1910 2341 ἀρχισυνάγω-

262 2370 360 2425 γος
393 2349 629 2422 Κρίσπος
662 2351 871 2424 σύναμα
901 2355 1108 2430 γυναικὶ
1141 2354 1232 2409 καὶ
1264 2356 1470 2417 τέκνοις
1502 2356 1563 2409 τὸ
1591 2357 1731 2410 θεῖον
1762 2351 1910 2432 δέχε-

259 2460 353 2494 ται
389 2439 691 2516 βάπτισμα.
743 2443 1008 2515 Ἐνιαυτῷ
1043 2444 1138 2517 μὲν
1189 2442 1282 2498 οὖν
1332 2446 1470 2517 πρὸς
1515 2448 1592 2516 τῷ
1622 2443 1810 2516 ἡμίσει
1839 2445 1910 2516 τῇ

261 2529 511 2602 Κορίνθῳ
564 2526 817 2597 διέτριϐε.
881 2530 982 2587 Καὶ
1043 2531 1292 2587 Γαλλίων
1345 2534 1440 2606 μὲν
1474 2533 1501 2588 ὁ
1532 2539 1630 2603 τῆς
1678 2532 1903 2611 ’Δχαΐας

256 2618 567 2680 ἀνθύπατος
623 2623 719 2674 τοῦ
773 2622 1022 2696 βήματος
1073 2621 1199 2686 τοὺς
1255 2620 1548 2685 Ἰουδαίους
1600 2621 1900 2693 ἀπήλαυνε.

256 2708 573 2770 Σωσθένους
633 2706 690 2763 δὲ
744 2709 1108 2784 τυπτομένου,
1155 2711 1204 2766 ἐν
1256 2709 1431 2767 οὐδενὶ
1480 2710 1634 2787 λόγῳ
1673 2712 1734 2766 τὸ
1765 2731 1905 2785 πρα-

262 2796 400 2871 χθὲν
452 2795 699 2854 Γαλλίων
749 2799 1062 2871 πεποίηται.
1118 2799 1335 2864 Παῦλος
1367 2798 1412 2856 δ’
1444 2801 1639 2855 ἐκεῖθεν
1672 2801 1900 2874 ἀπάρας,

262 2886 404 2960 πρὸς
431 2887 530 2956 τήν
574 2889 769 2963 Συρίαν
820 2887 1013 2946 ἔπλεν
1053 2891 1132 2952 εἰς
1181 2893 1409 2970 Ἔφεσον
1458 2889 1514 2946 δὲ
1563 2890 1756 2959 ἐλθὼν,
1809 2889 1903 2963 μέ.

258 2994 376 3029 νειν
414 2976 785 3052 ἠναγκάζετο·
846 2981 947 3049 τὴν
1008 2978 1054 3035 δ’
1113 2982 1307 3056 ἑορτὴν
1363 2987 1466 3050 τῆς
1527 2983 1901 3052 Πεντηκοστῆς

255 3061 352 3119 ἐπί
410 3066 766 3142 Ἱεροσόυλμα
815 3067 997 3125 τελειν
1061 3067 1150 3125 διὰ
1207 3069 1447 3140 σπουδῆς
1507 3066 1675 3146 ἔχων,
1737 3069 1901 3144 ἐξῄει.

256 3153 394 3226 Πλῷ
443 3154 500 3210 δὶ
547 3159 921 3235 χρησάμενος,
980 3164 1048 3234 τῇ
1108 3166 1208 3230 τῆς
1270 3158 1634 3231 Παλαιστίνης
1705 3167 1904 3215 Καισα-

256 3243 376 3316 ρείᾳ
452 3241 815 3321 προσϐάλλει.
895 3249 1130 3304 Ἐκεῖθεν
1221 3246 1280 3304 δὲ
1367 3250 1442 3312 εἰς
1545 3249 1903 3324 Ἰεροσόλυμα

254 3335 525 3409 γεγονὼς,
558 3335 636 3397 εἷς
682 3338 780 3407 τὴν
836 3335 890 3392 ἐν
941 3340 1114 3413 Συρίᾳ
1160 3339 1500 3414 ’Δντιόχειαν
1547 3341 1704 3409 ἥκει·
1760 3337 1904 3394 ἐκεῖ·

257 3425 349 3478 θεν
410 3423 665 3496 ἐξελθὼν,
732 3428 832 3497 τήν
919 3427 1184 3484 Γαλατίαν
1251 3430 1338 3484 καὶ
1426 3428 1666 3504 Φρυγαίν
1748 3426 1904 3503 διήρ-

259 3533 422 3588 χετο,
455 3515 552 3579 τὰς
585 3515 880 3588 ἐκκλησίας
925 3516 1403 3594 ἐπισκεπτόμενος.
1456 3521 1554 3575 Καὶ
1609 3518 1904 3582 Ἀπολλὼς

258 3601 322 3658 δέ
371 3625 455 3667 τις
515 3604 916 3684 Ἀλεξάνδρειαν
975 3607 1208 3685 πατρίδα
1254 3609 1464 3685 αὐχῶν,
1517 3608 1683 3683 λόγου
1721 3629 1782 3664 τε
1811 3607 1901 3664 δυ-

257 3696 424 3768 νάμει
480 3700 716 3770 κρατῶν,
776 3695 1076 3773 ἀποδείξεσι
1135 3697 1382 3774 στερραῖς
1460 3702 1620 3754 πᾶσιν
1695 3697 1900 3753 ἐδείκνυ

252 3784 352 3840 τὸν
395 3786 623 3861 Χριστὸν
669 3786 806 3842 εἶναι
858 3789 948 3844 τὸν
999 3791 1127 3864 παρ’
1184 3787 1368 3853 αὺτοῖς
1417 3786 1896 3866 προσδοκώμενον.

253 3874 346 3946 Ἐξ
415 3874 638 3951 Ἐφέσου
707 3873 763 3930 δὲ
828 3876 902 3939 εἰς
971 3877 1231 3953 Κόρινθον
1296 3879 1558 3955 γεγονὼς,
1624 3876 1902 3955 παρῥησίᾳ

252 3963 350 4017 τὸν
397 3969 498 4033 τῆς
563 3963 794 4028 πίστεως
863 3965 1028 4041 λόγον
1096 3966 1406 4043 ἐκήρυττεν.
1479 3969 1562 4022 Ἐν
1631 3966 1812 4039 τούτῳ
1844 3963 1900 4020 δὲ

255 4055 478 4116 Παῦλος
535 4051 595 4108 ἐκ
651 4054 837 4130 Σύρων
891 4064 994 4132 γῆς
1050 4057 1125 4120 εἷς
1185 4059 1413 4136 Ἔφεσον
1473 4059 1617 4129 ἣκει.
1677 4057 1778 4113 Καὶ
1841 4053 1896 4111 ο’ί

258 4139 404 4216 μηδὲ
461 4143 544 4198 ὅτι
597 4148 816 4217 Πνεῦμα
864 4145 1019 4222 ἅγιόν
1066 4145 1208 4202 ἐστιν
1257 4143 1506 4221 ᾔδειααν,
1553 4150 1622 4221 τῇ
1666 4145 1896 4200 ἐπιθέσει

250 4236 363 4288 τῶν
430 4229 632 4288 ἐκείνου
689 4253 892 4308 χειρων
948 4235 1144 4310 ἀθρόον
1199 4231 1384 4311 ἔσχον,
1442 4238 1699 4310 ξενίζοντι
1746 4235 1896 4310 λόγῳ

251 4321 348 4377 καὶ
400 4322 595 4395 ὁμιλίᾳ
650 4324 958 4399 χρώμενοι,
1012 4324 1102 4380 καὶ
1148 4323 1347 4381 διετίαν
1393 4326 1530 4397 ὅλην
1586 4325 1662 4388 εἷς
1712 4324 1894 4382 Ἀσίαν

253 4408 662 4476 διατελέσαντος
692 4412 746 4468 ἐν
776 4415 959 4489 σχολῇ
1004 4416 1150 4481 τινὸς
1196 4417 1465 4491 Τυράννου
1511 4417 1610 4486 τὴν
1656 4415 1852 4486 κλῆσιν
1879 4434 1892 4448 ·

252 4499 330 4562 ὡς
386 4501 478 4556 καὶ
536 4503 734 4565 πάντας
798 4501 1097 4568 Ἰουδαίους
1151 4525 1210 4560 τε
1266 4505 1355 4560 καὶ
1414 4503 1689 4577 Ἓλληνας
1768 4503 1895 4560 εἴσω

247 4593 349 4644 τοῦ
417 4589 586 4667 λόγου
657 4590 861 4663 θέσθαι,
948 4589 1203 4667 δυνάμεσί
1280 4615 1338 4650 τε
1405 4595 1574 4665 ξέναις
1663 4589 1894 4665 ἔκδηλον

247 4675 513 4756 γενέσθαι,
580 4682 654 4743 ὡς
715 4681 806 4737 καὶ
875 4680 1135 4758 σουδάριά
1211 4704 1332 4741 τινα
1395 4684 1486 4740 καὶ
1570 4683 1888 4759 σιμικίνθια,

2024 2089 2243 2157 audita,
2302 2091 2352 2145 ei
2411 2090 2712 2145 resistunt.
2746 2088 3108 2159 Quapropter
3162 2088 3212 2144 is
3240 2090 3338 2158 :ira
3370 2089 3622 2159 percitus
3657 2106 3669 2142 :

2023 2177 2695 2248 Sanguis,inquit,eorum
2723 2193 2884 2247 super
2907 2191 2994 2230 eos
3025 2192 3043 2230 :
3074 2193 3107 2230 ιι
3137 2192 3239 2248 quo
3263 2175 3377 2244 ipse
3407 2177 3675 2246 purus,ad

2018 2272 2206 2338 gentes
2233 2267 2549 2339 proﬁciscar
2577 2267 2639 2319 ³ο.
2675 2265 2756 2319 lbi
2791 2280 3016 2334 quoque
3055 2269 3366 2336 Synagogas
3400 2265 3668 2334 princeps

2019 2357 2283 2428 Crispus,
2316 2373 2430 2411 una
2461 2372 2593 2410 cum
2627 2355 2874 2424 conjuge
2903 2358 2960 2408 et
2992 2353 3208 2420 liberis,
3243 2353 3505 2407 divinum
3529 2369 3665 2408 sus-

2017 2445 2246 2515 cipiunt
2276 2445 2655 2515 baptismum.
2714 2445 2944 2498 Annum
2989 2459 3156 2514 porro
3203 2442 3490 2511 integrum
3525 2459 3659 2498 cum

2015 2536 2258 2590 dimidio
2336 2533 2596 2590 Corinthi
2645 2533 2859 2587 Paulus
2910 2532 3034 2598 fuit,
3095 2537 3151 2586 et
3199 2531 3383 2587 Gallio
3435 2531 3660 2588 Achaiae

2014 2624 2331 2681 Proconsul
2389 2640 2422 2680 a
2466 2622 2739 2679 tribunali
2777 2623 3010 2678 Judeeos
3063 2620 3287 2692 repellit
3321 2637 3332 2675 :
3368 2622 3658 2692 idemque,

2014 2729 2146 2770 cum
2179 2713 2494 2770 Sosthenes
2541 2714 2968 2781 verberaretur,
3020 2727 3120 2782 pro
3154 2711 3336 2766 nihilo
3379 2727 3500 2765 eam
3536 2726 3658 2766 rem

2014 2801 2240 2858 habuit.
2274 2802 2486 2859 Paulus
2530 2817 2664 2858 vero
2697 2801 2830 2857 inde
2861 2801 3172 2874 profectus,
3207 2800 3267 2856 in
3298 2800 3523 2874 Syriam
3557 2819 3657 2857 na-

2013 2892 2186 2964 vigat.
2223 2892 2512 2965 Ephesum
2553 2896 2749 2948 autem
2791 2906 2924 2946 cum
2955 2891 3226 2959 venisset,
3260 2906 3496 2948 manere
3525 2891 3659 2963 qui-

2014 2986 2146 3041 dem
2185 2985 2266 3042 ibi
2297 2991 2556 3058 tempore
2587 2985 2782 3057 aliquo
2815 2985 3131 3056 cogebatur
3165 3000 3178 3040 :
3213 2985 3431 3040 festum
3464 2989 3658 3041 autem

2014 3070 2164 3126 diem
2215 3071 2541 3142 proximum
2603 3070 3018 3143 Hierosolymis
3076 3087 3348 3143 peragere
3392 3071 3659 3142 cupiens,

2011 3159 2146 3216 inde
2186 3161 2347 3229 abiit,
2381 3165 2439 3218 et
2485 3161 2625 3218 mari
2673 3161 2991 3217 Caesaream
3035 3160 3345 3217 Palaestinas
3378 3160 3655 3230 pervenit.

2012 3250 2151 3305 Inde
2183 3250 2577 3323 Hierosolyma
2622 3249 2933 3322 profaclus,
2982 3267 3113 3307 mox
3152 3250 3514 3306 Antiochiam
3560 3249 3658 3322 Sy-

2012 3339 2112 3394 riae
2157 3357 2391 3396 rursum
2440 3338 2647 3396 tendit.
2690 3337 2862 3396 I13
2897 3339 3059 3395 Unde
3109 3340 3318 3396 deinde
3365 3356 3656 3412 egressus.

2012 3429 2298 3491 Galatiam
2341 3433 2398 3485 et
2457 3429 2793 3502 Phrygiam,
2849 3428 3119 3486 ecclesias
3181 3429 3441 3495 visitans,
3492 3444 3657 3500 pera-

2012 3529 2140 3600 grat
2167 3523 2234 3578 3‘.
2268 3519 2502 3592 Apollos
2531 3535 2666 3574 vero
2699 3520 2963 3590 quidam,
2997 3519 3183 3590 patria
3209 3517 3654 3582 Alexandrinus,

2011 3613 2354 3688 eloquentia:
2383 3611 2437 3666 vi
2471 3609 2717 3682 pollens,
2745 3610 3107 3680 argumentis
3142 3608 3655 3664 demonstrationi-

2009 3708 2232 3775 busque
2264 3701 2437 3758 certis
2465 3704 2634 3770 atque
2674 3699 2856 3754 ﬁrmis
2887 3699 3159 3754 omnibus
3201 3698 3654 3766 demonstrabat,

2008 3795 2305 3851 Christum
2337 3806 2471 3847 eum
2504 3805 2628 3846 esse
2658 3788 2772 3860 {qui
2805 3788 2876 3845 ab
2907 3787 3048 3860 ipsis
3079 3791 3524 3860 exspectaretur.
3554 3787 3656 3842 Hic

2007 3884 2238 3955 Ephoso
2287 3879 2600 3952 profectus,
2651 3877 2992 3933 Corinthum
3056 3877 3300 3949 appulit,
3353 3880 3527 3949 atque
3576 3876 3658 3932 ibi

2010 3989 2226 4046 magna
2275 3987 2408 4027 cum
2459 3969 2725 4026 libertate
2773 3968 2906 4023 fidei
2957 3969 3195 4024 verbum
3226 3966 3651 4040 deprredioavit.

2007 4065 2231 4121 Interea
2287 4059 2495 4116 Paulus
2525 4075 2593 4115 ex
2632 4063 2786 4114 terra
2824 4057 2991 4130 Syria
3019 4057 3314 4130 Ephesum
3362 4057 3517 4113 venit
3548 4073 3560 4112 :
3595 4062 3652 4114 et

2007 4152 2104 4225 qui
2136 4152 2214 4208 ibi
2252 4151 2443 4207 adhuc
2475 4149 2753 4221 Spiritum
2802 4152 3064 4204 sanctum
3114 4162 3243 4204 esse
3288 4147 3647 4214 nesciebant,

2005 4259 2134 4300 eum
2159 4255 2441 4298 manuum
2469 4238 2630 4295 illius
2651 4237 3024 4308 impositione
3045 4237 3278 4293 abunde
3300 4236 3652 4307 suscipiunt,

2006 4331 2449 4406 peregrinisque
2511 4328 2878 4386 sermonibus
2933 4332 2991 4385 et
3023 4327 3238 4400 linguis
3305 4327 3650 4400 loquuntur.

2003 4422 2310 4478 Biennium
2335 4419 2593 4477 totumin
2619 4418 2750 4475 Asia
2771 4417 2986 4475 Paulus
3017 4418 3240 4490 peregit
3261 4417 3319 4472 in
3352 4418 3653 4489 cujusdam

2004 4512 2224 4580 schola,
2258 4512 2355 4568 cui
2383 4525 2596 4566 nomen
2628 4509 2897 4582 Tyranno
2929 4514 3071 4566 erat.
3113 4508 3194 4564 lbi
3227 4524 3429 4565 omnes
3454 4511 3522 4579 ζει
3545 4507 3653 4562 Ju-

2002 4601 2156 4657 dmos
2187 4604 2243 4657 et
2297 4599 2522 4655 Grmcos
2572 4599 2644 4654 ad
2683 4598 2924 4655 verbum
2963 4597 3319 4654 audiendum
3353 4597 3648 4667 pertraxit.

2000 4694 2176 4746 Fama
2215 4704 2384 4760 porro
2425 4686 2820 4744 inauditorum
2865 4690 3034 4744 antea
3076 4684 3490 4742 miraculorum
3523 4685 3648 4755 ejus

248 4770 437 4825 ἀθόνια
468 4768 680 4841 δηλαδή
714 4769 910 4843 λεπτὰ,
960 4777 1058 4828 τοῦ
1107 4776 1326 4852 χρωτὸς
1377 4774 1581 4831 ἐκείνου
1613 4775 1893 4847 ἁπτόμενα

2026 4776 2486 4848 ncrebrescebat,
2520 4778 2664 4834 adeo
2697 4781 2763 4833 ut
2800 4776 3034 4834 sudaria
3075 4775 3338 4847 quedam
3386 4781 3443 4832 et
3472 4774 3649 4831 semi-

254 4859 441 4933 μόνον,
485 4859 674 4924 νόσους
725 4861 926 4932 ἰᾶσθαι,
977 4863 1067 4918 καὶ
1117 4861 1338 4937 δαίμοσι
1383 4859 1587 4942 φοϐερὰ
1630 4864 1892 4920 καθίστα-

251 4951 411 5004 σθαι·
458 4949 544 5006 καί
593 4972 765 5022 τινας,
816 4951 1004 5026 ἱερέως
1055 4950 1099 5008 δ’
1149 4954 1283 5023 ἦσαν
1334 4952 1522 5018 παῖδες
1569 4959 1744 5010 Σκευᾶ
1791 4957 1888 5024 τὴν

247 5037 448 5109 κλῆσιν
491 5039 644 5112 ἐπτᾶ,
697 5040 932 5116 ὁρκίζειν
980 5040 1068 5099 ἐπὶ
1121 5046 1190 5117 τῇ
1243 5043 1439 5114 κλήσει
1498 5043 1719 5100 Παύλου
1765 5044 1893 5108 τοὺς

249 5129 513 5203 δαίμονας
544 5129 635 5184 καὶ
685 5128 928 5186 ἐλαύνειν
961 5150 973 5164 ·
1027 5131 1425 5206 ἐλαυνομένους
1459 5131 1515 5189 δὲ
1563 5131 1765 5211 λέγειν,
1795 5134 1886 5189 τὸν

251 5225 350 5292 μὲν
412 5219 625 5275 Παῦλον
684 5217 903 5292 εἰδέναι,
964 5219 1198 5285 ἐκείνους
1257 5219 1316 5277 δὲ
1369 5223 1567 5292 ἥκιστά
1615 5245 1677 5299 γε
1718 5223 1888 5299 γινώ-

246 5326 428 5365 σκειν·
488 5308 578 5364 καὶ
627 5307 1042 5386 ἐφαλλομένους
1091 5311 1426 5388 τραυματίας
1464 5312 1680 5368 ἐποίουν
1744 5311 1890 5386 μᾶλ-

241 5399 342 5457 λον
370 5397 608 5462 ἐκείνους
633 5417 646 5433 ⁸
681 5400 754 5462 ὡς
804 5401 893 5455 καὶ
944 5398 1062 5464 δέος
1103 5403 1360 5458 ἀκουσθὶν
1412 5403 1605 5458 ἅπασιν
1652 5401 1885 5458 ἐνιέναι’

240 5491 436 5545 θᾶττον
469 5486 527 5544 δὲ
572 5490 658 5544 καὶ
691 5489 820 5553 τοὺς
870 5489 922 5547 ἐν
968 5491 1254 5569 περιεργίᾳ
1305 5495 1508 5563 ζῶντας
1559 5493 1690 5570 πυρί
1738 5489 1886 5547 διδό-

236 5600 329 5638 ναι
359 5577 456 5643 τὰς
485 5573 740 5655 βίϐλους,
789 5581 881 5636 καὶ
910 5583 1011 5654 τήν
1059 5585 1230 5658 τιμὴν
1282 5580 1502 5642 ⁷ἐκείνων
1533 5583 1586 5648 ἐς
1622 5579 1886 5660 μυριάδας

309 5789 360 5828 ³ο
388 5793 512 5852 Act.
544 5809 711 5865 xvm,
739 5792 793 5851 6.
870 5792 916 5834 ³1
946 5797 1070 5853 Act.
1106 5810 1264 5853 xvnt.

2000 4867 2209 4926 cinctia
2248 4868 2476 4939 (tenues
2530 4866 2796 4924 videlicet
2834 4865 3040 4936 fascias)
3099 4881 3226 4937 qua
3275 4880 3486 4936 corpus
3524 4864 3650 4935 ejus

2001 4957 2347 5028 attigissent,
2381 4972 2511 5013 cum
2544 4956 2776 5013 morbos
2808 4959 3096 5022 curarent,
3129 4959 3254 5011 tum
3286 4954 3646 5011 daemonibus

2001 5045 2390 5104 formidolosa:
2420 5049 2635 5102 essent.
2686 5045 2866 5102 Erant
2905 5048 3181 5117 praeterea
3228 5044 3414 5101 Sceva:
3446 5044 3646 5113 cuius-

2001 5137 2136 5193 dam
2168 5135 2486 5192 sacerdotis
2522 5135 2623 5190 filii
2673 5139 2918 5206 septem,
2946 5134 3047 5206 qui
3075 5134 3313 5190 nomine
3342 5133 3507 5189 Pauli
3537 5134 3646 5189 das-

2001 5243 2204 5282 mones
2252 5225 2521 5295 adjurare
2588 5227 2644 5279 et
2696 5223 2984 5295 expellere
3027 5225 3318 5279 audebant
3357 5239 3371 5278 :
3423 5222 3520 5293 qui
3566 5223 3646 5278 ita

1999 5316 2202 5386 fugati,
2239 5315 2557 5371 Paulumse
2587 5315 2823 5385 quidem
2855 5315 3163 5377 scire,illos
3194 5319 3390 5369 autem
3417 5312 3642 5368 minime

2000 5422 2192 5474 nosse,
2244 5405 2492 5460 dicunt:
2544 5409 2721 5474 atque
2781 5419 2914 5459 cum
2969 5402 3189 5475 impetu
3245 5407 3302 5458 in
3336 5402 3464 5458 illos
3495 5405 3644 5459 insi-

2001 5495 2228 5566 lientes,
2261 5509 2359 5550 eos
2417 5494 2854 5552 convulnerant.
2888 5496 3247 5566 Quapropter
3286 5510 3378 5551 res
3428 5509 3495 5551 ea
3533 5510 3645 5551 au-

1997 5583 2141 5663 dita,
2185 5583 2462 5646 omnibus
2513 5584 2782 5645 timorem
2813 5583 3040 5646 incutit.
3082 5583 3213 5643 Mox
3241 5584 3414 5644 etiam
3445 5585 3545 5657 qui
3575 5598 3645 5642 ex
