4070 6274
457 387 578 452 819

1755 405 2176 477 NICEPHORI
2219 415 2568 478 CALLISTI

3753 421 3868 480 820

460 525 710 583 curiosis
756 527 980 584 artibus
1018 529 1311 601 vivebant,
1344 533 1524 592 libros
1581 553 1719 594 suos
1773 542 2106 615 vendentes,

2226 547 2486 623 ἀργυρίου
2545 545 2701 602 πέντε
2759 547 3196 626 συνεψηφίσθαι·
3262 545 3470 603 τούτων
3539 548 3859 624 γινομένων,

461 618 715 687 pretium
748 633 945 674 eorum
996 621 1065 676 ad
1110 622 1367 696 quinque
1415 626 1705 698 myriades
1735 631 2102 691 denariorum

459 707 733 778 redigunt
758 709 857 782 (1).
893 710 990 766 His
1016 728 1182 784 porro
1214 715 1292 770 ita
1323 717 1490 786 actis,
1532 719 1588 773 in
1631 721 1826 777 animo
1856 723 2105 781 habebat

457 795 674 851 Paulus
707 814 808 868 per
857 802 1253 860 Macedoniam
1305 812 1496 877 petere
1525 809 1827 878 Achaiam,
1868 821 1921 869 el
1969 815 2103 871 inde

455 885 658 940 reverti
717 885 1137 962 Hierosolyma,
1171 894 1378 950 deinde
1413 897 1651 955 Romam
1686 902 1861 957 etiam
1895 903 2102 970 videre,

454 973 595 1029 Cum
627 980 822 1032 autem
883 978 1074 1036 adhuc
1118 981 1178 1038 in
1222 984 1359 1040 Asia
1409 992 1584 1054 esset,
1630 990 2001 1047 Timotheum
2049 995 2106 1048 et

451 1065 714 1119 Erastum
745 1066 800 1120 in
836 1068 1193 1126 occidentem
1229 1073 1404 1130 misit.
1447 1076 1532 1131 lbi
1575 1082 1698 1134 tum
1750 1079 2103 1149 Demetrius,

453 1152 615 1209 faber
655 1159 1041 1228 argentarius,
1087 1165 1240 1230 quod
1284 1165 1464 1234 aurei,
1497 1184 1644 1238 quos
1695 1169 1966 1238 faciebat,
2000 1173 2100 1237 dii,

453 1242 629 1299 Paulo
659 1243 794 1302 illos
846 1249 1139 1320 despicere
1191 1255 1600 1326 persuadente,
1648 1259 2103 1330 negligerentur,

455 1333 774 1390 tumultum
801 1353 918 1392 non
952 1356 1192 1410 parvum
1229 1343 1432 1412 Ephesi
1473 1347 1719 1403 excitat:
1753 1350 1960 1405 Actum
1984 1367 2106 1407 esse

457 1423 529 1477 de
555 1423 687 1491 diis,
724 1426 1156 1500 periclitarique
1215 1434 1388 1489 etiam
1424 1435 1731 1507 templum,
1782 1455 1906 1509 quae
1949 1441 2102 1510 apud

456 1511 612 1581 ipsos
655 1513 967 1585 celebatur,
1029 1518 1242 1586 Dianae,
1301 1523 1611 1592 quiritans.
1646 1525 1865 1597 Vulgus
1910 1529 2108 1599 itaque

460 1600 652 1657 furore
682 1607 738 1658 et
781 1603 1178 1676 indignatione
1211 1612 1513 1680 percitum,
1550 1619 1772 1686 Magna,
1806 1617 2105 1686 exclamat,

457 1690 818 1759 Ephesiorum
847 1696 1058 1762 Diana,-
1091 1704 1147 1752 et
1179 1701 1428 1770 impectu
1452 1704 1712 1761 belluino
1737 1709 2015 1778 quosdam
2039 1726 2105 1765 ex

458 1778 625 1834 Pauli
657 1785 1043 1840 sectatoribus
1076 1791 1612 1858 comprehendit.Ac
1645 1796 1755 1851 nisi
1788 1797 2110 1853 Alexander

462 1869 654 1922 scriba
685 1873 1037 1943 consistens,
1063 1876 1292 1933 sublata
1316 1879 1374 1933 in
1399 1882 1582 1937 altum
1608 1899 1808 1953 manu,
1833 1889 2105 1942 suavibus

465 1956 901 2016 multitudinem
957 1932 1563 2039 de'mulsissetverbis,
1599 1932 1837 2032 fortasse
1867 1977 2113 2033 Paulum
2145 1932 2190 1998 Β

464 2055 654 2135 ipsum
688 2049 856 2105 etiam
892 2050 1342 2114 interemissent.
1396 2061 1502 2126 Qui
1533 2063 1757 2134 Epheso
1788 2067 2111 2135 discedens,

463 2127 525 2192 in
558 2136 950 2196 Macedoniam
986 2144 1396 2217 proﬁciscitur,
1430 2151 1703 2209 ecclesias
1735 2156 2112 2212 confirmans.

461 2226 652 2298 Atque
684 2228 816 2284 inde
869 2230 927 2286 in
961 2231 1240 2292 Graeciam
1279 2240 1453 2294 venit.
1488 2244 1643 2299 174
1673 2245 1954 2302 Caeterum
1987 2263 2118 2303 cum

464 2314 544 2371 ibi
577 2333 609 2371 a
638 2315 860 2375 Judwis
892 2320 940 2376 ei
975 2327 1338 2382 struerentur
1368 2328 1852 2400 insidiae,rursum
1875 2353 1978 2406 per
2002 2337 2120 2392 Ma-

466 2404 766 2461 cedoniam
826 2412 1156 2468 revertitur.
1219 2415 1622 2487 Sequebantur
1667 2439 1798 2479 eum
1858 2404 2117 2496 Sopater,

466 2494 858 2566 Aristarchus,
915 2504 970 2554 et
1021 2502 1388 2562 Timotheus.
1462 2509 1750 2582 Tychicus
1809 2494 2004 2571 autem
2063 2520 2119 2572 et

466 2582 836 2655 Tropbimus,
862 2589 1084 2657 Asiani,
1133 2594 1230 2664 qui
1275 2607 1713 2670 praecesserant,
1763 2603 1984 2661 Troade
2022 2622 2121 2661 eos

466 2675 896 2743 exspectabant.
934 2677 1147 2737 Paulus
1193 2698 1366 2754 porro
1411 2703 1531 2745 una
1583 2708 1717 2747 cum
1753 2693 1905 2750 Luca
1935 2696 2123 2765 (erant

467 2763 593 2838 tum
641 2765 988 2837 Azymorum
1045 2771 1193 2843 dies)
1242 2775 1528 2848 Philippis
1576 2784 1855 2838 Troadem
1897 2763 1952 2840 et
1998 2786 2124 2857 ipse

467 2851 642 2905 venit.
696 2853 778 2908 Ibi
827 2857 920 2912 die
961 2859 1345 2920 Sabbatorum
1391 2883 1526 2936 una,
1563 2886 1695 2925 cum
1732 2871 1946 2929 Paulus
1986 2851 2124 2930 con-

471 2938 696 2997 cionem
764 2941 998 3016 longam
1060 2947 1323 3020 haberet,
1400 2959 1456 3009 et
1523 2959 1707 3014 oratio
1750 2959 1808 3014 in
1870 2963 2123 3020 mediam

474 3032 702 3084 noctem
756 3034 1192 3102 produceretur.
1255 3041 1598 3101 adolescens
1641 3049 1880 3120 quidam
1938 3053 2124 3125 Euty-

475 3115 834 3208 chus,",qui
867 3121 923 3208 in
959 3123 1242 3184 fenestras
1274 3131 1521 3200 quodam
1557 3115 2125 3208 sedebat,verborum

476 3206 759 3262 suavitate
803 3207 1121 3284 delibutus,
1161 3219 1218 3270 et
1265 3217 1322 3271 in
1365 3235 1636 3279 somnum
1664 3206 2124 3296 ,prolundiorem

473 3292 765 3365 delapsus,
809 3312 877 3352 ex
907 3301 1079 3357 tertia
1137 3306 1571 3378 contignatione
1621 3292 1858 3387 decidit,
1909 3323 1968 3374 et
1999 3336 2114 3376 mo-

2232 3292 2521 3391 παρηγγύα
2583 3319 2657 3390 μὴ
2717 3312 3062 3392 θορυϐεῖσθαι
3097 3339 3109 3351 ·

477 3383 640 3439 ritur.
677 3385 739 3440 Ei
771 3403 904 3444 vero
934 3389 1156 3457 Paulus
1188 3396 1555 3472 incumbens,
1591 3403 1740 3462 bono
1773 3408 1967 3465 animo
1993 3428 2119 3467 esse

477 3473 833 3548 minimeque
881 3496 980 3534 eos
1029 3483 1373 3542 tumultuari
1412 3492 1604 3562 jubet,
1659 3512 1784 3553 esse
1826 3498 2018 3556 adhuc
2059 3500 2118 3555 in

479 3561 713 3620 homine
748 3567 1002 3624 animam
1033 3571 1321 3631 dictitans.
1349 3561 1432 3634 lta
1455 3581 1690 3651 juvenis
1721 3586 2034 3645 incolumis
2066 3595 2122 3648 et

477 3653 697 3722 salvus,
732 3656 984 3714 multum
1017 3661 1101 3716 eis
1124 3664 1223 3734 qui
1249 3672 1578 3743 congregati
1603 3674 1848 3746 fuerant,
1876 3678 2118 3749 praebuit

475 3740 688 3799 latitia;
719 3746 820 3816 etj
849 3751 1220 3809 ucunditatis.
1283 3756 1348 3812 Et
1407 3740 1696 3834 colloquio
1737 3768 1808 3821 ad
1837 3740 2114 3825 auroram

479 3845 666 3902 usque
696 3838 996 3908 producto,
1043 3840 1174 3897 inde
1205 3844 1344 3913 abit,
1390 3854 1559 3919 atque
1591 3852 1953 3925 Mitylenem,
1985 3875 2116 3914 mox

480 3919 722 3978 Samum
770 3925 926 3981 venit
959 3947 973 3996 ;
1008 3933 1063 3984 et
1104 3933 1393 4006 Trongylii
1432 3955 1563 3996 cum
1611 3919 1942 4016 mansisset,
1982 3949 2120 4004 inde

477 4008 741 4066 Miletum
773 4014 915 4083 adit,
959 4017 1548 4095 Hierosolymitanum
1597 4031 1706 4088 iter
1742 4008 1973 4108 urgens.
2017 4039 2120 4093 Mi-

479 4098 592 4155 leto
625 4116 794 4172 porro
841 4108 1166 4165 sacerdotes
1214 4112 1594 4184 Ephesiorum
1625 4098 2120 4200 ecclesiarumque

431 4221 434 4224 -
475 4187 776 4260 episcopos
805 4194 1068 4266 accersit,
1122 4213 1462 4275 moremque
1516 4213 1572 4264 et
1619 4210 1792 4268 vitam
1826 4215 1907 4272 eis
1950 4187 2118 4274 suam

476 4287 918 4350 commemorat,
969 4290 1032 4340 ut
1079 4287 1341 4347 videlicet
1389 4295 1536 4352 nihil
1583 4299 1663 4356 eis
1693 4317 1890 4360 earum
1923 4322 2120 4362 rerum

475 4385 595 4440 quae
627 4371 941 4441 profuturte
974 4376 1224 4444 fuerant,
1258 4381 1512 4442 indicare
1557 4388 1946 4467 intermiserit,
1998 4414 2122 4468 poe-

475 4458 898 4534 nitentiamque
930 4469 986 4520 et
1013 4465 1184 4522 ﬁdem
1215 4469 1269 4525 in
1303 4472 1596 4533 Christum
1629 4482 1899 4547 privatim
1932 4458 2126 4559 et.pu-

476 4547 626 4604 blice
681 4552 1031 4610 testificatus
1089 4556 1368 4618 docuerit.
1417 4564 1660 4625 Proinde
1691 4587 1786 4628 eos
1837 4547 2121 4660 hortatur,

473 4644 538 4696 ut
569 4645 622 4696 et
654 4657 712 4696 se
739 4645 794 4697 et
821 4658 1046 4716 greges,
1089 4647 1146 4702 in
1194 4650 1409 4720 quibus
1456 4672 1554 4712 eos
1601 4660 1851 4730 Spiritus
1883 4644 2123 4722 sanctus

477 4729 782 4802 episcopos
815 4733 1241 4809 constituisset,
1265 4745 1479 4800 attente
1512 4729 1800 4823 curarent,
1837 4761 1896 4808 ut
1927 4755 2122 4826 vigila-

470 4824 617 4888 rent,
663 4821 983 4895 seduloque
1040 4825 1508 4889 cohortationum
1576 4821 2117 4916 praeceptorum'que

469 4923 730 4978 suorum,
783 4927 910 4982 qure
960 4929 1056 4969 eos
1101 4916 1346 4976 triennio
1395 4925 1514 4980 toto
1556 4926 1872 4998 docuisset,
1919 4933 2116 4988 memi-

470 4997 722 5067 nissent,
752 5008 800 5056 et
837 5007 900 5056 ut
924 5000 1096 5074 lupos
1127 5007 1385 5066 ecclesiis
1408 5028 1605 5082 graves
1628 4997 1876 5089 jamjam
1913 5022 2114 5078 adven-

467 5091 629 5144 turos
651 5092 1262 5167 caverentJt-lultisque
1294 5106 1570 5170 praetcrea
1601 5109 1919 5165 commodis
1939 5115 2113 5182 atque

467 5177 710 5234 utilibus
745 5180 918 5236 rebus
967 5187 1263 5254 expositis,
1313 5205 1446 5246 cum
1495 5195 1679 5249 multo
1728 5177 2114 5268 planctu,_vix

465 5268 701 5323 tandem
735 5269 806 5324 ab
855 5270 938 5326 eis
970 5274 1258 5342 avellitur,
1291 5284 1347 5334 et
1377 5296 1508 5336 cum
1540 5283 1760 5354 ingenti
1803 5289 2109 5359 desiderio,

467 5353 591 5425 ipse
621 5357 797 5412 simul
827 5364 882 5415 et
915 5362 1176 5432 praebens
1233 5367 1528 5439 excipiens
1560 5353 1775 5444 oscula,
1809 5376 1869 5432 in
1901 5394 2108 5434 navem

469 5444 792 5503 deducitur.
826 5449 1027 5522 Itaque
1063 5453 1122 5510 in
1153 5455 1409 5514 insulam
1461 5459 1536 5516 Co
1576 5463 1850 5522 defertur.
1893 5467 2111 5525 Deinde

537 5593 582 5633 ³³
613 5595 738 5652 Act.
767 5611 859 5667 xx,
889 5598 942 5654 9.

539 5721 616 5798 (1)
649 5721 1074 5796 Quinquaginta
1107 5729 1287 5790 millia
1310 5735 1556 5805 argenti.

2212 637 2346 710 πρὸς
2411 634 2619 711 βουλῆς
2678 638 2746 706 ἦν
2808 636 3014 709 Παύλῳ
3075 635 3163 692 διὰ
3221 642 3327 692 τῶν
3403 636 3728 694 Μακεδόνων
3789 640 3861 703 εἰς

2520 725 2534 742 Ι.
2640 731 2660 740 ν
2809 727 2822 745 3
2925 730 2951 741 ν
3109 725 3125 746 9
3311 725 3322 746 Ι
3510 727 3524 747 τ
3633 730 3648 750 τ
3819 728 3831 745 θ

2212 722 2464 798 Ἀχαιίαν
2514 725 2712 797 ελθειν,
2761 727 3047 781 καντευθεν
3102 730 3427 801 αναστρεψαι
3481 748 3557 790 εις
3654 731 3863 802 Ιεροσο-

2214 813 2385 886 λυμα,
2449 813 2582 886 μετᾶ
2636 811 2691 869 δὲ
2737 819 2901 870 τοῦτο
2960 814 3050 870 καὶ
3109 817 3327 889 Ῥώμην
3389 815 3546 872 ἱδεῖν.
3605 819 3747 879 Τέως
3808 814 3860 872 δὲ

2214 901 2266 957 ἐν
2339 901 2492 973 Ἀσίᾳ
2563 899 2876 978 διατρίϐων.
2936 905 3200 978 Τιμόθεον
3285 905 3374 960 καὶ
3452 908 3717 980 Ἔραστον
3785 905 3856 969 εἷς

2213 991 2438 1066 ἑσπέραν
2510 989 2825 1068 διέπεμψεν.
2903 995 3168 1051 Ἐνταῦθα
3241 997 3567 1072 Δημήτριος
3630 997 3658 1052 ὁ
3697 996 3855 1072 ἀργυ-

2217 1083 2473 1156 ροκόπος,
2525 1083 2713 1157 ὅτιπερ
2765 1081 2916 1156 αὐτῷ
2959 1084 3011 1138 οἱ
3042 1089 3244 1160 χρυσοῖ
3292 1086 3402 1140 θεοὶ
3455 1089 3852 1160 παρεώρανται,

2216 1169 2437 1226 Παύλου
2492 1177 2842 1250 καταφρονεῖν
2887 1171 3198 1244 πείσαντος,
3247 1172 3488 1250 τάραχον
3541 1173 3639 1230 οὐκ
3680 1173 3855 1250 ὀλίγον

2213 1261 2483 1340 Ἐφεσίοις
2537 1259 2688 1329 ἐνίει,
2750 1261 3103 1318 ἀπολωλέναι
3163 1262 3336 1338 λέγων
3411 1263 3590 1335 θεοὺς,
3641 1263 3695 1320 ἐν
3751 1287 3852 1320 κιν-

2215 1347 2358 1421 δύνῳ
2418 1347 2474 1404 δὲ
2523 1352 2608 1405 καὶ
2662 1350 2724 1405 τὸ
2773 1351 2915 1426 ἱερὸν
2968 1357 3070 1421 τῆς
3129 1353 3257 1426 παρ’
3308 1353 3496 1415 αὐτοῖς
3543 1358 3854 1427 τιμωμένης

2217 1437 2536 1513 Ἀρτέμιδος
2588 1439 2755 1495 εἶναι·
2803 1437 2857 1495 o't
2909 1437 2976 1509 δὴ
3031 1439 3121 1496 καὶ
3170 1442 3327 1515 θυμῷ
3373 1443 3688 1518 νικώμενοι.
3737 1451 3856 1499 Με-

2212 1526 2392 1602 γάλη
2427 1530 2461 1597 ἡ
2512 1529 2847 1604 ”Δρτεμις
2901 1531 3261 1608 Ἐφεσίων,
3312 1527 3526 1586 ἐϐόων·
3576 1533 3665 1586 καὶ
3714 1534 3853 1606 ὁρμῇ

2217 1615 2414 1670 συώδει
2446 1617 2752 1691 χρώμενοι,
2793 1619 2944 1680 τινὰς
2993 1623 3099 1673 τῶν
3147 1623 3243 1675 τοῦ
3289 1619 3508 1677 Παύλου
3560 1623 3852 1698 συνέσχον·

2213 1708 2304 1760 καὶ
2367 1707 2411 1760 εὶ
2485 1708 2560 1780 μὴ
2622 1708 2650 1761 ὁ
2708 1707 3064 1782 γραμματεὺς
3130 1709 3258 1771 στὰς
3329 1708 3703 1785 Ἀλέξανδρος,
3755 1714 3852 1780 τήν

2216 1797 2380 1870 χεῖρά
2411 1818 2469 1850 τε
2499 1797 2576 1858 εἷς
2609 1797 2742 1871 ὕψος
2785 1799 3062 1875 διαγαγὼν
3109 1799 3298 1868 ἡπίοις
3348 1799 3540 1876 λόγοις
3585 1805 3853 1867 καθίκετο,

2217 1887 2345 1959 τάχ’
2393 1883 2452 1939 ἂν
2509 1886 2597 1940 καὶ
2649 1885 2866 1942 Παῦλον
2924 1886 3340 1965 διεχειρίσαντο.
3394 1891 3478 1960 Ἐξ
3528 1892 3754 1968 Ἐρέσου
3803 1889 3856 1946 δὲ

2219 1979 2336 2034 τοῖς
2392 1974 2574 2048 μὲρεσι
2633 1973 2967 2038 Μακεδονίας
3017 1972 3348 2052 προσϐαλὼν
3379 1979 3406 2032 ὁ
3439 1978 3678 2046 Παῦλος,
3729 2001 3858 2050 στη-

2224 2065 2386 2140 ρίζων
2436 2067 2530 2127 τὰς
2590 2065 2904 2138 ἐκκλησίας,
2981 2068 3227 2141 πρόσεισι
3285 2073 3353 2143 τῇ
3408 2069 3655 2128 Ἑλλάδι.
3706 2074 3860 2129 Ἑπι-

2224 2150 2432 2224 ϐουλῆς
2467 2152 2522 2209 δὲ
2553 2157 2686 2229 πρὸς
2741 2155 3022 2212 Ἰουδαίων
3080 2158 3336 2235 ῥαφείσης
3368 2160 3535 2232 αὐτῷ,
3571 2162 3850 2236 ἆνὲστρετρε

2225 2241 2314 2298 διὰ
2362 2242 2687 2301 Μακεδόνων
2739 2243 2907 2307 αὖθις.
2956 2247 3022 2304 Οἱ
3079 2247 3203 2321 περὶ
3272 2249 3572 2325 Σώπατρον
3637 2247 3715 2318 δὲ,
3770 2251 3860 2304 καὶ

2225 2330 2580 2408 ’Δρίσταρχον
2643 2335 2734 2388 καὶ
2800 2335 3063 2408 Τιμόθεον
3131 2337 3278 2409 αύτῷ
3363 2335 3578 2394 εἵποντο
3615 2357 3628 2368 ·
3698 2337 3748 2393 οἳ
3805 2360 3862 2415 γε

2232 2422 2338 2495 μὴν
2397 2423 2660 2495 Ἀσιανοὶ,
2719 2425 2951 2498 Τυχικός
3010 2445 3068 2480 τε
3123 2426 3211 2480 καὶ
3285 2429 3582 2505 Τρόφιμος,
3653 2427 3863 2502 προελ-

2229 2511 2403 2575 θὲντες
2463 2511 2513 2566 ἐν
2580 2510 2793 2587 Τρῳάδι
2863 2512 3058 2576 αὐνοὺς
3123 2515 3464 2590 περιέμενον.
3534 2517 3750 2580 Παῦλος
3809 2514 3866 2572 δὲ

2231 2597 2441 2674 σύναμα
2488 2606 2691 2673 Λουκᾷ,
2745 2600 2947 2677 ἡμέραι
3008 2601 3064 2658 δὲ
3117 2609 3225 2659 τῶν
3282 2606 3531 2679 Ἀζύμων
3591 2607 3748 2677 ἦσαν,
3809 2606 3868 2662 ἐκ

2231 2686 2527 2744 Φιλίππων
2587 2691 2663 2754 εἰς
2720 2690 2950 2768 Τρῳάδα
3002 2693 3092 2747 καὶ
3143 2693 3299 2756 αὐτὸς
3350 2697 3502 2763 ἧκεν.
3554 2698 3754 2753 Ἐκεῖσε
3813 2695 3868 2751 δὲ

2229 2782 2336 2833 τῶν
2390 2775 2684 2834 Σαϐϐάτων
2745 2785 2842 2854 μιᾷ
2887 2779 3144 2858 διάλογον
3192 2782 3454 2840 πλεῖστον
3504 2785 3724 2841 Παύλου
3771 2808 3872 2842 πε-

2231 2866 2560 2940 ποιημένου,
2654 2868 2820 2944 μέχρι
2896 2872 3247 2944 μεσονυκτίου
3317 2873 3343 2927 ὁ
3412 2872 3578 2948 λόγος
3648 2877 3869 2950 προῄει.

2231 2957 2455 3020 Νεανίας
2489 2955 2545 3013 δὲ
2573 2977 2656 3020 τις
2704 2955 2949 3036 Εὔτυχος
2998 2964 3078 3033 τῷ
3129 2959 3310 3034 μὲλιτι
3368 2967 3478 3018 τῶν
3529 2961 3698 3038 λόγων
3759 2985 3872 3034 κη-

2234 3044 2522 3119 λούμενος,
2585 3045 2673 3102 ἐπί
2731 3070 2876 3111 τινος
2935 3048 3157 3124 θυρίδος
3206 3051 3661 3124 ὑπερκαθήμενος,
3709 3053 3869 3126 ῧπνῳ

2237 3136 2390 3211 βαθεῖ
2443 3138 2778 3214 κατάσχετος
2835 3138 3091 3214 γεγονὼς,
3139 3139 3246 3195 ἀπὸ
3294 3145 3391 3196 τοῦ
3435 3143 3716 3216 τριστέγου
3769 3165 3870 3198 πε-

2236 3225 2360 3295 σὼν,
2403 3227 2592 3300 νεκρὸς
2658 3225 2852 3283 ἔκειτο.
2922 3228 3141 3292 Παῦλος
3209 3226 3268 3284 δὲ
3331 3229 3510 3304 τούτῳ
3576 3231 3868 3301 ἐπιπεσὼν,

3167 3318 3219 3374 ἐν
3277 3319 3426 3393 αύτῷ
3481 3320 3581 3395 γὰρ
3639 3318 3715 3377 ἔτι
3770 3324 3872 3392 τήν

2231 3407 2417 3484 ψυχὴν
2465 3405 2751 3481 ἐφιζάνειν.
2805 3409 2961 3463 Καὶὸ
2991 3414 3118 3471 παῖς
3169 3409 3330 3484 ὑγιὴς
3359 3411 3444 3480 ἦε,
3494 3409 3714 3482 πολλὴν
3754 3419 3870 3472 τοῖς

2232 3493 2670 3570 συνειλεγμένοις
2749 3499 3050 3577 παρασχὼν
3139 3498 3446 3572 εὐθυμίαν·
3517 3500 3593 3563 εἰς
3673 3498 3748 3556 ἕω
3818 3501 3873 3557 δὲ

2226 3585 2327 3654 τὴν
2388 3585 2611 3658 ὁμιλίαν
2672 3584 2924 3660 ἐκτείνας,
2993 3587 3173 3662 ἐξῄει·
3242 3589 3334 3643 καὶ
3395 3587 3485 3643 διὰ
3551 3590 3877 3662 Μιτυλήνης

2228 3675 2319 3728 καὶ
2372 3675 2560 3747 Σάμου
2609 3676 2661 3732 ἐν
2711 3682 2789 3750 τῷ
2833 3678 3161 3754 Τρογγυλίῳ
3193 3679 3508 3755 γενόμενος,
3559 3680 3636 3742 εἷς
3686 3681 3878 3753 Μίλη-

2231 3783 2322 3818 τον
2373 3764 2531 3833 ἦλθε,
2581 3765 2678 3832 τήν
2729 3765 2864 3840 πρὸς
2913 3765 3267 3842 Ἱεροσόλυμα
3312 3765 3420 3839 ἤδη
3473 3768 3874 3842 στελλόμενος·

2231 3849 2291 3905 ἐκ
2331 3853 2581 3924 Μιλήτου
2638 3851 2695 3908 δὲ
2759 3855 2886 3919 τοὺς
2952 3856 3115 3931 ἱερεῖς
3184 3857 3446 3930 Ἐφεσίων
3519 3859 3877 3931 μεταστειλα-

2235 3961 2410 4015 μενος,
2471 3944 2562 3998 καὶ
2617 3942 2743 4006 τοὺς
2809 3949 2919 4000 τῶν
2988 3943 3292 4016 ἐκκλησιῶν
3359 3945 3709 4018 ἐπισκόπους,
3775 3952 3866 4005 τὸν

2229 4029 2422 4084 ἑαυτοῦ
2455 4031 2574 4102 βίον
2615 4032 2704 4086 καὶ
2753 4032 2968 4107 τρόπον’
3007 4032 3263 4105 ὑπετίθει,
3297 4034 3370 4094 ὡς
3421 4035 3485 4089 ού
3535 4031 3871 4094 διεστείλατο

2233 4116 2404 4190 μηδὲν
2440 4140 2492 4174 τι
2537 4123 2643 4175 τῶν
2695 4121 3002 4192 ὀνησόντων
3050 4121 3241 4194 εἰπεῖν,
3291 4124 3389 4193 τήν
3419 4144 3478 4178 τε
3511 4125 3585 4187 εἰς
3627 4127 3869 4200 Χριστὸν

2235 4210 2518 4280 μετάνοιαν
2547 4211 2636 4265 καὶ
2689 4211 2869 4267 πίστιν
2922 4210 3032 4283 ἰδία
3099 4233 3158 4266 τε
3206 4213 3295 4268 καὶ
3344 4209 3586 4286 δημοσίᾳ
3633 4211 3873 4290 διαμαρ-

2228 4299 2524 4373 τυρόμενος
2567 4318 2582 4334 ·
2632 4301 2922 4376 προσέχειν
2969 4323 3028 4357 κε
3087 4303 3298 4365 ἑαυτοῖς
3346 4303 3434 4358 καὶ
3502 4307 3580 4375 τῷ
3625 4306 3874 4378 ποιμνίῳ

2193 4387 2287 4443 ’ἐν
2348 4390 2394 4461 ᾦ
2444 4391 2506 4445 τὸ
2568 4395 2782 4465 Πνεῦμα
2825 4391 2888 4446 τὸ
2937 4391 3093 4469 ἅγιον
3147 4391 3338 4455 αὐτοὺς
3394 4390 3722 4456 ἐπισκόπους
3771 4418 3871 4451 κα-

2231 4477 2386 4532 θίστα
2419 4499 2432 4511 ·
2502 4486 2792 4556 γρηγορεῖν
2867 4502 2926 4537 τε
3011 4482 3097 4536 καὶ
3160 4481 3520 4556 μνημονεύειν
3587 4488 3694 4539 τῶν
3782 4484 3870 4541 ἐπὶ

2232 4567 2468 4642 τριετίαν
2503 4567 2640 4640 ὅλην
2689 4572 2975 4626 νουθεσιῶν
3022 4569 3205 4641 αὐτοῦ,
3247 4571 3336 4626 καὶ
3385 4571 3512 4635 τοὺς
3563 4572 3684 4629 ὅσον
3718 4572 3869 4630 οῦπω

2152 4694 2199 4759 D
2234 4655 2691 4732 ἑγερθησομένους
2750 4657 2950 4722 λύκους
3005 4665 3073 4734 τῇ
3128 4660 3430 4734 Ἐκκλησία
3487 4663 3670 4738 βαρεῖς
3706 4683 3720 4696 ·
3780 4665 3867 4720 καὶ

2231 4745 2419 4802 πολλά
2445 4753 2554 4802 τῶν
2588 4749 2931 4829 ὀνησιφόρων
2970 4747 3124 4824 ἕτερα
3173 4747 3422 4821 διελθὼν,
3477 4753 3609 4824 μετὰ
3653 4755 3866 4828 θρήνων

2231 4837 2480 4907 πολλῶν,
2531 4840 2704 4894 αὐτῶν
2749 4839 3052 4915 ἀπηλλάγη
3108 4838 3305 4913 μόλις·
3338 4845 3417 4912 τῷ
3464 4839 3663 4914 πολλῷ
3712 4847 3868 4916 πόθῳ

2225 4926 2400 5006 φιλῶν
2446 4929 2537 4983 καὶ
2587 4929 2942 5005 φιλούμενος,
2990 4929 3064 4992 εἰς
3118 4930 3178 4984 τὸ
3229 4928 3425 4985 πλοῖον
3477 4928 3867 5006 προεπὲμφθη.

2223 5019 2506 5096 Ἀναχθεῖς
2562 5019 2651 5073 οὗν
2709 5019 2782 5081 εἰς
2845 5023 2962 5089 Κῶ,
3021 5021 3135 5074 εἶτα
3210 5018 3288 5082 εἷς
3341 5017 3524 5074 Ῥόδον
3595 5018 3818 5096 ἔρχεται
3851 5040 3866 5052 ⁵

2223 5105 2462 5161 κάκεῖθεν
2520 5103 2608 5160 διὰ
2662 5109 2955 5182 Παττάρων
3004 5106 3082 5172 εἷς
3128 5109 3389 5177 Φοινίκην
3431 5107 3482 5179 ἒξ
3532 5108 3718 5179 οὐρίας
3751 5107 3870 5185 Epi-

2226 5215 2344 5270 ρετο
2375 5217 2387 5228 ·
2421 5194 2696 5269 εύώνυμόν
2732 5217 2790 5250 τε
2829 5197 2931 5265 τὴν
2977 5197 3191 5272 Κύπρον
3236 5195 3436 5267 λιπὼν,
3488 5197 3609 5252 εὐθὺ
3668 5199 3868 5273 Συρίας

2221 5281 2396 5341 ἔπλει.
2437 5283 2591 5358 Τύρῳ
2647 5284 2827 5340 τοίνυν
2886 5287 3206 5361 προσσχὼν,
3261 5285 3388 5357 πλῷ
3445 5285 3599 5350 αὖθις
3645 5293 3864 5363 χρησά-

2226 5395 2400 5449 μενος,
2470 5373 2544 5435 εἰς
2614 5373 2982 5449 Πτολεμαίδα,
3055 5377 3167 5430 εἶτα
3234 5375 3308 5438 εἰς
3379 5377 3699 5444 Καισάρειαν
3765 5385 3870 5448 τῆς

2220 5463 2587 5535 Παλαιστίνης
2619 5463 2822 5532 ἦλθεν·
2869 5465 2944 5530 εἷς
2993 5465 3083 5520 τὸν
3133 5463 3276 5519 εἷκόν
3323 5485 3379 5520 τε
3427 5467 3522 5519 τοῦ
3577 5463 3871 5542 εὐαγγελι-
