4070 6274
228 447 344 505 8’21

1245 438 1878 522 ECCLESIASTICIE
1923 434 2314 499 HISTOBle
2357 431 2498 494 LIB.
2548 433 2621 492 ll.

3523 425 3639 486 822

220 579 352 630 στοῦ
417 570 726 639 Φιλίππου,
775 575 852 634 εἷς
911 569 970 626 δὲ
1026 575 1134 626 τῶν
1184 573 1319 627 ἑπτὰ
1377 571 1640 628 διακόνων
1694 591 1876 641 ουτος,

2005 567 2282 632 Rhodum,
2339 570 2511 635 atque
2570 561 2701 616 inde
2749 574 2851 630 per
2909 558 3107 613 Patara
3166 555 3225 611 in
3288 555 3640 612 Phcnniciam

216 665 494 736 ξενίξεται.
555 661 747 734 Τούτῳ
806 660 872 730 δὴ
939 663 1018 732 τῷ
1093 662 1361 736 Φιλίππῳ
1430 664 1520 718 καὶ
1611 661 1871 736 θυγάτρια

215 753 355 820 ἦσαν
438 751 500 822 δ’,
559 754 915 828 προφητικῶν
995 750 1276 823 ἠξιωμένα
1347 757 1637 826 χρησμῶν.
1705 752 1872 806 "Evilat

217 842 308 896 καὶ
362 841 590 902 πλείους
652 839 861 913 ἡμέρας
912 835 1206 914 διατρίϐων
1252 840 1340 908 ἦν.
1373 845 1549 895 Ὅπου
1593 839 1659 908 δὴ
1709 839 1799 894 καὶ
1849 840 1876 892 ὁ

217 933 516 1007 προφήτης
565 924 798 1003 ’Ἄγαϐος
847 928 906 984 ἐκ
952 936 1054 999 τῆς
1104 928 1367 992 Ἰουδαίας
1431 931 1742 1007 γενόμενος,
1781 927 1874 988 τάς

220 1041 278 1076 τε
307 1026 504 1096 χεῖρας
551 1018 644 1074 καὶ
692 1015 864 1081 πόδας
912 1023 1008 1073 τοῦ
1058 1019 1280 1074 Παύλου
1327 1019 1510 1092 ἱμάντι
1556 1017 1723 1089 δήσας
1776 1023 1877 1085 τῆς

227 1112 408 1181 ζώνης
459 1109 622 1166 αὐτοῦ
671 1105 1077 1189 προειφοίϐαζε,
1113 1108 1310 1185 λέγων,
1363 1134 1392 1161 ‹‹
1443 1107 1576 1164 Τάδε
1625 1107 1768 1182 λέγει
1814 1108 1875 1160 τὸ

227 1205 456 1274 Πνεῦμα
507 1202 692 1276 ἅγιονο
723 1201 825 1254 Τὸν
876 1197 1044 1272 ἄνδρα
1079 1205 1273 1255 τοῦτον
1322 1199 1464 1254 οὕτω
1513 1197 1777 1270 δήπουσιν
1827 1197 1879 1252 ἐν

223 1292 598 1366 Ἰερουσαλὴμ
629 1287 904 1354 Ἰουδαῖοι,
948 1289 1038 1344 καὶ
1088 1288 1502 1359 παραδώσουσιν
1558 1289 1636 1350 εἷς
1687 1292 1878 1365 χεῖρας

226 1377 414 1433 ἐθνῶν.
446 1402 476 1431 ››
509 1380 609 1433 Καὶ
659 1377 725 1446 δὴ
771 1377 1000 1433 πολλῶν
1039 1376 1354 1452 ἐπεχὸνσων
1390 1375 1661 1451 μηδαμῶς
1710 1377 1881 1430 ἐκεῖσε

227 1465 292 1538 δὴ
342 1467 587 1542 γενέσθαι
625 1467 717 1522 τὸν
773 1465 1018 1536 Παῦλον,
1050 1469 1078 1522 ὁ
1131 1466 1187 1521 δὲ
1237 1471 1495 1522 τοσοῦτον
1535 1468 1732 1540 ἀπεῖχε
1763 1463 1883 1519 πεί-

228 1559 436 1626 θεσθαι,
496 1557 568 1619 ὡς
627 1557 693 1611 ού
747 1558 911 1628 μόνον
974 1553 1191 1624 δεθῆναι
1243 1554 1549 1625 διετείνετο,
1597 1554 1742 1610 ἀλλὰ
1790 1554 1881 1609 καὶ

225 1644 275 1700 ἒν
337 1645 550 1718 ἑτοίμῳ
608 1643 754 1719 ἔχειν
810 1647 943 1719 ὑπερ
991 1649 1088 1700 τοῦ
1140 1646 1404 1718 ὀνόματος
1438 1647 1615 1715 Ἰησοῦ
1647 1646 1883 1718 Χριστοῦ

227 1737 431 1792 θανεῖν.
465 1740 582 1789 Τῶν
643 1732 702 1788 δὲ
760 1735 850 1787 σὺν
903 1733 1069 1804 αὐτῷ,
1120 1735 1188 1788 Τὸ
1246 1735 1463 1806 θέλημα
1510 1737 1610 1788 τοῦ
1661 1731 1882 1803 Κυρίου,

224 1822 587 1895 ἒπειπόντων,
635 1821 895 1900 γενὲσθω,
945 1823 1160 1902 ἄφεθεὶς
1219 1825 1317 1891 τὴν
1381 1824 1456 1885 εἰς
1519 1821 1884 1898 Ἰερουσαλὴμ

212 1912 425 1988 κὶίγετο.

1982 655 2255 713 secundis
2283 654 2470 710 ventis
2499 649 2850 721 pervehitur.
2886 646 3222 716 Relictaque
3242 646 3310 700 ad
3346 646 3640 700 sinistram

1982 749 2164 819 Cypro
2196 749 2346 800 recta
2376 741 2436 797 i'n
2467 742 2692 813 Syriam
2718 739 2973 807 navigat.
3030 736 3244 807 Tyrum
3296 751 3469 806 porro
3511 749 3643 788 cum

1985 835 2381 908 applicuisset,
2433 846 2664 885 rursum
2695 827 2821 883 navi
2872 825 3319 893 Ptolemaidem,
3379 839 3444 879 ac
3505 823 3641 877 inde

1983 927 2293 982 Caesaream
2329 920 2641 977 Palastina:
2688 918 2862 973 venit.
2920 915 3023 970 Hic
3077 912 3328 983 hospitio
3385 928 3632 983 evange-

1986 1017 2133 1071 listse
2157 1012 2431 1082 Philippi,
2464 1010 2560 1080 qui
2594 1025 2748 1063 unus
2779 1023 2847 1061 ex
2883 1009 3105 1075 septem
3165 1001 3427 1056 diacouis
3485 1005 3632 1070 erat,

1987 1105 2292 1176 excipitur.
2317 1102 2381 1156 Ei
2416 1103 2667 1172 quatuor
2726 1095 2856 1151 filia:
2889 1094 3048 1150 fuere
3098 1109 3243 1162 quas
3291 1092 3446 1147 Deus
3501 1106 3634 1145 ora—

1988 1195 2169 1251 culari
2221 1198 2277 1249 et
2339 1188 2672 1262 prophetico
2734 1187 2885 1240 dono
2943 1183 3220 1254 dignatus
3279 1189 3420 1236 erat.
3478 1179 3639 1248 Apud

1989 1285 2146 1340 hunc
2179 1299 2308 1338 cum
2344 1279 2538 1350 plures
2569 1277 2693 1330 dies
2724 1280 2983 1329 maneret
3041 1271 3277 1336 Paulus,
3333 1285 3402 1324 eo
3461 1268 3640 1324 etiam

1987 1374 2226 1445 Agabus
2258 1369 2540 1442 propheta
2554 1364 2855 1431 exJudaaa,
2871 1361 3051 1426 venit,
3076 1357 3114 1413 I
3137 1357 3238 1414 75
3260 1357 3642 1428 corrigiisque

1989 1480 2145 1520 zona:
2181 1460 2366 1527 Pauli,
2401 1473 2608 1513 manus
2640 1456 2935 1527 pedesque
2991 1450 3255 1508 vinciens
3313 1463 3470 1514 suos,
3520 1446 3642 1502 Nu—

1996 1554 2155 1608 mine
2186 1551 2419 1607 afflatus
2456 1563 2468 1601 :
2506 1568 2534 1597 «
2583 1545 2734 1612 Hinc,
2797 1541 3016 1613 inquit,
3069 1538 3340 1612 Spiritus,
3402 1543 3638 1592 sanctus

1989 1641 2251 1714 praedicit
2289 1657 2302 1694 :
2336 1639 2418 1693 Ad
2452 1637 2608 1690 hunc
2642 1633 2884 1688 modum
2925 1631 3111 1684 virum
3163 1627 3318 1682 hunc
3365 1626 3552 1682 Judaei
3583 1626 3643 1680 in

1989 1728 2311 1788 Jerusalem
2342 1726 2633 1797 ligabunt,
2660 1727 2716 1778 et
2738 1722 2797 1776 in
2819 1735 3028 1775 manus
3051 1716 3312 1789 gentium
3337 1715 3584 1770 tradent.
3615 1733 3642 1762 »

1995 1822 2356 1891 Quapropter
2386 1831 2520 1872 cum
2556 1811 2799 1868 Paulum
2825 1808 2996 1864 multi
3029 1824 3062 1861 a
3122 1805 3481 1878 profectione
3515 1803 3647 1858 Πίος

1913 1895 1960 1960 Β
1993 1907 2410 1980 rosolymitana
2426 1905 2801 1960 dehortantes
2823 1898 3190 1959 distinerent,
3210 1899 3436 1949 tantum
3461 1892 3650 1947 abfuit

233 2010 298 2060 ut
325 2006 425 2061 ille
458 2006 922 2078 persuaderetur,
956 2009 1018 2062 ut
1037 2022 1152 2062 non
1181 2007 1352 2062 modo
1384 2005 1587 2062 vinciri
1619 2005 1807 2070 vellet,
1839 2017 2035 2057 verum
2089 2000 2264 2054 etiam
2306 2001 2547 2052 mortem
2603 1992 2764 2046 obire
2823 2006 2925 2060 pro
2983 1985 3217 2042 nomine
3267 1984 3405 2039 Jesu
3442 1981 3650 2038 Christi

236 2071 504 2166 paratum
540 2112 600 2150 se
629 2111 756 2151 esse
795 2071 1191 2152 contenderet.
1226 2097 1320 2151 Eis
1351 2101 1543 2153 autem
1578 2096 1675 2166 qui
1720 2111 1854 2150 cum
1913 2108 1980 2148 eo
2036 2094 2224 2159 erant,
2285 2091 2347 2142 ut
2393 2084 2664 2141 voluntas
2713 2078 2941 2136 Domini
2995 2077 3182 2143 fieret,
3240 2071 3646 2140 inferentibus,

237 2184 521 2240 dimissus
551 2183 648 2240 ille
679 2184 1141 2256 Hierosolymam
1175 2185 1350 2241 venit.

865 2297 1121 2349 ΚΕΦΑΛ.
1165 2294 1284 2348 ΚΕ’.

242 2382 337 2470 Ὠς
395 2381 423 2434 ὁ
490 2379 751 2470 Παῦλος
808 2380 872 2435 ἐν
910 2382 1186 2470 ’βφὲσῲλ
1217 2384 1741 2470 θήρξρμσιχήσας
1782 2383 1882 2470 ἐπὶ

310 2453 1322 2540 ἄρχοντ’ρςΛἹερωνύμου,θεία
1361 2453 1636 2527 δυνάμει
1700 2454 1888 2528 ὑπὲρ·

313 2525 504 2597 τερος
547 2525 761 2600 ὤφθη,

317 2631 378 2684 Οἱ
439 2630 497 2685 δὲ
544 2631 641 2695 τὰς
685 2631 907 2688 Παύλου
955 2631 1244 2707 περιόδους
1291 2634 1702 2707 ἀναταξάμενοι,
1746 2632 1890 2688 ἄλλα

248 2741 306 2775 τε
348 2720 578 2777 πλεῖστα
624 2724 812 2777 παθεῖν
858 2745 918 2778 τε
966 2724 1079 2796 ἅμα
1129 2726 1219 2779 καὶ
1271 2722 1459 2800 δρᾶσαι
1506 2729 1697 2779 τοῦτον
1739 2725 1887 2779 ἱστό-

258 2829 444 2882 ρησαν,
473 2811 563 2864 καὶ
609 2809 676 2880 δὴ
719 2813 808 2866 καὶ
859 2810 1005 2885 τόδε,
1038 2813 1200 2882 ἡνίκα
1253 2812 1318 2882 δὴ
1348 2817 1416 2886 τῇ
1451 2811 1659 2891 Ἐφέσῳ
1689 2820 1886 2889 παρῆν.

255 2898 575 2972 Ἱερωνύμου
631 2902 732 2976 γὰρ
783 2901 1072 2976 ἄρχοντος,
1124 2903 1586 2978 παῤῥησιάζεσθαι
1651 2905 1748 2976 μὲν
1801 2904 1892 2958 τὸν

259 2988 475 3043 Παῦλον
501 3009 515 3022 ·
547 2991 633 3043 καὶ
667 2987 846 3065 λέγειν
886 2993 979 3063 μὶν
1028 2992 1084 3047 εὖ
1134 2991 1335 3048 ἐκεῖνον
1383 2991 1527 3068 ἔχειν
1573 2994 1739 3048 εἰπεῖν
1763 3010 1777 3024 ⁸
1815 2997 1888 3066 μὴ

260 3075 436 3150 μέντοι
480 3084 589 3134 τῶν
638 3083 904 3135 τοιούτων
955 3081 1137 3158 λόγων
1194 3084 1329 3138 εἶναι
1377 3083 1585 3158 καιρόν.
1618 3085 1675 3139 Ὀ
1707 3081 1763 3138 δὲ
1791 3091 1892 3153 τῆς

2592 2278 2820 2337 CAPUT
2887 2275 3052 2332 XXV.

2003 2381 2066 2438 Ut
2097 2380 2240 2435 idem
2271 2375 2476 2432 Paulus
2506 2371 2708 2443 Ephesi
2746 2369 2845 2424 sub
2897 2364 3156 2443 praeside
3197 2362 3522 2443 Hieronyme
3579 2357 3648 2443 ad

2072 2452 2282 2507 belluas
2321 2435 2637 2512 damnatus,
2683 2458 2809 2498 cum
2857 2435 3061 2512 eisdem
3120 2435 3541 2508 depugnaven't,
3599 2435 3652 2487 et

2069 2525 2258 2580 divino
2287 2518 2505 2576 auxilio
2533 2509 2707 2572 victor
2753 2509 3005 2570 evaserit.

2067 2630 2281 2684 Verum
2330 2626 2622 2682 enimvero
2681 2621 2780 2692 qui
2851 2616 3237 2690 profectiones
3303 2611 3465 2668 Pauli
3543 2611 3641 2666 de-

2000 2720 2381 2789 scripserunt,
2416 2731 2548 2770 cum
2582 2708 3008 2785 quamplurima
3040 2705 3153 2762 alia
3187 2719 3320 2760 eum
3355 2699 3530 2774 simul
3589 2703 3647 2755 et

2001 2808 2228 2875 fecisse,
2284 2811 2344 2860 et
2393 2817 2634 2876 passum
2682 2815 2831 2864 esse,
2888 2801 3015 2852 tum
3066 2795 3174 2849 hoc
3231 2805 3462 2862 quoque
3510 2802 3646 2842 cum

2000 2895 2213 2968 Ephesi
2256 2897 2426 2959 essst,
2471 2892 2541 2946 de
2579 2905 2645 2945 eo
2705 2884 2996 2942 memoria
3058 2881 3432 2936 mandarunt.
3498 2876 3646 2931 Cum

2001 2966 2160 3043 enim
2189 2984 2269 3040 ibi
2303 2981 2623 3055 principem
2655 2978 2848 3034 locum
2899 2973 3286 3043 Hieronymus
3337 2966 3646 3032 obtineret,

2003 3074 2189 3130 multa
2209 3088 2345 3129 cum
2368 3071 2630 3126 libertate
2660 3065 2877 3122 Paulus
2904 3065 2993 3118 est
3013 3059 3412 3118 concionatus.
3461 3055 3650 3118 Quare

257 3167 462 3231 πόλεως
512 3167 712 3242 δῆμος,
750 3172 1008 3242 μεμηνὼς
1040 3143 1262 3246 θράσει,
1305 3143 1516 3248 σιδήρῷ
1563 3174 1690 3235 τοὺς
1743 3143 1889 3228 Παύέ

2005 3164 2392 3234 Hieronymus
2439 3158 2606 3216 illum
2640 3158 2786 3212 bene
2821 3153 3056 3225 quidem
3080 3155 3138 3205 et
3169 3149 3381 3203 diserte
3434 3143 3646 3209 dicere,

257 3255 353 3312 λου
408 3257 580 3321 πόδας
632 3255 931 3328 διαλαϐὼν,
963 3262 1107 3338 εἶργε
1159 3263 1254 3336 μὶν
1301 3267 1369 3336 τῇ
1421 3268 1630 3338 φρουρᾷ
1670 3262 1774 3326 ἕως
1826 3265 1891 3318 οὗ

255 3345 430 3401 λέουσι
490 3350 816 3422 παρατεθείη
880 3350 1050 3424 βορά·
1094 3347 1422 3407 Εὐϐούλλαν
1478 3350 1536 3406 δὲ
1586 3352 1676 3407 καὶ
1707 3354 1892 3426 Ἀρτὲ-

256 3434 451 3506 μιλλαν
510 3438 743 3512 γαμετᾶς
784 3443 890 3492 τῶν
940 3441 1067 3515 παρ’
1113 3441 1382 3517 Ἐφεσίοις
1445 3441 1738 3521 ἐπιφανῶν,
1796 3465 1895 3515 μα-

255 3525 522 3594 θητιώσας
573 3525 718 3598 αὐτῷ
773 3529 863 3582 καί
916 3529 1109 3591 νυκτὸς
1168 3532 1586 3606 περιφυομένας,
1641 3534 1740 3601 τήν
1797 3537 1895 3587 τοῦ

255 3614 397 3669 θείου
442 3615 679 3688 λουτροῦ
728 3615 889 3694 χάριν
939 3616 1242 3672 αἰτεῖσθαι·
1293 3619 1466 3674 σθένει
1517 3618 1573 3674 δὲ
1615 3618 1893 3693 θειοτὲρῳ,

257 3703 344 3757 καὶ
374 3702 629 3780 ἀγγέλοις
661 3701 1043 3784 δορυφοροῦσι,
1075 3708 1166 3762 καὶ
1215 3709 1305 3762 τὸν
1349 3716 1449 3778 τῆς
1497 3711 1687 3772 νυκτὸς
1733 3713 1896 3788 ζόφον

259 3794 323 3863 τῇ
380 3795 667 3866 περιουσίᾳ
723 3801 826 3861 τῆς
881 3795 1107 3865 ἐνούσης
1184 3796 1387 3873 αἴγλης
1443 3801 1894 3878 καταφωτίζουσι,

260 3886 358 3948 τῆς
408 3879 661 3956 σιδηρὲας
710 3879 881 3953 πὲδης
925 3881 1017 3938 τδν
1050 3883 1266 3940 Παῦλον
1298 3886 1654 3958 ἀπολυθέντα,
1685 3887 1899 3944 τελέσαι

269 3970 359 4040 μὲν
414 3970 617 4032 ἐκείνας
673 3975 752 4043 τῷ
810 3970 938 4043 θείῳ
999 3973 1332 4048 βαπτίσματι
1384 3976 1531 4050 παρά
1587 3978 1684 4045 την
1733 3978 1898 4046 ἅκτὴν

264 4058 692 4144 τῆςγθαλάσσης
738 4061 1065 4144 γενόμενον⁶
1106 4060 1333 4135 μηδενὸς
1393 4062 1451 4118 δὲ
1495 4071 1605 4120 τῶν
1652 4067 1750 4134 τὴν
1803 4087 1904 4144 φυ-

269 4137 439 4210 λακὴν
486 4140 966 4217 ἒπιτετραμμένων
1011 4142 1406 4218 ἒπῃσθημένου,
1458 4146 1608 4212 αὖθις
1655 4149 1743 4203 ἐπὶ
1793 4137 1902 4204 τῶν

269 4224 478 4301 δεσμῶν
508 4231 822 4306 γενόμενον,
855 4231 939 4286 ἐπὶ
990 4233 1151 4306 βορὰν
1201 4237 1482 4308 τηρεῖσθαι
1533 4242 1650 4300 τοῖς
1696 4237 1899 4295 λέουσι.

264 4320 410 4375 Λέων
468 4324 758 4395 τοιγαροῦν
819 4321 1027 4397 μεγέθει
1089 4323 1341 4399 μέγιστος
1406 4327 1494 4381 καὶ
1559 4329 1659 4397 τὴν
1731 4328 1903 4396 ἀλκὴν

263 4409 626 4473 ἀνυπόστατος
695 4413 814 4467 κατ’
873 4411 1038 4468 αὐτοῦ
1123 4414 1355 4487 ἀφεθεὶς,
1415 4420 1780 4492 προστραμὼν
1850 4419 1900 4474 ἐν

263 4499 485 4600 σταδίω,
519 4504 663 4600 παρὰ
700 4508 838 4600 τοῖς-
860 4501 1061 4560 ἐκείνου
1105 4506 1263 4560 ποσὶν
1305 4507 1633 4566 ἀνεκλίνετο.
1669 4507 1900 4565 Πολλῶν
1934 4534 1981 4600 D

264 4586 318 4644 δὲ
372 4593 461 4646 καὶ
541 4589 726 4648 ἄλλων
806 4593 974 4666 ὠμῶν
1053 4594 1259 4668 θηρίων
1335 4597 1654 4673 ἀφιεμένων,
1724 4597 1903 4654 οὐδενὶ

265 4679 446 4751 ψαύειν
499 4684 596 4735 τοῦ
644 4681 794 4756 ἱεροῦ
848 4681 971 4751 ἐξῆν
1027 4685 1280 4756 σώματος
1333 4684 1783 4759 ἀνεστηλωμένου
1835 4687 1905 4762 τῇ

261 4775 567 4847 προσευχῇ.
599 4772 812 4826 Τούτων
863 4770 920 4827 δὲ
967 4772 1111 4829 οὕτω
1157 4775 1473 4850 γινομένων,
1509 4778 1700 4849 ἀθρόον
1739 4778 1904 4852 ῥοίζῳ

263 4859 460 4933 πολλῷ
522 4859 731 4938 σφοδρᾶ
783 4883 866 4924 τις
919 4867 1010 4917 καὶ
1073 4864 1350 4940 ὑπερφυὴς
1384 4865 1600 4940 χάλαζα
1643 4867 1906 4944 καταρρα-

266 4954 438 5024 γεῖσα,
501 4951 725 5006 συνέθλα
777 4951 872 5024 μὲν
927 4951 1153 5008 πολλῶν
1209 4953 1418 5023 ἀνδρῶν
1477 4956 1739 5032 κεφαλὰς,
1799 4957 1899 5032 οὐχ

267 5036 459 5106 ἥκιστα
510 5037 568 5094 δὲ
618 5042 708 5094 καὶ
756 5042 963 5114 θηρίων
987 5061 998 5073 ·
1032 5044 1125 5096 καὶ
1165 5043 1331 5097 αὐτοῦ
1364 5041 1420 5098 δὲ
1449 5022 1904 5120 τοῦιἹερωνύμοῦ

272 5129 394 5196 μίαν
450 5131 716 5209 φθάσασα,
777 5129 1047 5200 ἀποκνίζει
1103 5133 1166 5187 τὸ
1242 5131 1372 5196 οῦς·
1433 5135 1712 5190 κάντεῦθεν
1774 5137 1906 5209 μετὰ

267 5219 369 5270 τῶν
427 5221 518 5272 σὺν
566 5220 716 5290 αύτῷ
764 5224 844 5292 τῷ
891 5219 1111 5276 Παύλου
1160 5226 1276 5294 Θεῷ
1325 5227 1588 5295 προσιὼν,
1620 5225 1682 5279 τὸ
1722 5229 1902 5296 σωτή-

271 5323 380 5376 ριον
442 5304 656 5379 ἐδέξατο
718 5308 1015 5382 βάπτισμα.
1048 5310 1104 5362 Ὁ
1163 5307 1220 5363 δὲ
1276 5309 1411 5365 λέων
1473 5313 1646 5389 φυγὰς
1678 5313 1754 5376 εἷς
1801 5316 1900 5389 ὅρη

271 5390 486 5468 διέδρα*
545 5399 636 5450 καὶ
697 5397 917 5457 Παῦλος
985 5398 1181 5451 ἐκεῖθεν
1257 5399 1333 5462 εἴς
1407 5399 1738 5457 Μακεδονίαν
1812 5405 1903 5458 καὶ

268 5480 503 5538 Ἑλλάδα
533 5484 812 5542 κατέπλει.
848 5486 960 5542 Εἶτ’
992 5483 1142 5547 αὖθις
1179 5483 1265 5540 διὰ
1315 5487 1652 5555 Μακεδονίας
1704 5491 1901 5562 ἐλθὼν,

271 5568 346 5634 εἷς
388 5573 611 5650 Τρῳάδα
653 5577 743 5631 καὶ
795 5574 870 5637 εἷς
917 5574 1164 5648 Μίλητον
1216 5575 1390 5648 ἦλθε·
1433 5579 1676 5638 κάκεῖθεν
1727 5581 1906 5639 ἐστέλ-

2004 3252 2106 3310 sed
2136 3252 2456 3308 orationem
2501 3247 2629 3319 ejus
2687 3261 2802 3300 non
2859 3258 2989 3298 esse
3039 3253 3239 3296 eorum
3295 3239 3644 3306 temporum,

2001 3348 2250 3401 testatus
2271 3347 2379 3398 est.
2411 3339 2579 3396 Plebs
2610 3337 2846 3408 quidem
2887 3339 3064 3398 certe,
3124 3346 3226 3401 per
3271 3323 3640 3382 insolentiam

2002 3438 2059 3490 et
2125 3435 2400 3498 furorem,
2452 3429 2631 3485 Paulo
2698 3423 3076 3494 compedibus
3133 3417 3385 3487 injectis,
3436 3410 3648 3468 carceri

2005 3540 2138 3580 eum
2173 3521 2435 3586 includit,
2469 3520 2653 3574 donec
2699 3515 2966 3572 leonibus
3015 3510 3308 3566 vorandus
3365 3503 3650 3571 objicere—

2006 3616 2121 3666 tur.
2155 3611 2238 3665 lbi
2269 3614 2390 3664 tum
2418 3607 2642 3662 Eubula
2673 3608 2730 3659 et
2762 3597 3086 3666 Artemilla,
3117 3595 3407 3652 clarorum
3439 3588 3651 3658 Ephesi

2007 3701 2264 3755 virorum
2289 3698 2590 3767 conjuges,
2628 3694 2801 3748 fidem
2859 3689 3077 3744 edoctae
3132 3701 3165 3738 a
3222 3677 3650 3767 Paulor(noctu

2009 3791 2165 3846 enim
2187 3789 2288 3858 gad
2314 3803 2446 3843 eum
2479 3781 2806 3851 veniebant)
2827 3776 3005 3833 divini
3035 3771 3246 3829 lavacri
3289 3766 3532 3839 gratiam
3579 3762 3652 3819 ab

1989 3895 2078 3936 eo
2109 3854 2332 3950 petunt.
2371 3877 2568 3947 Itaque
2591 3873 2803 3926 virtute
2832 3866 3025 3922 divina
3083 3867 3260 3950 atque
3294 3854 3537 3950 angelici
3563 3869 3653 3950 sa-

2011 3968 2203 4024 tellitii
2256 3965 2600 4031 ministerio,
2655 3957 2964 4030 caliginem
2993 3949 3230 4023 lucetis,
3277 3941 3658 4004 exuberantia

2013 4059 2339 4131 splendoris
2376 4055 2739 4120 'illustrante,
2783 4049 3002 4107 Paulus
3042 4041 3242 4100 ferreis
3265 4034 3657 4131 compedibus

2014 4122 2314 4215 libaretus,
2361 4145 2492 4202 illas
2553 4143 2749 4199 divino
2827 4136 3110 4209 baptismo
3143 4131 3213 4188 ad
3262 4129 3428 4184 littus
3477 4122 3657 4215 maris

2013 4239 2185 4296 nitiat
2211 4255 2224 4292 :
2262 4242 2317 4294 et
2346 4251 2483 4292 cum
2514 4234 2574 4290 id
2604 4246 2776 4289 nemo
2807 4227 3095 4291 omnium,
3145 4219 3360 4292 quibus
3389 4212 3659 4271 custodire

2014 4345 2154 4386 cura
2187 4325 2460 4384 mandata
2492 4325 2699 4393 fuerat,
2723 4319 3026 4383 sensisset,
3058 4312 3128 4368 ad
3159 4307 3391 4366 vincula
3419 4317 3657 4393 rursum

2013 4438 2141 4487 sua,
2165 4419 2226 4475 in
2256 4417 2472 4489 quibus
2528 4390 2796 4470 leonibus
2854 4423 2985 4464 esca
3031 4399 3456 4464 asservabatur,
3490 4390 3653 4451 redit.

2013 4481 2312 4566 Sed'enim
2353 4503 2576 4577 ingenti
2634 4497 3037 4571 magnitudine
3091 4499 3147 4548 et
3201 4489 3406 4577 robore
3451 4481 3658 4538 intole-

2016 4601 2219 4668 rando,
2246 4598 2354 4663 leo,
2385 4576 2586 4652 centra
2613 4591 2807 4662 ipsum
2852 4585 3150 4641 immissus
3173 4579 3274 4652 (1),
3314 4576 3373 4630 in
3420 4585 3657 4668 arenam

2017 4657 2248 4761 quidem
2283 4657 2378 4740 ille
2428 4657 2756 4756 procurrit:
2811 4677 2911 4732 sed
2961 4688 3093 4728 mox
3141 4669 3210 4724 ad
3272 4663 3447 4761 pedes
3493 4657 3660 4761 Pauli

2012 4776 2293 4835 consedit.
2330 4775 2399 4830 Et
2430 4790 2564 4829 cum
2597 4770 2798 4826 itidem
2839 4767 2963 4822 alia:
3020 4762 3309 4816 immanes
3351 4753 3483 4808 feras
3536 4750 3656 4804 im-

2013 4871 2404 4935 mitterentur,
2439 4884 2510 4924 ne
2539 4870 2776 4936 tangere
2807 4859 3042 4931 quidem
3071 4853 3188 4908 ulla
3236 4862 3466 4905 sacrum
3518 4859 3655 4899 cor-

2014 4979 2122 5033 pus
2154 4961 2224 5016 ad
2254 4958 2574 5014 orationem
2610 4957 2866 5010 erectum
2888 4953 3059 5016 atque
3089 4937 3500 5010 compositum,
3533 4948 3657 5033 sus-

2013 5019 2210 5104 tinuit.
2264 5047 2360 5100 llis
2421 5046 2534 5100 ista
2590 5041 2758 5105 actis,
2826 5036 3133 5102 derepente
3194 5028 3416 5093 fragore
3474 5019 3654 5076 multo

2012 5138 2327 5193 vehemens
2358 5137 2618 5205 quaedam
2665 5137 2722 5184 et
2762 5126 2969 5181 mirum
3029 5121 3087 5174 in
3149 5118 3378 5172 modum
3442 5125 3657 5177 magna

2015 5227 2235 5300 grando
2269 5199 2562 5290 decidens,
2603 5217 2778 5276 I16
2820 5213 3134 5270 multorum
3176 5201 3348 5261 simul
3406 5205 3462 5255 et
3506 5199 3658 5296 viro-

2015 5334 2143 5372 rum
2175 5321 2231 5371 et
2259 5316 2507 5370 ferorum
2540 5309 2872 5366 animalium
2919 5296 3266 5357 comminuit
3316 5293 3525 5360 capita,
3569 5287 3658 5356 ip-

2015 5405 2258 5476 siusque
2315 5405 2488 5458 etiam
2549 5394 2880 5467 Hieronymi
2923 5404 3122 5445 aurem
3178 5383 3496 5451 amputat;
3557 5376 3656 5446 qui

2015 5494 2225 5549 deinde
2254 5511 2386 5549 cum
2413 5493 2536 5548 suis
2565 5506 2664 5560 per
2697 5484 2931 5542 Paulum
2988 5480 3103 5534 Deo
3152 5471 3522 5534 conciliatus,
3571 5481 3656 5519 sa-

2017 5583 2318 5639 lutiferam
2349 5558 2596 5654 suscipit
2627 5579 2942 5634 lavacrum.
2975 5569 3086 5626 Leo
3131 5571 3325 5622 autem
3375 5558 3472 5616 ille
3528 5569 3660 5629 pro-

339 5764 416 5837 (1)
455 5765 827 5847 Θηρίομαχία,
862 5769 971 5830 hoc
993 5773 1081 5827 est
1120 5784 1314 5843 pugna
1345 5787 1474 5831 cum
1515 5772 1668 5845 feris,
1704 5771 1885 5837 Pauli,

2021 5790 2132 5844 qua
2166 5772 2186 5829 Ι
2217 5777 2343 5830 Cor.
2385 5786 2475 5827 xv.
