4070 6274
231 426 364 488 895

1258 425 1880 521 ECCLESIASTICE
1924 424 2316 489 HlSTORI/E
2358 424 2506 486 LIB.
2555 423 2631 485 ll.

3530 424 3650 485 826

229 556 445 619 ἐνδείας
500 556 918 632 ἀπολλυμένους
966 559 1208 633 θεωρεῖν.
1268 559 1452 624 Οὕτως
1518 561 1724 634 ἐκράτει
1783 567 1879 620 τοῦ

1992 563 2105 619 vim
2135 562 2376 635 impune
2414 559 2652 617 ﬁebant.
2683 559 2870 615 Tanta
2925 573 3093 630 porro
3130 558 3504 631 pontiﬁcibus
3542 560 3638 616 in-

230 645 453 702 δικαίου
511 648 709 710 παντὸς
767 650 802 718 ἡ
858 652 966 704 τῶν
1017 652 1410 720 στασιαζόντων
1471 651 1583 728 βία.
1628 677 1656 704 ››
1710 652 1884 710 Πάλιν

228 735 280 792 δ’
345 738 373 791 6
423 736 582 798 αὐτὸς
636 758 966 814 συγγραφευς
1014 739 1152 795 κατὰ
1197 740 1324 803 τοὺς
1388 740 1586 804 αὐτοὺς
1653 745 1888 819 χρόνους

223 826 284 882 ἐν
317 827 735 902 Ἰεροσολύμοις
770 828 1059 906 ἐπιφυῆναι
1109 829 1327 905 λῃστῶν
1374 853 1426 887 τι
1477 831 1619 895 εἶδος
1658 833 1881 908 ἱστορεῖ·

230 915 289 972 οἲ
353 918 472 989 μεθ’
530 918 764 993 ἡμέραν,
795 916 872 981 ὥς
930 941 1084 997 φησι,
1142 921 1231 976 καὶ
1292 925 1342 975 ἐν
1406 921 1540 997 μέσῃ
1607 926 1677 997 τῇ
1726 924 1884 980 πόλει

231 1003 494 1085 ἐφόνευον
554 1007 682 1068 τοὺς
742 1014 1110 1072 συναντῶντας
1155 1031 1166 1042 ·
1223 1009 1463 1082 μάλιστα
1511 1013 1613 1087 γὰρ
1675 1012 1726 1066 ὲν
1771 1018 1888 1075 ταῖς

230 1096 454 1170 ἑορταῖς
503 1097 738 1160 ἐκείνους
798 1097 1156 1172 μιγνυμένους
1200 1104 1278 1172 τῷ
1333 1099 1534 1172 πλήθει
1567 1118 1581 1132 ⁸
1639 1102 1729 1157 καὶ
1766 1108 1886 1165 ταῖς

233 1184 520 1256 ἐσθήσεσιν
591 1185 1034 1259 ὑποκρύπτὸντας
1113 1189 1280 1264 μικρὰ
1361 1188 1587 1264 ξιφίδια,
1670 1190 1886 1255 τούτοις

234 1274 454 1330 νύττειν
505 1275 634 1340 τοὺς
703 1273 1020 1354 διαφόρους.
1076 1279 1302 1335 Ἔπειτα
1375 1279 1648 1335 πεσόντων
1721 1282 1884 1356 μέρος

234 1362 491 1438 γίνεσθαι
539 1368 642 1420 εῶν
722 1364 1230 1440 ἐπαγανακτούντων
1306 1367 1503 1432 αὐτοὺς
1577 1370 1701 1432 τοὺς

233 1454 571 1531 φονευκότας
605 1475 618 1490 ·
679 1453 765 1511 διὸ
829 1457 916 1511 καὶ
983 1456 1317 1513 παντάπασιν
1395 1459 1483 1514 ὑπ’
1553 1458 1886 1532 ἀξιοπιστίας

230 1543 566 1618 ἆνευμέτους
630 1546 894 1621 γενέσθαι.
971 1551 1194 1622 Πρῶτον
1267 1549 1361 1622 μέν
1413 1549 1503 1604 οὖν
1556 1549 1644 1604 ὑπ’
1703 1549 1879 1605 αὐτῶν

230 1633 492 1691 Ἰωνάθαν
556 1635 647 1690 τὸν
716 1636 977 1714 ἀρχιερέα
1049 1645 1456 1716 κατασφαγῆναι
1533 1655 1548 1671 ⁸
1629 1640 1762 1714 μετᾶ
1837 1636 1882 1694 δ’

229 1722 399 1779 αὐτόν
459 1723 771 1800 καθημέραν
837 1726 1167 1802 ἀναιρεῖσθαι
1241 1726 1487 1790 πολλούς
1544 1747 1557 1761 ·
1627 1729 1716 1784 καὶ
1771 1734 1879 1784 τῶν

230 1818 538 1891 συμφορῶν
595 1815 686 1870 τὸν
735 1809 905 1892 φόϐον
964 1816 1098 1872 εἶναι
1167 1816 1594 1894 χαλεπώτερον·
1657 1819 1883 1875 ἑκάστου

1785 1391 1888 1425 πε-

227 1904 477 1980 καθάπερ
510 1903 562 1959 έν
604 1902 836 1978 πολέμῳ
881 1907 999 1960 καθ’
1046 1905 1189 1980 ὥρας
1237 1908 1329 1961 τὸν
1378 1906 1597 1963 θάνατον
1648 1906 1881 1984 προσδε-
1910 1948 1957 2014 Β

232 2009 295 2014 --κ
365 1991 378 2014 Ῑ
432 2013 437 2014 ,
558 1994 679 2014 int-
764 1991 808 2014 δῖ
947 1994 962 2014 Ι
1151 1994 1166 2014 ἳ
1287 1998 1296 2014 Ι
1521 1999 1567 2014 ΛΟ
1595 1994 1618 2014 Η
1781 1997 1801 2014 \
1835 1997 1845 2014 Ι

232 1991 504 2066 χομένου.
558 1994 712 2066 Ἑξῆς
760 1991 819 2048 δὲ
868 1994 1082 2058 τούτοις
1147 1994 1389 2073 ἐπιφέρει
1450 1999 1567 2070 μεθ’
1595 1994 1750 2073 ἕτερα
1781 1997 1881 2053 λέ-

229 2106 342 2161 γων
380 2103 452 2137 ἰι
513 2085 730 2155 Μείζονι
779 2083 837 2141 δὲ
889 2087 1098 2142 τούτων
1157 2087 1370 2164 πληγῇ,
1424 2087 1720 2152 Ἰουδαίους
1751 2087 1883 2144 ἐκά-

229 2194 407 2230 κωσεν
462 2174 491 2228 ὁ
537 2173 832 2250 Αἰγύπτιος
881 2172 1344 2254 ψευδοπροφήτης
1379 2195 1392 2210 ⁸
1448 2179 1884 2254 παραγενόμενος

230 2263 337 2340 γὰρ
387 2262 463 2326 εἷς
530 2264 631 2334 την
677 2266 864 2340 χώραν
931 2264 1214 2341 ἄνθρωπος
1276 2267 1412 2340 γόης
1470 2267 1558 2323 καὶ
1589 2271 1878 2346 προφήτου

234 2354 421 2408 πίστιν
451 2351 655 2417 ἐπιθεὶς
714 2355 910 2427 έαυτῷ,
959 2356 1081 2430 περὶ
1131 2357 1485 2431 τρισμυρίους
1539 2359 1637 2431 μὶν
1689 2357 1882 2435 ἂθροί-

231 2442 309 2513 ξει
338 2447 446 2498 τῶν
473 2442 845 2516 ἠπατημένων
878 2462 890 2475 ⁸
924 2444 1268 2522 περιαγαγὼν
1317 2445 1373 2502 δὲ
1424 2446 1618 2509 αὐτοὺς
1667 2445 1726 2504 έκ
1782 2455 1881 2519 τῆς

227 2531 464 2607 ἐρημίας
522 2533 599 2596 εἰς
644 2534 709 2589 τὸ
759 2533 993 2590 Ἐλαιῶν
1049 2533 1391 2609 καλούμενον
1461 2535 1611 2612 ὄρος,
1677 2537 1876 2592 ἐκεῖθεν

233 2623 350 2684 οἷός
397 2643 454 2678 τε
509 2622 576 2691 ἦν
649 2623 725 2686 εἷς
783 2623 1142 2699 Ἰεροσόλυμα
1199 2625 1488 2700 παρελθεῖν
1551 2628 1877 2701 βιάζεσθαι·

228 2711 321 2766 καὶ
380 2714 654 2787 κρατήσας
711 2720 813 2783 τῆς
863 2736 922 2770 τε
969 2718 1286 2789 Ῥωμαϊκῆς
1344 2721 1582 2796 φρουρᾶς
1633 2718 1721 2773 καὶ
1779 2723 1878 2775 τοῦ

233 2799 420 2872 δήμου
462 2809 760 2876 τυραννεῖν,
811 2805 1102 2879 χρώμενος
1145 2812 1260 2869 τοῖς
1311 2813 1645 2880 συμπεσοῦσι
1713 2806 1879 2883 δορυ-

239 2891 452 2968 φόροις.
513 2893 705 2949 Φθάνει
763 2891 808 2948 δ’
868 2893 1030 2950 αὐτοῦ
1086 2897 1184 2966 τὴν
1247 2897 1424 2971 ὁρμὴν
1492 2897 1665 2968 Φῆλιξ
1716 2899 1878 2954 ὑπαν-

235 2979 424 3044 τιάσας
482 2983 614 3055 μετᾶ
667 2988 775 3040 τῶν
836 2986 1162 3060 Ῥωμαϊκῶν
1219 2987 1462 3044 ὁπλιτῶν
1504 3005 1519 3019 ·
1577 2989 1665 3044 καὶ
1716 2994 1817 3052 τιᾶς
1849 2991 1876 3045 6

235 3066 414 3144 δῆμος
465 3076 807 3150 συνεφήψατο
862 3077 960 3144 τῆς
1028 3075 1264 3147 ἀμύνης.
1344 3080 1506 3134 Ὥστε
1590 3075 1877 3152 συμϐολῆς

233 3159 553 3246 γινομένης,
584 3163 675 3217 τὸν
733 3164 825 3236 μὲν
878 3163 1173 3237 Αἰγύπτιον
1235 3172 1417 3243 φυγεῖν
1477 3170 1592 3240 μετ’
1651 3168 1878 3246 ὀλίγων,

233 3245 592 3327 διαφθαρῆναι
625 3248 681 3305 δὲ
723 3253 812 3306 καὶ
854 3256 1207 3325 ζωγρηθῆναι
1257 3255 1544 3319 πλείστους
1596 3258 1723 3320 τοὺς
1761 3245 1874 3314 σὺν

1995 653 2171 709 cessit
2216 651 2582 724 impudentia
2628 655 2686 705 et
2739 647 3002 717 audacia,
3035 651 3100 704 ut
3141 665 3255 704 non
3303 653 3638 707 vererentur

1995 759 2192 800 servos
2224 759 2362 798 suos
2393 758 2461 798 ex
2502 741 2644 796 urbe
2676 740 2734 796 in
2776 739 2992 812 praedia
3047 741 3104 794 et
3149 738 3338 806 villas,
3386 741 3640 796 decimas

1995 849 2092 889 eas
2124 849 2251 904 qua
2282 831 2684 888 sacerdotibus
2741 829 3121 898 debebantur,
3155 829 3453 901 direptum
3511 830 3645 886 mit-

1995 927 2135 980 tere.
2168 924 2529 994 Quapropter
2551 920 2761 989 evenit,
2793 923 2858 974 ut
2914 935 2982 974 ex
3037 919 3436 975 sacerdotibus
3492 935 3640 976 non-

1995 1010 2143 1067 nulli
2175 1011 2248 1067 ad
2279 1028 2407 1068 eam
2431 1010 2733 1082 penuriam
2776 1008 3206 1080 redigerentur,
3237 1012 3300 1063 ut
3345 1007 3538 1064 inedia
3583 1010 3642 1066 in

1995 1105 2306 1172 conspectu
2338 1099 2656 1156 multorum
2687 1101 3053 1155 morerentur
3083 1114 3097 1156 :
3133 1113 3316 1169 usque
3341 1097 3481 1154 adeo
3522 1098 3641 1154 fac-

1995 1190 2272 1246 tiosorum
2307 1191 2392 1246 vis
2422 1194 2478 1245 et
2506 1189 2723 1260 injuria
2743 1187 2866 1257 juri
2894 1191 2951 1244 et
2988 1186 3244 1258 aequitati
3285 1188 3447 1244 omni
3497 1203 3641 1259 prte-

1990 1279 2327 1338 valuerat.»
2361 1279 2522 1335 Idem
2563 1279 2685 1349 ipse
2739 1277 3078 1346 historicus,
3121 1293 3358 1333 rursum
3414 1276 3636 1333 eisdem

1991 1369 2350 1442 temporibus
2397 1373 2663 1425 exortum
2722 1368 3060 1440 praedonum
3115 1366 3408 1439 quoddam
3455 1383 3641 1440 genus

1993 1460 2188 1528 refert,
2221 1483 2251 1512 «
2284 1461 2380 1533 qui
2410 1461 2500 1533 (ut
2529 1459 2888 1533 ipseinquit)
2917 1457 3170 1516 interdiu
3200 1463 3370 1530 atque
3410 1457 3470 1514 in
3527 1474 3640 1515 me-

1992 1551 2087 1606 dia
2117 1551 2257 1607 urbe
2312 1551 2512 1607 obvios
2569 1550 3001 1606 interimebant.
3053 1548 3430 1605 Potissimum
3479 1547 3636 1606 enim

1992 1639 2203 1696 diebus
2231 1639 2394 1696 festis
2425 1655 2487 1696 se
2518 1639 2718 1696 mediae
2752 1637 2904 1707 plebi
2934 1638 3351 1708 immiscentes,
3382 1640 3440 1694 et
3486 1639 3637 1694 scias

1992 1730 2096 1787 sub
2127 1730 2389 1786 vestibus
2418 1733 2600 1787 tectas
2656 1729 2959 1796 habentes,
3002 1728 3358 1786 adversarios
3387 1726 3469 1800 (1)
3500 1743 3640 1784 con-

1993 1818 2310 1876 fodiebant.
2369 1820 2586 1876 Deinde
2642 1818 2916 1890 collapsis
2973 1817 3308 1874 hominibus
3354 1817 3440 1872 illi
3483 1817 3636 1873 inter

1992 1909 2247 1982 reliquos
2279 1908 2350 1966 de
2396 1909 2610 1966 scelere
2648 1909 3061 1982 querebantur,
3112 1907 3213 1980 qui
3269 1907 3483 1964 caedem
3534 1924 3639 1978 pa-

1987 2003 2210 2055 trarant
2242 2014 2255 2053 :
2290 2004 2462 2071 atque
2525 2001 2604 2054 ita
2655 1999 2850 2066 ﬁebat,
2908 2003 2970 2055 ut
3017 2014 3084 2054 eo
3142 2001 3418 2070 praetextu
3471 1997 3633 2052 bona:

1987 2089 2121 2144 ﬁdei
2195 2088 2402 2158 habiti,
2461 2088 2813 2160 deprehendi
2889 2105 3004 2144 non
3060 2091 3320 2160 possent.
3377 2086 3636 2143 Primum

1988 2177 2262 2250 equidem
2295 2177 2379 2233 illi
2408 2177 2722 2234 Jonatham
2781 2177 3119 2249 pontiﬁcem
3173 2176 3553 2244 trucidavere,
3585 2179 3640 2232 et

1987 2271 2118 2339 post
2147 2284 2280 2324 eum
2317 2267 2582 2339 quotidie
2612 2266 2942 2338 complures
2977 2283 2990 2322 :
3024 2271 3081 2324 et
3137 2265 3470 2322 calamitate
3518 2267 3644 2336 ipse

1987 2357 2339 2414 calamitatis
2372 2365 2557 2414 melus
2588 2357 2816 2429 gravior
2843 2361 2989 2418 erat.
3017 2373 3152 2412 cum
3203 2372 3305 2427 pro
3363 2371 3426 2411 se
3482 2355 3640 2424 quis-

1987 2463 2120 2519 que,
2151 2447 2328 2504 sicuti
2358 2448 2418 2503 in
2451 2446 2696 2516 bello,in
2725 2445 2899 2503 horas
2933 2450 3178 2502 mortem
3205 2448 3579 2517 exspectaret.
3607 2463 3632 2497 ι

1987 2538 2204 2596 Deinde
2260 2538 2360 2596 illa
2420 2556 2652 2613 quoque
2708 2538 2910 2610 paucis
2988 2538 3305 2608 interjectis
3387 2535 3561 2593 infert
3618 2551 3632 2594 :

1984 2651 2013 2680 α
2047 2629 2264 2700 Majors
2321 2630 2560 2700 insuper
2601 2629 2931 2686 calamitate
2977 2629 3206 2684 Judaos
3263 2626 3453 2683 alfecit
3509 2641 3636 2698 pro-

1985 2717 2159 2788 pheta
2186 2719 2504 2792 Egyptius.
2538 2718 2871 2776 Adveniens
2911 2717 3067 2773 enim
3095 2717 3154 2771 in
3213 2715 3509 2786 regionem
3551 2730 3638 2771 eo-

1984 2826 2108 2868 rum
2147 2809 2558 2881 prasstigiator,
2591 2814 2650 2864 et
2677 2807 2780 2881 qui
2813 2806 3102 2880 prophetas
3154 2805 3265 2861 sibi
3313 2804 3487 2860 ﬁdem
3546 2819 3639 2860 ar-

1987 2905 2238 2974 rogaret,
2287 2900 2360 2955 ad
2428 2899 2664 2970 triginta
2752 2896 3030 2960 millium,
3089 2912 3236 2966 quos
3311 2894 3638 2960 seduxerat,

1984 2991 2288 3047 hominum
2311 2989 2752 3046 multitudinem
2784 2987 3079 3060 cogit.Eos
3119 3001 3187 3040 ex
3216 2983 3534 3040 solitudine
3574 2982 3633 3036 in

1985 3084 2243 3137 montem
2290 3080 2388 3152 qui
2448 3078 2745 3135 Olivarum
2801 3082 2892 3134 est
2945 3075 3154 3142 dictus,
3215 3073 3396 3129 ducit.
3442 3072 3520 3126 Ex
3565 3087 3632 3127 eo

1983 3171 2110 3227 loco
2143 3173 2367 3242 poterat
2397 3166 2792 3237 Hierosolyma
2838 3163 2891 3218 vi
2949 3178 3149 3232 capere
3184 3178 3196 3215 :
3248 3163 3634 3231 superatoque

1993 3261 2386 3316 Romanorum
2422 3256 2708 3329 praesidio,
2738 3253 3103 3327 tyrannidem
3137 3250 3248 3307 sibi
3280 3251 3338 3304 in
3397 3248 3636 3320 populo,

235 3337 406 3409 αύτῷ,
443 3362 470 3389 ι)
495 3343 670 3394 Ταῦτα
719 3338 988 3411 Ἰώσηπος
1040 3341 1091 3396 ἐν
1140 3346 1208 3416 τῇ
1253 3340 1470 3418 δευνέρᾳ
1506 3351 1608 3414 τῆς
1642 3343 1876 3403 Ἰουδαϊο

1993 3348 2266 3406 satellitio
2323 3364 2410 3416 eo,
2439 3347 2591 3418 quod
2642 3360 2841 3402 secum
2884 3343 3166 3414 impetum
3200 3339 3258 3394 in
3293 3338 3495 3393 urbem
3530 3336 3640 3392 fac-

235 3432 339 3495 κῆς
390 3423 651 3489 ἁλώσεως
701 3425 916 3502 διέξεισι
961 3434 1070 3484 τῶν
1125 3432 1397 3503 ἱστοριῶν.
1430 3434 1634 3488 Τούτου
1667 3431 1733 3502 δὴ
1783 3436 1879 3490 τοῦ

236 3515 548 3589 Αἰγυπτίου
591 3516 683 3572 καὶ
731 3519 785 3572 αἱ
837 3521 1062 3592 Πράξεις
1115 3520 1418 3594 μέμνηνται
1472 3526 1579 3577 τῶν
1644 3524 1880 3579 ὰποστό-

235 3601 374 3674 λων,
405 3602 526 3660 ἔνθα
552 3605 616 3660 τὸ
649 3603 926 3663 Ἰουδαίων
957 3607 1170 3678 πλῆθος
1216 3615 1312 3666 τοῦ
1364 3611 1585 3667 Παύλου
1613 3633 1880 3669 κατεστα-

234 3693 410 3763 σίαζεν
443 3711 456 3726 °
521 3691 667 3770 λέγει
725 3697 831 3771 γὰρ
879 3697 908 3750 6
955 3697 1274 3774 χιλίαρχος.
1323 3698 1450 3754 Οὐκ
1498 3699 1616 3775 ἄρα
1665 3702 1735 3755 σὺ
1765 3701 1820 3756 εί
1851 3703 1878 3756 6

232 3782 624 3857 Αἰγύπτιος,
650 3785 678 3839 6
707 3787 835 3860 πρὸ
861 3787 1111 3843 τούτων
1143 3793 1564 3865 τῶν-ἡμερῶν
1613 3789 1881 3849 ἀναστα-

233 3873 449 3934 τώσας
479 3877 587 3928 καί
619 3872 961 3953 ἐξαγαγὼν
994 3875 1054 3932 ἐν
1083 3881 1160 3952 τῇ
1192 3877 1422 3953 ἐρήμῳ
1453 3879 1608 3943 τοὺς
1637 3902 1876 3957 τετρα-

230 3960 632 4037 κισχιλίους
662 3961 903 4041 ἄνδρας
933 3971 1058 4022 τῶν
1089 3968 1458 4042 σικαρίων;

1991 3442 2193 3495 turum
2225 3447 2402 3505 esset,
2435 3437 2617 3492 fretus
2663 3434 2976 3490 vindicare.
3009 3433 3112 3486 Sed
3159 3429 3313 3484 enim
3363 3431 3639 3483 conatum

1988 3530 2114 3599 ejus
2159 3527 2430 3599 prmvenit
2462 3524 2641 3590 Felix,
2702 3539 2833 3579 nam
2885 3521 2936 3576 is
2994 3521 3384 3576 Romanorum
3439 3514 3634 3586 copias

1990 3634 2106 3673 una
2135 3634 2270 3673 cum
2327 3613 2865 3686 Hierosolymitane
2913 3609 3098 3682 plebis
3141 3604 3391 3672 auxiliis,
3425 3607 3630 3660 contra

1988 3723 2123 3764 eum
2153 3705 2315 3762 ducit
2348 3721 2361 3760 :
2393 3709 2450 3761 et
2505 3719 2701 3775 pugna
2746 3699 3086 3765 commissa,
3128 3694 3427 3767 Egyptius
3482 3708 3618 3749 cum

1989 3796 2194 3868 paucis
2227 3796 2426 3868 iugere
2461 3792 2705 3864 cogitur,
2738 3789 2890 3846 178
2939 3795 2994 3845 et
3049 3799 3219 3858 quam
3265 3782 3506 3856 plurimi
3561 3784 3622 3840 in

1988 3885 2245 3943 exercitu
2276 3883 2406 3955 ejus
2437 3881 2525 3939 vel
2569 3881 2895 3947 caeduntur,
2943 3876 3032 3934 vel
3080 3875 3416 3948 capiuntur.
3450 3894 3480 3924 »
3510 3872 3634 3928 Haec

1985 3973 2278 4047 Iosephus
2309 3972 2368 4028 in
2401 3972 2659 4029 secundo
2689 3969 2760 4026 de
2791 3967 3126 4040 captivitate
3155 3963 3396 4021 Judaica
3451 3961 3642 4020 Histo-

230 4053 457 4110 riarum
487 4053 634 4111 libro
665 4058 858 4112 refert.
892 4057 1080 4128 Hujus
1124 4063 1319 4116 autem
1383 4061 1634 4134 Egyptii
1691 4068 1745 4118 et
1801 4067 1938 4121 Acta
1984 4064 2381 4134 apostolorum
2445 4061 2797 4118 mentionem
2848 4057 3085 4124 faciunt,
3137 4054 3237 4111 ubi
3294 4053 3633 4110 Judasorum

231 4141 546 4198 multitudo
573 4144 919 4202 seditionem
961 4153 1160 4204 contra
1191 4148 1434 4205 Paulum
1467 4151 1694 4208 excitat.
1729 4152 1877 4209 Dicit
1906 4154 2062 4211 enim
2102 4152 2176 4210 ad
2223 4168 2358 4209 eum
2419 4151 2739 4207 tribunus:
2773 4151 2894 4205 Non
2949 4153 3010 4202 tu
3066 4143 3358 4218 ngyptiu:
3407 4143 3502 4198 ille
3559 4157 3636 4209 cs,

229 4233 324 4300 qui
348 4233 544 4301 pauci:
573 4237 704 4290 ante
731 4233 920 4291 diebus
950 4237 1198 4294 tumultu
1213 4253 1313 4310 per
1339 4240 1661 4296 seditionem
1686 4244 1952 4300 concitato
1981 4245 2036 4298 in
2059 4243 2412 4300 solitudinem
2429 4241 2498 4297 ad
2519 4244 2755 4313 quatuor
2782 4237 2968 4294 millia
2990 4238 3275 4293 hominum
3303 4233 3636 4290 sicariorum

228 4320 420 4376 eduxit
448 4321 497 4356 ³⁸
523 4326 548 4376 .9
579 4346 611 4374 ιο

847 4435 1112 4494 ΚΕΦΑΛ.
1156 4441 1270 4493 KZ‘.

235 4539 552 4618 Περὶ-τῶν
603 4537 715 4594 τοῦ
763 4539 1146 4618 ᾀποστόλου
1197 4544 1457 4618 Πέτρου
1505 4543 1858 4618 θαυμάτων

302 4610 444 4690 καὶ.
469 4615 600 4664 τῶν
633 4612 930 4690 τεράτων
964 4619 1078 4690 τοῦ
1121 4610 1348 4690 Μάγου
1384 4610 1692 4690 Σίμωνός
1723 4636 1736 4650 °
1768 4610 1878 4672 καί

303 4681 387 4742 ὡς
419 4680 844 4759 ἀμφοτέρους
875 4692 994 4756 τῆς
1019 4680 1288 4760 Ῥώμής
1321 4689 1348 4742 ὁ
1381 4680 1604 4764 Νέρων
1645 4688 1882 4760 ἐξήλα-

303 4772 440 4808 σεν.

301 4856 550 4930 Νέρωνος
581 4857 637 4914 δὲ
679 4861 778 4930 τήν
827 4861 1008 4937 ἀρχὴν
1062 4861 1420 4937 διοικοῦντος,
1465 4867 1649 4939 Σίμων
1684 4867 1712 4921 6
1769 4867 1876 4922 Μά-

229 4967 325 5020 γος
359 4947 414 5002 έν
459 4948 668 5024 Ῥώμῃ,
715 4957 918 5024 σημεῖα
965 4950 1056 5008 διὰ
1095 4955 1348 5030 γοητείας
1390 4954 1566 5010 τελῶν
1595 4959 1682 5024 ἦν,
1731 4955 1878 5013 Κύνα

225 5039 355 5122 γοιῖν
403 5042 620 5110 πρῶτον
673 5042 779 5114 πρὸ
827 5048 925 5110 τῆς
969 5041 1142 5107 ο’ίκίας
1189 5044 1440 5119 μέγιστον
1498 5042 1718 5117 δεσμοῖς
1767 5064 1878 5100 τισι

227 5125 544 5199 κατασχὼν,
605 5124 674 5181 δι’
741 5128 950 5184 ἐκείνου
1009 5130 1103 5194 οὕς
1177 5135 1253 5206 μὴ
1315 5135 1451 5208 πρὸς
1509 5134 1744 5208 γνώμησ
1808 5134 1874 5203 ἦν

227 5212 377 5285 αύτῴ
437 5215 714 5290 προσιέναι
773 5217 1002 5294 ἀνεῖργε.
1035 5221 1236 5296 Πέτρος
1291 5219 1349 5277 δε
1401 5223 1428 5276 6
1492 5223 1659 5297 μέγας
1699 5221 1874 5277 ἐλθὼν

227 5303 518 5359 θεάσασθαι
571 5307 821 5380 Σίμωνα,
878 5311 969 5364 καὶ
1041 5312 1132 5366 τὸν
1215 5312 1350 5367 κύνα
1432 5311 1876 5387 ἀπηγριωμένον,

223 5394 313 5446 καὶ
345 5388 516 5470 φόϐον
546 5394 750 5453 ένιέντα
809 5397 962 5471 ἰδὼν,
994 5401 1153 5474 γνούς
1201 5421 1260 5456 τε
1309 5401 1385 5463 ὡς
1431 5400 1670 5465 πολλοῖς
1701 5404 1876 5458 θανεῖν

225 5479 406 5547 α’ίτιος
445 5484 635 5564 γέγονε
664 5489 771 5565 πρὸ
816 5493 914 5545 τοῦ
973 5489 1174 5566 Πέτρον
1235 5489 1432 5566 ἐλθεῖν,
1491 5492 1705 5550 εἰσιέναι
1765 5493 1878 5551 ἐπι-

293 5635 341 5673 ³⁸
370 5639 495 5694 Act.
526 5653 644 5708 xxI,
675 5639 766 5696 38.

295 5765 384 5838 (1)
405 5764 729 5844 Διαφόρους,
761 5767 1068 5842 plurimos,
1109 5767 1318 5827 varios.

1910 4442 1959 4508 D

2561 4435 2797 4493 CAPUT
2826 4433 3046 4492 XXVII.

1995 4548 2066 4604 De
2113 4549 2266 4603 Petri
2323 4546 2554 4618 apostoli
2593 4543 2898 4612 miraculis,
2921 4550 2974 4596 et
3019 4540 3155 4618 item
3204 4534 3445 4618 Simoni:
3495 4533 3638 4603 Magi

2054 4611 2370 4744 praestigiis
2393 4635 2411 4675 :
2469 4623 2522 4674 et
2561 4620 2618 4670 ut
2679 4611 2972 4687 utrumque
3041 4612 3178 4667 Nero
3236 4611 3405 4665 Roma
3472 4620 3634 4677 expu-

2083 4700 2207 4746 cru.

2058 4866 2286 4926 Nerone
2314 4869 2509 4924 autem
2556 4865 2896 4937 imperante,
2929 4863 3130 4919 Simon
3191 4859 3395 4931 Magus
3435 4858 3630 4914 Roma

1987 4958 2270 5016 miracula
2300 4973 2400 5030 per
2427 4957 2784 5028 imposturas
2812 4959 2870 5012 et
2916 4952 3210 5026 praetigia
3265 4949 3489 5007 edebat.
3523 4950 3630 5006 Ca-

1988 5065 2123 5104 nem
2155 5053 2353 5104 autem
2387 5047 2700 5104 maximum
2732 5062 2833 5118 pro
2866 5043 3086 5100 foribus
3117 5042 3335 5097 catenis
3377 5040 3631 5096 vinctum

1983 5138 2264 5207 habebat,
2294 5155 2398 5210 per
2448 5153 2618 5209 quem
2676 5137 2747 5191 ad
2805 5151 2868 5191 se
2912 5134 3108 5190 venire
3163 5129 3448 5198 volentes,
3479 5128 3528 5185 si
3577 5130 3630 5186 ei

1989 5228 2184 5284 minus
2216 5227 2594 5300 placuissent,
2629 5224 2882 5282 arcebat.
2907 5221 3152 5278 Advenit
3177 5235 3348 5292 porro
3379 5235 3629 5292 magnus

1983 5315 2080 5372 ille
2129 5317 2337 5372 Petrus
2393 5317 2462 5372 ad
2518 5315 2815 5372 Simonem
2872 5312 3181 5369 visendum
3215 5325 3229 5366 :
3263 5309 3363 5380 qui
3423 5325 3626 5367 canem

1983 5421 2118 5463 eum
2157 5407 2461 5462 eﬂ‘eratum
2489 5411 2543 5461 et
2575 5403 2928 5461 horrendum
2988 5403 3046 5458 in
3105 5415 3166 5457 se
3218 5397 3355 5456 ferri
3399 5398 3623 5470 videns,

1982 5510 2115 5553 cum
2159 5498 2458 5554 auctorem
2513 5493 2812 5563 eumdem,
2876 5499 3009 5552 ante
3061 5490 3375 5550 adventum
3422 5505 3622 5558 suum,
