4070 6274
474 365 594 427 827

1769 385 2187 452 NIGEPHORI
2231 391 2580 456 CALLISTI

3772 407 3887 469 828

473 501 677 557 mortis
735 505 1034 574 permultis
1094 507 1294 578 fuisse,
1353 510 1450 582 qui
1506 511 1730 584 ingredi
1776 518 2098 578 voluissent

2234 526 2646 601 κεχειρηκότας,
2709 525 2826 581 λύει
2885 527 2979 600 μὲν
3037 526 3228 582 αὐτίκα
3289 531 3381 583 τὸν
3451 531 3606 602 κύνα,
3659 538 3750 589 καί
3800 539 3884 592 ἆν-

499 589 882 660 ntellexisset,
933 595 1184 652 vinculis
1239 614 1373 653 eum
1420 600 1608 668 solvit,
1653 610 1829 676 atque
1879 608 2133 668 humana

494 691 631 734 voce
656 684 1002 739 annuntiare
1021 684 1159 742 hero
1198 703 1323 755 suo,
1357 688 1586 748 Petrum
1633 693 1848 751 Christi
1900 715 2131 757 servum

486 767 712 839 adesse,
738 771 1112 843 jubet.Canis
1142 793 1310 847 porro
1341 796 1457 851 quo
1483 782 1686 852 jussus
1717 786 1904 844 fuerat
1934 791 2128 860 modo,

477 862 752 919 nuntium
785 864 1016 933 perfert.
1053 865 1136 920 Ad
1168 882 1293 922 eam
1340 885 1481 936 rem,
1516 871 1612 942 qui
1667 877 1788 930 tum
1847 892 1980 934 cum
2041 879 2129 933 Si-

475 968 649 1009 mone
699 957 885 1023 erant,
949 957 1303 1013 consternati
1373 960 1825 1031 obstupuerunt.
1905 967 2126 1033 Quibus

468 1041 567 1097 ille
598 1055 611 1097 :
644 1040 792 1097 nihil
824 1040 880 1096 id
912 1043 1043 1098 novi
1100 1061 1250 1111 esse,
1283 1063 1342 1104 se
1392 1065 1624 1120 quoque
1679 1055 1883 1112 eadem
1940 1056 2124 1113 facere

470 1145 641 1202 posse
670 1130 839 1186 dixit.
869 1130 1071 1203 Itaque
1102 1150 1306 1190 canem
1355 1137 1530 1207 exire,
1563 1144 1621 1197 et
1665 1145 2005 1214 Apostolum
2049 1150 2121 1203 ad

467 1235 532 1276 se
560 1237 767 1277 vocare
808 1221 996 1292 jubet.
1033 1222 1234 1280 Petrus
1284 1227 1504 1285 accitus
1552 1229 1892 1301 ingreditur.
1927 1235 2014 1291 lbi
2061 1237 2119 1293 in

470 1309 758 1381 colloquio
791 1316 995 1369 mutuo
1027 1313 1215 1370 multa
1240 1314 1392 1373 inter
1421 1334 1482 1373 se
1527 1321 1698 1377 verba
1746 1323 1986 1380 faciunt.
2020 1326 2122 1381 Mi-

469 1399 686 1455 raculis
745 1401 1013 1473 equidem
1061 1407 1118 1458 et
1164 1405 1338 1460 variis
1397 1409 1794 1481 prodigiorum
1845 1415 2119 1484 cperibus

479 1488 680 1545 Simon
709 1490 880 1560 longe
923 1497 1255 1564 superatur.
1283 1495 1647 1569 Quapropter
1676 1501 1846 1557 multi
1889 1519 1958 1558 ex
1996 1503 2116 1561 illis

476 1578 545 1634 ad
576 1577 876 1634 Christum
908 1583 1214 1651 accedunt,
1247 1588 1420 1656 atque
1451 1586 1810 1658 baptismum
1843 1593 2114 1651 subeunt.

440 1666 777 1724 'Enimvero
809 1673 864 1725 et
894 1669 1095 1727 Simon
1139 1673 1287 1744 ipse,
1310 1674 1640 1732 daemonum
1696 1679 1746 1734 ei
1794 1680 2117 1739 inservien-

469 1757 619 1812 tium
669 1773 865 1828 opera,
898 1760 1084 1816 multa
1130 1763 1472 1821 admirando
1532 1767 1795 1826 faciebat.
1853 1775 1996 1829 Nam
2056 1780 2116 1829 ut

467 1849 677 1902 statuae
709 1854 1081 1905 moverentur
1110 1851 1367 1921 curabat,
1399 1860 1458 1911 et
1487 1855 1546 1910 in
1575 1859 1798 1916 aedibus
1843 1876 1979 1918 vasa
2025 1866 2101 1918 at-

2223 1865 2410 1936 σκεύη,
2461 1861 2602 1921 ἔνθεν
2662 1867 2902 1922 κᾶκεῖθεν
2972 1866 3252 1940 αὐτόματα
3321 1872 3584 1942 μετετίθει
3643 1891 3656 1904 ·

467 1948 582 2004 que
612 1933 1003 1993 instrumenta
1027 1939 1345 1998 domestica
1373 1960 1432 2001 se
1461 1950 1666 2017 sponte
1712 1951 1945 2022 propria
1976 1951 2112 2008 hinc

461 2020 598 2078 inde
636 2026 1084 2096 transferebant,
1144 2036 1200 2085 et
1245 2031 1368 2102 ipse
1414 2033 1668 2092 ﬂammis
1711 2020 2110 2096 circumdatus

461 2128 577 2167 non
619 2113 916 2184 urebatur,
950 2118 1264 2175 Ferebatur
1315 2139 1544 2195 quoque
1600 2125 1802 2184 volans
1841 2129 1904 2184 in
1954 2146 2106 2187 acre.

458 2202 498 2256 1
518 2202 612 2257 79
644 2203 726 2258 Ex
754 2203 1072 2275 lapidibus,
1103 2208 1232 2265 fuco
1264 2209 1604 2271 hominibus
1649 2217 1899 2287 objecto,
1931 2235 2109 2290 panes

459 2290 729 2348 faciebat.
761 2293 1040 2352 Draconis
1069 2313 1300 2370 quoque
1322 2301 1570 2359 formam
1601 2306 1899 2372 induebat,
1932 2315 1990 2364 et
2046 2310 2107 2365 in

447 2380 650 2436 varias
677 2383 1066 2440 animantium
1097 2388 1321 2457 species
1359 2394 1696 2449 mutabatur
1728 2410 1740 2449 :
1772 2395 1988 2467 duplici
2021 2399 2104 2454 fa-

439 2473 546 2527 "cie
579 2472 822 2529 indutus
872 2477 1361 2548 conspiciebatur,
1391 2482 1452 2538 in
1491 2501 1696 2540 aurum
1754 2503 1883 2543 sese
1923 2493 2104 2545 totum

463 2561 940 2636 transformabat,
990 2566 1143 2622 fores
1201 2571 1463 2628 vectibus
1519 2581 1574 2628 et
1618 2573 1890 2633 claustris
1931 2578 2106 2649 probe

457 2651 853 2709 communitas
887 2659 944 2710 et
981 2657 1242 2715 occlusae
1300 2661 1456 2718 dicto
1511 2664 1825 2734 aperiebat,
1875 2667 2106 2724 vincula

457 2738 644 2796 ferrea
673 2741 1099 2816 disrumpebat,
1133 2747 1193 2802 in
1235 2751 1514 2808 conviviis
1565 2756 1935 2812 omnifariam
1994 2760 2107 2814 for-

456 2831 751 2887 mularum
810 2831 1126 2892 simulacra
1175 2838 1498 2909 exhibebat,
1554 2848 1616 2899 ut
1654 2845 1920 2916 plurimae
1972 2854 2105 2904 ante

455 2933 592 2973 eum
625 2922 1011 2990 praacederent
1028 2926 1248 2982 umbras
1269 2929 1780 3005 elﬁciebaut,quas
1813 2936 2108 2994 defuncto-

457 3021 590 3062 rum
648 3009 871 3066 dudum
910 3029 1040 3070 esse
1104 3018 1327 3074 animas
1388 3022 1735 3092 negabatur.
1791 3026 1905 3082 Nec
1981 3028 2106 3098 ipse

462 3094 656 3159 modo,
690 3099 759 3154 ad
791 3115 962 3170 quem
1005 3103 1194 3174 vellet,
1228 3110 1756 3169 transformabatur
1802 3094 2051 3184 speciem
2086 3133 2100 3173 :

461 3201 667 3242 verum
691 3190 865 3246 etiam
897 3193 1042 3249 alios
1073 3210 1221 3266 quos
1251 3199 1622 3266 voluisset,in
1660 3205 1948 3261 variarum
1981 3208 2103 3263 ani-

2243 614 2485 689 θρωπίνῃ
2547 619 2720 694 φωνῇ,
2781 614 3148 689 εἰσαγγέλλειν
3208 616 3469 688 ἐκέλευεν,
3527 621 3605 683 ὡς
3685 626 3881 699 Πέτρος

2242 704 2270 758 ὁ
2323 709 2420 759 τοῦ
2473 707 2706 781 Χριστοῦ
2766 702 2965 767 δοῦλος
3012 707 3112 775 ἧκε
3168 707 3306 782 πρὸς
3353 709 3430 765 σέ.
3489 713 3598 768 Τοῦ
3645 711 3704 767 δὲ
3731 717 3883 779 κυνὸς

2238 796 2357 848 καθ’
2423 795 2482 849 ’ὀν
2540 796 2846 872 προσετάγη
2896 795 3097 867 τρόπον
3151 797 3250 866 τὴν
3309 797 3562 875 ἀγγελίαν
3634 802 3877 860 τελέσαν-

2237 905 2352 953 τος,
2386 881 2547 938 ἒννεοί
2575 885 2668 957 μὲν
2701 886 2835 954 ἦσαν
2879 882 2930 938 ο⁹ί
2971 890 3202 955 συνῆσαν
3233 890 3313 958 τῷ
3367 887 3578 960 Σίμωνι
3613 910 3627 924 ·
3679 894 3769 948 τὸν
3827 893 3878 950 δὲ

2236 973 2417 1049 φάναι,
2480 975 2556 1046 μὴ
2626 976 2773 1046 ξένον
2819 972 3018 1029 οἰέσθαι
3079 975 3140 1030 τὸ
3198 976 3441 1051 πραχθέν
3489 998 3502 1011 .
3554 981 3724 1053 κάμοὶ
3779 984 3872 1059 ,γὰρ

2235 1062 2396 1138 ἰσχὺς
2426 1064 2493 1118 τὰ
2540 1065 2707 1136 ὅμοια
2738 1062 2865 1137 δρᾷν
2901 1084 2915 1097 ·
2953 1065 3044 1120 καὶ
3092 1064 3171 1135 τῷ
3215 1065 3334 1120 κυνὶ
3392 1066 3636 1124 ἐκέλευεν
3697 1072 3872 1144 ἐξιέναι

2231 1152 2321 1206 καὶ
2377 1151 2648 1206 εἰσκαλεῖν
2705 1154 2796 1208 τὸν
2859 1153 3188 1210 ἀπόστολον.
3245 1156 3346 1209 Καὶ
3403 1156 3463 1218 ὃς
3510 1157 3686 1233 εἰσῄει
3720 1182 3871 1233 μετα-

2230 1237 2455 1310 κληθείς
2490 1261 2502 1276 ⁸
2563 1242 2701 1315 πρὸς
2751 1241 2952 1316 λόγους
3006 1263 3066 1298 τε
3122 1246 3255 1312 ἧκον
3303 1245 3506 1309 ἱκανῶς
3584 1245 3874 1322 διαμιλλη-

2231 1329 2409 1392 θέντες
2469 1329 2766 1400 ἀλλήλοις.
2825 1337 2953 1392 Τοῖς
3002 1353 3066 1406 γε
3122 1335 3229 1405 μὴν
3285 1335 3588 1409 τεραστίοις
3626 1339 3716 1392 καί
3761 1347 3872 1405 ταῖς

2231 1423 2339 1473 τῶν
2388 1419 2680 1493 θαυμάτων
2735 1426 2958 1483 πτκναῖς
3011 1421 3301 1495 ἐνεργείαις
3332 1423 3580 1480 ἀπειπεῖν
3611 1428 3829 1500 Σίμωνα
3854 1450 3868 1464 ν

2226 1507 2477 1586 πονλοὺς
2537 1507 2596 1563 δὲ
2650 1513 2756 1565 τῶν
2808 1509 3015 1565 ἐκείνου
3062 1511 3279 1584 Χριστῷ
3326 1512 3666 1588 προσελθεῖν,
3696 1517 3867 1573 καὶτὸ

2229 1598 2508 1670 βάπτισμα
2575 1597 2840 1671 δέξασθαι.
2911 1599 3103 1655 Πολλὰ
3161 1598 3220 1654 δὲ
3275 1602 3364 1656 καὶ
3439 1603 3623 1675 Σίμων
3703 1605 3864 1661 ἐποίει

2222 1692 2338 1747 τοῖς
2381 1689 2782 1763 παρεπομένοις
2844 1687 3094 1763 δαίμοσιν
3145 1689 3531 1764 ἑνεργούμενος
3573 1714 3589 1728 ο
3637 1696 3728 1749 καί
3767 1700 3863 1771 γὰρ

2222 1773 2540 1848 ἀνδριάντας
2597 1780 2861 1832 κινεῖσθαι
2909 1777 3083 1833 ἐποίει
3146 1797 3158 1811 ·
3216 1782 3309 1834 καὶ
3391 1781 3458 1835 τὰ
3523 1785 3641 1838 κατ’
3722 1788 3864 1840 οἷκον

3715 1873 3867 1938 αὐτός

2219 1975 2278 2009 τε
2327 1955 2456 2029 πυρί
2521 1954 2881 2030 βαλλόμενος,
2953 1956 3052 2011 οὐκ
3125 1956 3351 2027 ἐκαίετο,
3413 1960 3504 2014 καί
3582 1961 3661 2023 εἰς
3742 1963 3865 2036 ἀέρα

2220 2041 2481 2099 ἂνίπτατο
2527 2061 2542 2077 ·
2597 2042 2658 2098 ἐκ
2709 2044 2876 2100 λίθων
2926 2045 3126 2119 ἄρνους
3175 2049 3456 2123 φαντάζων
3490 2047 3658 2104 ἐποίει
3686 2068 3699 2082 ·
3733 2048 3861 2125 δρά-

2217 2133 2409 2195 κοντός
2459 2154 2519 2188 τε
2577 2136 2796 2213 μορφὴν
2837 2133 3128 2205 ὑπεδύετο,
3159 2135 3250 2190 καὶ
3309 2137 3385 2199 εἰς
3438 2134 3672 2213 διάφορα
3716 2141 3862 2209 ζώων

2217 2220 2334 2293 εἷ’δη
2397 2218 2683 2296 ἠμείϐετο.
2719 2225 2822 2279 Δύο
2869 2225 3138 2300 πρόσωπα
3193 2226 3575 2299 περεκείμενος
3612 2227 3818 2304 ἑωρᾶτο
3849 2249 3860 2263 ·

2215 2313 2294 2376 εἰς
2325 2313 2528 2387 χρυσὸν
2562 2314 2773 2384 ἀθρόως
2824 2311 3210 2388 μετεϐάλλετο.
3255 2318 3431 2392 Θύρας
3483 2317 3732 2397 μοχλοῖς
3776 2323 3863 2376 καί

2214 2404 2393 2457 κλεισί
2478 2403 2993 2477 κατησφαλισμένας
3088 2403 3330 2481 διήνοιγε
3416 2405 3692 2481 ῥήματι·
3775 2411 3862 2465 καὶ

2216 2488 2389 2564 δεσμᾶ
2436 2493 2494 2547 ἐκ
2552 2490 2792 2566 σιδήρων
2839 2491 3018 2550 διέλυε
3051 2513 3063 2526 ⁸
3097 2495 3194 2550 κάν
3237 2499 3352 2557 τοῖς
3385 2492 3624 2560 δείπνοις
3655 2496 3714 2554 δὲ
3743 2520 3865 2553 παν-

2213 2578 2464 2637 τοδαπῶν
2519 2580 2674 2637 ἰδεῶν
2731 2581 2936 2640 εἷ’δωλα
2974 2585 3208 2659 παρίστη
3270 2627 3283 2640 .
3359 2587 3511 2649 σκιάς
3568 2608 3627 2642 τε
3684 2609 3862 2663 προη-

2194 2667 2421 2745 γεῖσθαι
2476 2670 2672 2727 τούτου
2739 2672 2995 2736 πλείστας
3074 2673 3486 2748 παρεσκεύαζεν,
3551 2677 3614 2740 ἃς
3684 2681 3860 2753 ψυχὰς

2216 2759 2345 2815 εἶναι
2395 2765 2502 2816 τῶν
2562 2761 2737 2817 πάλαι
2792 2763 3133 2831 τεθνηκότων
3189 2761 3481 2839 ἐληρώδει.
3543 2766 3655 2821 Οὐκ
3704 2767 3859 2828 αὐτὸς

2216 2845 2273 2904 δὲ
2315 2851 2482 2923 μόνος
2528 2851 2665 2925 πρὸς
2705 2852 2768 2905 τὸ
2820 2849 3011 2906 δοκοῦν
3044 2854 3566 2927 μετεσχηματίζετο,
3599 2856 3742 2911 ἀλλὰ
3770 2857 3858 2912 καὶ

2197 2933 2309 3000 οὓς
2350 2938 2537 3010 ἤθελε,
2586 2941 2723 3016 πρὸς
2768 2938 2886 3011 εἷ’δη
2941 2943 3208 2996 παντοίων
3281 2943 3438 3011 ζώων
3508 2939 3806 3016 μετέϐαλλε
3835 2989 3854 3006 .

2212 3028 2303 3082 καὶ
2351 3029 2501 3090 τινάς
2546 3026 2604 3084 δὲ
2645 3027 2852 3084 πλάνον
2901 3033 3273 3104 πειρωμένους
3321 3029 3592 3108 ἐλέγχειν,
3629 3052 3850 3103 προσω-

2212 3117 2353 3189 πείῳ
2425 3119 2534 3173 ττνί
2627 3116 2812 3196 φιλίας
2899 3117 3400 3191 ὑποποιήσάμενος,
3480 3122 3604 3195 βοῦν
3687 3121 3854 3189 θύων,

2215 3213 2488 3279 συνεστιᾷν
2547 3206 2717 3264 ἒποίει
2751 3229 2766 3244 ·
2825 3211 3106 3265 κάντεῦθεν
3161 3211 3445 3274 ποικίλαις
3503 3212 3594 3266 καὶ
3671 3209 3853 3266 δυσιά-

463 3277 748 3334 mantium
797 3280 1013 3338 formas
1055 3287 1332 3343 mutabat.
1366 3289 1659 3354 Quosdam
1716 3299 1932 3364 autem,
1965 3313 2098 3354 cum

2549 3259 2716 3264 ηε---
2828 3259 3098 3265 παπ---
3168 3259 3443 3274 -,-----.-π-,
3504 3259 3593 3266 .-..-
3676 3259 3828 3266 η---

2218 3317 2329 3359 τοις
2382 3297 2564 3359 νόσοις
2620 3299 2711 3352 καὶ
2771 3296 3020 3372 δαίμοσιν
3068 3298 3277 3373 ἀγρίοις
3337 3295 3636 3356 ὑπέϐαλλε.
3686 3305 3853 3355 Ταῦτα

457 3364 698 3436 planum
720 3383 854 3424 eum
888 3375 946 3426 et
976 3387 1243 3430 scurram
1277 3392 1400 3432 esse
1430 3394 1742 3451 coarguere
1789 3393 1842 3440 et
1867 3387 2106 3442 convin-

461 3469 592 3511 cere
647 3459 958 3528 tentarent,
1026 3463 1271 3520 amicitaa
1332 3472 1614 3538 praetextu
1678 3472 1970 3542 simulato,
2008 3477 2105 3534 bo-

459 3555 589 3598 vem
617 3547 974 3616 sacrificans,
1007 3549 1081 3606 ad
1109 3552 1312 3623 epulas
1342 3555 1646 3624 invitabat,
1679 3565 1735 3615 et
1763 3562 1898 3619 inde
1954 3565 2104 3620 mul-

462 3631 793 3691 tiformibus
824 3638 1024 3710 eisque
1051 3640 1469 3701 incurabilibus
1499 3648 1714 3706 morbis
1743 3659 1797 3706 et
1826 3653 2100 3712 immani-

456 3721 564 3778 bus
595 3723 960 3814 daamonibus
991 3730 1504 3800 subjiciebat.Hasc
1534 3742 1707 3811 atque
1738 3740 1830 3796 his
1859 3743 2097 3814 similia,

454 3825 587 3866 cum
616 3813 787 3871 divus
824 3817 1058 3888 quidem
1092 3822 1299 3879 Petrus
1345 3841 1479 3881 vere
1533 3843 1600 3883 ac
1652 3831 1864 3902 reipsa,
1898 3813 2098 3889 Simon

413 3912 415 3914 ·
446 3909 644 3956 autem
677 3903 820 3961 falso
850 3909 908 3962 et
961 3908 1416 3980 impostorarum
1453 3916 1586 3972 fuco
1641 3917 1917 3989 facerent,
1951 3925 2096 3979 Nero

448 3991 763 4062 utrumque
794 4003 986 4050 evocat
1019 4020 1034 4052 :
1063 4001 1119 4053 et
1147 4015 1302 4071 cum,
1333 4004 1488 4074 quod
1541 4005 1748 4063 melius
1797 4013 1942 4066 esset
1998 4011 2095 4066 di-

444 4074 663 4144 spicere
693 4095 810 4136 non
864 4087 1082 4153 posset,
1126 4090 1254 4144 tum
1307 4092 1564 4161 quidem,
1598 4099 1662 4150 ut
1716 4095 2093 4156 insolentium

2214 3383 2280 3454 δὴ
2329 3383 2506 3441 καίτοι
2555 3387 2690 3441 αὐτὰ
2731 3390 2830 3440 τοῦ
2891 3387 2986 3459 μὲν
3036 3386 3258 3456 ἀληθῶς
3306 3391 3403 3442 τοῦ
3443 3388 3590 3442 θείου
3632 3388 3852 3463 Πέτρου,

2215 3474 2462 3548 Σίμωνος
2520 3473 2576 3530 δὲ
2631 3473 2800 3550 ψευδῆ
2870 3476 3250 3554 φαννάζοντος,
3299 3477 3487 3550 Νέρων
3544 3477 3636 3532 καί
3691 3476 3852 3555 ἄμφω

2211 3562 2497 3621 εἷσεκάλει.
2552 3565 2772 3627 Ἰκανῶς
2830 3562 2888 3620 δὲ
2937 3569 3014 3639 μή
3057 3566 3169 3628 οἰός
3211 3586 3270 3620 τε
3319 3563 3392 3620 ὢν
3459 3565 3746 3643 διαγνῶναι
3790 3568 3852 3621 τὸ

2209 3659 2477 3726 κρεῖττον,
2508 3654 2598 3710 καὶ
2644 3655 2736 3709 τὸν
2785 3652 2968 3725 ἀληθῆ
3016 3659 3116 3710 τοῦ
3154 3655 3353 3731 γόητος
3395 3652 3685 3731 διακρῖναι,
3715 3659 3851 3719 τέως

2210 3743 2286 3807 ὡς
2361 3748 2556 3799 καινῶν
2620 3744 2912 3819 τεραστίων
2979 3741 3468 3820 ἐπιδημιουργοὺς,
3536 3747 3628 3801 καὶ
3685 3745 3851 3819 ἄμφω

2207 3833 2298 3887 τόν
2355 3854 2416 3888 τε
2478 3833 2680 3910 Πέτρον
2729 3835 2820 3889 καί
2882 3833 3107 3913 Σίμωνα
3161 3835 3283 3889 τότε
3337 3835 3431 3908 μὲν
3489 3840 3588 3903 τῆς
3627 3837 3855 3906 Ῥώμης

2207 3921 2402 3977 ὡσανεί
2449 3922 2686 3985 πλάνους
2752 3922 3042 3996 ἐξήλαυνεν
3077 3942 3088 3955 ·
3149 3921 3366 3999 ὕστερον
3402 3921 3480 3993 δὲ,
3520 3924 3709 3997 οἷάπερ
3755 3924 3847 3978 καί

2205 4010 2366 4072 αὐτὸς
2409 4007 2651 4085 βέϐηλος
2710 4011 2800 4066 καί
2856 4011 3095 4081 ἀνόσιος,
3129 4016 3206 4084 τῷ
3258 4006 3485 4087 βεϐήλῳ
3537 4013 3628 4066 καὶ
3680 4014 3849 4088 γόητι

2209 4098 2440 4173 μέλιστα
2473 4100 2686 4174 Σίμωνι
2717 4102 3045 4178 προσετέθη.

443 4165 845 4238 prodigiorum
891 4171 1214 4245 effectores,
1274 4179 1500 4249 ambos,
1557 4185 1834 4255 tanquam
1918 4205 2154 4246 errones
2206 4199 2262 4246 et
2317 4207 2571 4261 scurrae,
2614 4193 2799 4249 Roma
2871 4191 3122 4264 expellit.
3175 4192 3378 4250 Postea
3427 4197 3623 4250 autem
3715 4193 3845 4250 ani-

445 4269 606 4294 mum
659 4258 728 4294 nd
797 4258 1174 4294 ἱηηηηαιηι-ηηη
1243 4272 1294 4294 ..ι
1352 4269 1641 4294 :...__--_-___
1713 4275 1902 4294 n:,,,,
2187 4280 2199 4292 υ
2393 4285 2405 4294 .
2476 4282 2488 4293 .
2627 4283 2638 4293 .
2990 4285 2999 4294 .
3077 4281 3089 4294 .
3201 4283 3211 4293 .
3517 4282 3530 4294 .

443 4269 609 4313 mum
657 4258 732 4315 ad
797 4258 1178 4332 impostorem
1240 4272 1298 4323 et
1351 4269 1647 4342 impurum
1713 4275 2033 4349 Simonem,
2102 4280 2318 4353 quippe
2354 4285 2414 4338 et
2473 4258 2568 4354 ipe
2625 4283 2892 4355 impurus
2944 4258 3008 4338 et
3073 4281 3310 4354 impius,
3381 4282 3629 4339 maxime
3695 4299 3842 4340 con-

435 4342 600 4405 feret.

1017 4485 1246 4546 CAPUT
1273 4487 1516 4551 XXVIII.

443 4584 1171 4680 UI'Paulusfiierosolymis
1217 4617 1342 4680 cu_m
1377 4611 1555 4680 esset,
1586 4601 1698 4662 sese
1754 4606 1986 4680 tempori
2029 4613 2083 4666 et

510 4658 625 4753 ιοςο
652 4663 952 4753 prudenter
975 4658 1430 4753 accommodarit,
1456 4658 1524 4730 in
1540 4658 1890 4751 ἒὸᾗξιοιῖίίί

504 4734 734 4821 veterani
764 4735 900 4821 legis
928 4741 1274 4821 ritumpixit
1307 4762 1326 4799 .'
1355 4734 1486 4821 βίαι
1523 4734 1680 4820 graui
1707 4734 2084 4821 ὸᾶιέπαύίη-

503 4807 621 4894 ειαε
648 4822 683 4859 a
710 4809 932 4894 tribuite
962 4815 1459 4894 constantibundus,
1489 4807 1612 4892 qiiae
1658 4826 1714 4878 ei
1758 4807 2076 4894 acciderint,

503 4876 845 4966 (insemel-it:
874 4881 1012 4966 Item
1063 4889 1122 4966 ιιι
1169 4876 1474 4966 σῶεαιξεαήι
1499 4876 2080 4966 ἱιιῖρνᾷὲείᾶέήίηέὲίίί

502 4960 614 5002 cem
644 4951 717 5004 sit
736 4949 1018 5025 deductus,
1049 4957 1110 5011 in
1139 4962 1544 5036 custodiamque
1570 4949 1864 5039 conﬁctas“.

497 5070 734 5167 Eisdem
765 5079 1150 5151 temporibus,
1184 5085 1394 5144 Paulus
1436 5107 1554 5147 una
1591 5109 1722 5149 cum
1770 5095 2078 5167 discipulis

427 5163 569 5234 suis,
603 5164 863 5224 collectis
893 5171 1163 5243 sarcinis,
1195 5177 1455 5236 Cesarea
1494 5185 1756 5239 ascendit
1808 5185 2077 5242 Hieroso-

422 5249 581 5323 lyma
613 5269 627 5310 :
660 5261 719 5311 et
748 5257 842 5314 die
872 5264 1134 5331 sequenti
1165 5266 1238 5322 ad
1278 5267 1476 5325 divum
1516 5273 1798 5329 Jacobum
1857 5274 2075 5331 hierar-

421 5338 596 5436 Ehem
626 5349 684 5398 et
716 5347 1083 5420 presbyteros
1121 5355 1384 5426 veniens,
1417 5375 1515 5415 eos
1563 5361 1801 5434 salutat,
1834 5369 1891 5419 et
1946 5381 2072 5436 quae

417 5424 575 5524 Reus
607 5446 708 5500 per
737 5434 930 5524 ipsum
980 5442 1131 5512 apud
1187 5424 1389 5515 gentes
1446 5447 1754 5523 effecisset,
1787 5424 2069 5524 'exponit.

414 5513 507 5574 Illi
539 5532 707 5586 porro
738 5523 984 5592 gloriam
1045 5513 1305 5602 primum
1352 5535 1470 5594 Deo
1528 5513 1830 5599 ferebant:
1861 5513 2073 5601 deinde

414 5603 664 5698 Paulum
697 5610 1114 5698 admonebant,
1146 5638 1319 5694 quam
1346 5626 1600 5698 plurima
1658 5645 1787 5689 esse
1839 5633 2070 5690 Judst-

422 5710 554 5754 rum
587 5695 848 5760 ﬁdelium
883 5705 1084 5778 millia,
1119 5712 1220 5782 qui
1259 5695 1404 5786 legis
1433 5717 1554 5776 zelo
1586 5723 1644 5778 et
1701 5721 2066 5784 aemulatione

2809 4503 3067 4559 ΚΕΦΑΛ.
3108 4506 3220 4560 ΚΗ.

2192 4605 3842 4734 ὮςΠαῦλοςὲνἸεροσολύμοιςγενόὲιενοςωῖκονο-

2262 4679 3328 4734 μίαέγθήσατο.κατὰτὸνπάλαιν
3391 4676 3842 4734 μονπολιτευ-

2261 4676 3658 4768 μίᾳέγρήσατοξκατκὰτὸνπάλξαινόμιονποιλ
3680 4699 3843 4768 vis»:

2315 4752 2327 4768 Ι
2455 4745 2470 4755 ⁹
2687 4753 2701 4768 ι
2744 4754 2757 4768 ο
2853 4754 2865 4768 τ
2947 4753 2960 4768 1
3279 4753 3302 4768 Α
3365 4753 3376 4768 ι

2257 4745 3675 4840 σάμεν’ὸς’·καίὧςέιλύσειπεδηθείςβαρείρ
3717 4749 3838 4805 ῦπό

2341 4826 2367 4838 η
2487 4823 2506 4840 η
2585 4825 2593 4840 .
2937 4824 3010 4840 μ,
3169 4825 3180 4839 .
3353 4824 3366 4840 ε
3640 4839 3646 4840 ,

2253 4826 2370 4878 τοῦ
2401 4823 2805 4913 χιλιάρχου,
2833 4823 3086 4913 διεξῄειι
3117 4825 3193 4879 τὰ
3223 4824 3370 4909 κατξ
3397 4823 3842 4913 αὐτὸνβημηο

2258 4893 2845 4985 γξορῶξᾘαξῶςξίς
2867 4893 3382 4985 Καισάρειανρῷ
3409 4893 3841 4985 ᾑγεμόνῄιὲή-

2253 4965 2398 5023 λικι
2440 4965 2853 5048 διεπέμφθη,
2877 4965 3146 5024 κάκεῖσε
3178 4965 3439 5046 φυλακῇ
3472 4965 3836 5041 πυρεδύθη.

2262 5093 2484 5158 Τούτοις
2531 5092 2597 5163 δὴ
2643 5100 2759 5156 τοῖς
2807 5097 3033 5173 χρόνοις
3085 5095 3174 5148 καὶ
3223 5092 3437 5153 Παῦλος
3480 5091 3585 5144 ἀπὸ
3628 5096 3837 5144 Καισα-

2193 5183 2336 5258 ρείας
2369 5186 2582 5259 σύναμα
2622 5189 2739 5246 τοῖς
2791 5184 2957 5240 αὺτοῦ
3010 5185 3273 5256 μαθηταῖς
3323 5180 3837 5252 ἐπισκευασάμενοι,

2186 5272 2446 5347 ἀνέϐησαν
2505 5276 2581 5340 εἰς
2628 5273 3005 5349 Ἱεροσόλυμα.
3065 5277 3142 5347 Τῇ
3193 5270 3240 5327 δ’
3292 5269 3534 5343 ἐπιούσῃ,
3568 5268 3708 5341 πρὸς
3738 5270 3833 5324 τὸν

2184 5364 2328 5419 θεῖον
2378 5367 2644 5440 ἱεράρχην
2696 5359 2952 5420 Ἰάκωϐον
3004 5363 3092 5419 καὶ
3138 5362 3263 5424 τοὺς
3313 5353 3708 5450 πρεσϐυτέρους
3741 5357 3835 5414 ἰλ-

2183 5454 2312 5528 θὼν,
2341 5457 2639 5528 ἠσπάζετο,
2672 5455 2964 5529 ἐπιφέρων,
2994 5454 3084 5509 καὶ
3120 5453 3179 5507 ἃν
3209 5455 3336 5512 Θεὸς
3377 5447 3448 5504 δι’
3495 5448 3662 5503 αὐτοῦ
3713 5453 3833 5510 τοῖς

2179 5537 2352 5599 ἔθνεσι
2408 5545 2797 5620 κατεπράξατο.
2829 5544 2927 5600 Καὶ
2976 5543 3192 5634 τὰᾉμὶν
3490 5535 3642 5634 δόξα]

2179 5653 2273 5709 γον
2330 5639 2445 5708 Θεῷ
2479 5653 2491 5668 ·
2543 5635 2660 5691 εἶτα
2714 5634 3011 5709 παρῄννυν,
3044 5632 3119 5695 ὡς
3180 5628 3392 5687 Πολλαὶ
3429 5623 3689 5703 μυριάδες
3717 5623 3831 5681 τῶν

2178 5725 2573 5783 πιστευσάντων
2631 5720 2910 5783 Ἰουδαίων
2959 5723 3058 5780 εἰσί
3117 5720 3272 5796 ζήλῳ
3325 5722 3423 5776 τοῦ
3459 5716 3655 5791 ’νόμου
3704 5737 3833 5774 vut-
