4070 6274
408 361 522 422 831

1703 365 2126 430 NICEPHOBI
2170 363 2514 426 GALLISTI

3687 362 3820 423 832

414 493 737 566 equilibus,
785 495 1044 553 divinum
1099 498 1414 555 committit
1464 501 1823 572 Apostolum,
1875 507 1940 559 ut
1983 507 2156 559 noclu
2195 499 2485 571 jumentis
2532 496 2864 568 vehentem,
2912 497 3227 554 Cesaream
3274 513 3408 554 cum
3451 496 3695 569 epistola
3737 499 3814 553 ad

413 584 660 642 Felicem
709 587 1004 644 ducerent.
1056 589 1122 644 Et
1172 589 1286 657 ille,
1337 607 1468 647 cum
1517 608 1616 648 eos
1679 594 1773 665 qui
1840 592 2252 663 Hierosolymis
2312 590 2629 658 venissent,
2683 587 3029 660 excepisset,
3088 591 3672 659 exspectaturumque
3724 603 3817 656 se,

413 675 514 746 qui
546 692 678 733 eum
711 686 1072 749 accusarent,
1105 680 1368 752 dixisset,
1401 682 1458 738 in
1489 681 1731 740 Herodis
1767 683 2028 756 praetorio
2061 682 2336 740 asservari
2366 679 2530 736 illum
2555 678 2745 750 jubet.

998 813 1224 869 CAPUT
1263 811 1457 871 XXIX.

417 916 735 995 Ut_P_auI_us
781 934 907 995 cum
948 921 1024 976 eis
1071 924 1165 992 qui
1221 923 1607 995 Hierosolymis
1662 931 1952 990 venerant,
2007 939 2062 979 se

482 987 772 1058 defendens
817 987 1138 1060 disputarit.
1192 995 1261 1050 De
1307 987 1487 1052 Felici
1519 1004 1572 1052 et
1603 997 1846 1052 Drusilla
1875 1017 1894 1052 :
1926 987 2062 1051 item

483 1061 548 1116 de
592 1062 904 1143 Festo,_qui
949 1066 1442 1143 FeliciLsaccessit,
1490 1069 1634 1142 apud
1685 1086 1844 1142 quem
1891 1069 2065 1124 libere

483 1148 650 1189 causa
678 1135 848 1204 dicta,
871 1138 1166 1208 appellavit
1197 1139 1500 1196 Caesarem.

484 1315 754 1390 Quinque
791 1319 915 1376 dies
958 1317 1358 1386 intercessere,
1415 1337 1544 1378 cum
1577 1321 1838 1379 seniores
1871 1323 2066 1379 Hiero-

413 1405 658 1478 solymis
706 1423 772 1464 eo
821 1408 1082 1476 veniunt,
1133 1411 1386 1467 Ananiae
1442 1411 1723 1482 pontifex,
1773 1416 1829 1467 et
1871 1415 2065 1468 orator

415 1495 657 1566 quidam
707 1497 1004 1555 Tertullus
1056 1502 1290 1556 nomine
1333 1516 1346 1556 :
1399 1501 1500 1573 qui
1551 1517 1684 1558 cum
1735 1501 1848 1556 alia
1878 1499 2066 1556 multa

415 1583 616 1654 Paulo,
665 1603 970 1658 accusans,
1013 1589 1183 1663 nugis
1234 1591 1359 1647 suis
1399 1595 1456 1646 et
1483 1590 1828 1663 eloquentiae
1856 1607 2063 1646 conve-

415 1675 635 1731 nientia
663 1677 863 1748 objicit
897 1694 911 1734 ε
964 1683 1090 1735 tum
1147 1684 1213 1735 ut
1261 1680 1603 1752 pestiferum
1635 1689 1690 1737 et
1717 1680 2062 1737 seditiosum

418 1764 719 1822 hominem
769 1768 1040 1826 conviciis
1085 1770 1426 1842 proscindit,
1475 1771 1878 1842 profanantem
1918 1786 2062 1826 san-

421 1859 580 1910 ctum
613 1861 671 1912 et
698 1858 982 1930 templum
1014 1859 1232 1932 ipsum.
1269 1861 1511 1933 Insuper
1549 1861 1749 1931 etiam,
1782 1860 1977 1933 magni
2009 1864 2066 1916 et

422 1945 620 2016 gravis
668 1947 933 2004 criminis
981 1948 1106 2006 loco
1151 1950 1368 2021 adjicit,
1420 1951 1865 2024 antesignanum
1907 1951 2064 2006 hunc

424 2049 554 2092 esse
601 2035 1026 2096 Nazarenorum
1079 2044 1268 2098 sectae.
1316 2042 1530 2099 Paulus
1580 2058 1708 2100 vero
1754 2042 1920 2098 facile
1949 2043 2064 2098 cri-

423 2124 678 2182 minibus
732 2126 862 2184 aliis
913 2128 1167 2186 oratione
1215 2131 1373 2187 suavi
1415 2131 1749 2200 confutatis,
1781 2130 1971 2187 colere
2001 2145 2064 2186 se

421 2213 629 2284 Deum,
657 2216 821 2287 juxta
849 2235 975 2275 eam
1008 2237 1184 2291 quam
1238 2220 1324 2275 illi
1356 2220 1638 2277 dixissent
1670 2225 1924 2277 sectam:
1957 2235 2062 2276 ne-
2095 2201 2140 2267 B

422 2321 536 2375 que
583 2322 647 2362 se
695 2307 768 2364 iis
816 2325 942 2380 quea
998 2309 1057 2365 in
1102 2309 1228 2383 lege
1258 2315 1360 2366 aut
1396 2311 1691 2383 prophetis
1721 2311 1860 2381 sint,
1891 2309 2065 2367 dictis

421 2395 734 2467 refragari;
783 2414 967 2470 neque
1011 2399 1177 2455 aliter
1225 2415 1400 2472 quam
1446 2405 1813 2457 accusatores
1861 2399 2061 2456 convi-

421 2483 778 2556 ciatoresque
817 2503 958 2544 suos
989 2489 1220 2545 credere
1261 2491 1634 2546 constituisse
1666 2507 1680 2546 :
1715 2491 2064 2546 annuntiare

418 2573 592 2629 etiam
620 2579 986 2632 mortuorum
1021 2577 1120 2649 qui
1150 2579 1237 2634 vel
1286 2579 1400 2651 pie,
1439 2579 1527 2635 vel
1559 2580 1738 2652 impie
1765 2579 2062 2644 vixissent,

419 2664 926 2733 resurrectionem,
963 2685 1079 2740 qua
1111 2667 1182 2724 de
1210 2684 1270 2725 re
1299 2669 1673 2741 potissimum
1703 2669 1762 2725 in
1797 2670 2063 2742 praesenti

417 2755 899 2824 causajudicium
925 2757 1020 2820 sit,
1046 2758 1367 2829 proﬁtetur.
1387 2760 1612 2824 Quibus
1632 2760 1871 2828 auditis,
1908 2761 2066 2817 Felix

413 2844 706 2914 judicium
745 2847 814 2901 ad
847 2846 1026 2917 Lysiae
1056 2849 1280 2904 tribuni
1311 2850 1624 2906 adventum
1655 2852 2065 2923 comperendi-

421 2937 540 2988 nat.
559 2935 668 3000 Qui
698 2935 974 2993 tribunus
1000 2938 1439 3010 quamprimum
1462 2941 1984 3007 venisset,causam
2003 2956 2066 2996 se

420 3021 627 3079 iterum
681 3025 1020 3083 auditurum
1069 3028 1233 3085 dicit.
1273 3029 1515 3084 Paulum
1547 3038 1738 3086 autem
1777 3031 1836 3086 in
1868 3033 2067 3087 custo-

422 3112 581 3168 diam
614 3114 817 3185 mittit,
854 3133 1044 3189 ncque
1073 3134 1425 3191 quemquam
1449 3121 1520 3176 ad
1543 3137 1676 3177 eum
1709 3121 1889 3190 adire,
1921 3138 2068 3192 qua:-

423 3218 537 3274 que
550 3201 600 3258 ei
616 3203 745 3260 usui
759 3210 977 3274 essent,
992 3207 1434 3266 subministrare
1445 3210 1754 3279 volentem,
1777 3210 2061 3284 prohibet.

424 3291 704 3348 Caeterum
737 3294 909 3364 paulo
939 3301 1072 3368 post
1103 3297 1260 3354 Felix
1292 3316 1408 3354 una
1440 3316 1570 3355 cum
1605 3300 1860 3358 Drusilla
1891 3317 2065 3358 uxore

425 3383 775 3439 accersitum
807 3385 1074 3454 Paulum,
1099 3387 1170 3443 de
1192 3387 1492 3445 salutifero
1523 3390 1696 3446 verbo
1716 3391 2066 3448 concionan-

425 3478 542 3528 tem
572 3473 752 3530 audit.
785 3477 989 3547 Itaque
1021 3481 1177 3534 metu
1208 3494 1277 3535 ex
1301 3479 1578 3536 concione
1608 3482 1736 3552 ejus
1767 3485 2065 3553 concepto,

2086 819 2140 886 Α

2773 815 3037 866 ΚΕΦΑΛ.
3081 810 3205 866 ΚΘ¹.

2172 923 2272 984 Ὦς
2308 918 2682 994 [διει-λέχθη
2740 920 2768 974 ὁ
2829 917 3086 994 Παῦλος
3141 921 3288 994 τοῖς
3348 916 3406 987 ἐξ
3447 913 3813 994 Ἱεροσολύ·

2247 988 2380 1066 μων
2437 988 2680 1061 ἥκουσι
2735 992 2845 1066 καὶ
2905 991 3055 1066 περὶ
3095 988 3402 1066 Φήλ-ικος
3454 988 3565 1066 καὶ
3604 998 3812 1066 Apon-

2244 1059 2491 1136 σίλλης
2532 1064 2640 1118 καὶ
2681 1059 3448 1136 Φήστουίὸς-διάδοχος
3491 1062 3569 1130 ἧν
3609 1059 3813 1136 Φήλι-

2240 1156 2388 1213 κος·
2423 1132 2530 1213 ἐφ’
2567 1137 2642 1213 οὗ
2679 1134 2941 1213 ῌ-αῆλος
2978 1132 3639 1211 παρρησιασάμενος,
3680 1132 3813 1188 ἐπε-

2235 1207 2508 1264 καλεῖτο
2546 1209 2657 1263 τὸν
2697 1207 3012 1281 Καίσαρα.

2243 1314 2404 1372 Πέντε
2450 1315 2650 1392 ἡμέραι
2703 1315 2765 1371 τὸ
2818 1314 2868 1387 ἐξ
2918 1312 3122 1369 ἐκείνου
3169 1313 3343 1383 ἦσαν’
3391 1313 3486 1367 καὶ
3524 1305 3808 1388 πρεσϐύτε-

2172 1427 2258 1484 ροι
2304 1405 2504 1462 ἐκεῖθεν
2547 1406 2706 1474 ἧκον,
2759 1403 3004 1466 Ἀνανίας
3049 1424 3107 1459 τε
3155 1403 3183 1458 ὁ
3234 1401 3546 1479 ἀρχιερεὺς,
3570 1402 3661 1457 καὶ
3705 1403 3810 1476 ῥή-

2167 1517 2280 1572 τωρ
2313 1517 2395 1558 τις
2425 1493 2693 1570 Τέρτυλος
2726 1493 2901 1567 ὄνομα
2925 1513 2938 1525 ·
2972 1495 3032 1556 ὃς
3062 1493 3153 1548 καὶ
3184 1491 3330 1548 ἄλλα
3382 1494 3476 1567 μὲν
3526 1495 3624 1547 τοῖ’)
3672 1492 3812 1547 Παύ-

2172 1585 2274 1642 λου
2321 1589 2642 1661 κατηγορῶν
2687 1584 2776 1655 ἦν,
2815 1583 2939 1654 ἄξια
2992 1589 3094 1652 τῆς
3149 1582 3352 1639 ἐκείνου
3401 1583 3670 1661 φλυαρίας
3718 1581 3811 1635 καὶ

2170 1677 2533 1746 πιθανότητος
2558 1694 2570 1707 ·
2605 1673 2738 1737 τέως
2768 1695 2830 1751 γε
2865 1675 2970 1747 μὴν
3019 1674 3092 1736 ὡς
3140 1672 3339 1746 λοιμὸν
3387 1673 3478 1727 καὶ
3537 1667 3808 1740 στασιώδη

2173 1764 2530 1842 ἐλοιδορεῖτο,
2567 1760 2912 1839 βεϐηλοῦντά
2939 1784 2998 1819 τε
3043 1764 3105 1817 τὸ
3155 1764 3304 1839 ἅγιον
3363 1763 3452 1816 καὶ
3507 1762 3572 1817 τὸ
3627 1761 3809 1835 ἱερόν·

2169 1856 2260 1911 καὶ
2311 1857 2386 1919 ὡς
2437 1856 2573 1930 μέγα
2619 1876 2672 1910 τι
2731 1852 2903 1909 δεινὸν
2961 1850 3371 1927 προσωνείδιζε,
3421 1849 3809 1926 πρωτοστάτην

2173 1945 2352 2022 λέγων
2411 1946 2542 2000 εἶναι
2593 1949 2784 2001 τοῦτον
2838 1950 2938 2013 τῆς
2981 1941 3312 2018 Ναζωραίων
3358 1943 3635 2017 αἱρέσεως,
3676 1944 3813 1994 Παῦ-

2173 2035 2270 2098 λος
2303 2033 2362 2090 δὲ
2389 2034 2456 2091 τα
2488 2036 2581 2109 μὶν
2621 2033 2764 2090 ἄλλα
2816 2031 3016 2109 ῥᾳδίως
3058 2032 3376 2100 ἂπεωθεῖτο,
3405 2027 3614 2102 ἡδίστῳ
3659 2029 3813 2106 λόγῳ

2173 2123 2635 2200 διακρουόμενος·
2698 2123 2971 2199 λατρεύειν
3034 2119 3091 2177 δὲ
3153 2126 3271 2194 Θεῷ
3325 2122 3442 2176 καθ’
3499 2122 3561 2190 ἣν
3615 2119 3812 2174 ἐκεῖνοι

2169 2213 2365 2293 ἔφασαν
2410 2213 2611 2290 α’ίρεσιν
2645 2213 2952 2289 ὡμολόγει,
2987 2211 3116 2285 μηδ’
3146 2211 3254 2266 ἄπο
3285 2215 3392 2266 τῶν
3436 2209 3488 2265 ἒν
3519 2210 3676 2282 νόμῳ
3719 2209 3811 2263 καὶ

2170 2306 2478 2384 προφήταις
2509 2303 2806 2379 εἷρημένῶν
2841 2299 2897 2357 ὅν
2929 2321 2943 2335 ·
2986 2301 3178 2372 ἐπίσης
3224 2321 3283 2357 τε
3324 2304 3444 2362 τοῖς
3494 2297 3812 2373 λοιδοροῦσι

2172 2395 2442 2452 πιστέύειν
2518 2395 2823 2467 αἱρεῖσθαιο
2881 2387 3192 2468 πρεσϐεύειν
3270 2412 3328 2446 τε
3397 2389 3490 2446 καὶ
3549 2391 3650 2459 τὴν
3705 2393 3810 2444 τῶν

2171 2489 2375 2560 νεκρῶν
2426 2484 2793 2555 ἐξανάστασιν,
2835 2486 2942 2538 τῶν
2991 2502 3051 2537 τε
3109 2479 3269 2542 ὁσίως
3320 2474 3675 2555 βεϐιωκότων
3723 2479 3813 2533 καὶ

2177 2578 2285 2653 μή·
2327 2577 2459 2651 ὑπὲρ
2507 2576 2571 2630 οὗ
2621 2574 2712 2630 καὶ
2754 2575 2855 2644 τὴν
2908 2571 3062 2644 δίκην
3105 2570 3342 2646 μάλιστα
3368 2570 3553 2643 τούτῳ
3609 2568 3814 2639 ταύτην

2171 2665 2436 2744 γενέσθαι.
2468 2667 2561 2719 Ὧν
2613 2661 2916 2738 εἰρημένων
2978 2659 3156 2730 Φῆλιξ
3207 2658 3459 2726 ἀκούσας,
3515 2658 3816 2729 ὗπερετίθει

2172 2757 2271 2825 τὴν
2303 2754 2503 2830 κρίσιν,
2533 2754 2736 2809 Λυσίαν
2769 2752 2859 2806 τὸν
2911 2749 3209 2826 χιλίαρχον
3259 2745 3579 2822 ἐκδέχεσθαι
3611 2747 3776 2801 εἰπών
3799 2765 3812 2777 ⁸

2175 2847 2236 2902 οὗ
2265 2846 2498 2915 ἥκοντος
2537 2843 2660 2899 ὅσον
2692 2839 2826 2913 ἤδη,
2856 2841 2928 2896 τὰ
2973 2844 3078 2896 τῶν
3124 2838 3302 2914 λόγων
3351 2836 3508 2900 αὖθις
3552 2835 3816 2912 γενέσθαι.

2173 2934 2278 2991 Καὶ
2311 2937 2521 3012 φρουρᾷ
2568 2933 2660 3007 μὶν
2706 2933 2796 2986 τὸν
2851 2928 3068 2986 Παῦλον
3109 2925 3328 2984 ἐδίδουο
3363 2927 3559 2997 ἥκιστα
3604 2923 3651 2980 δ’
3677 2923 3816 2978 ἐκώ-

2173 3021 2272 3080 λυε
2299 3027 2390 3080 τὸν
2423 3022 2760 3100 βουλόμενον
2792 3018 3073 3096 προσιέναι
3102 3038 3160 3074 τε
3205 3017 3296 3074 καὶ
3343 3019 3406 3073 τὸ
3455 3017 3581 3090 πρὸς
3619 3013 3808 3089 χρείαν

2172 3115 2362 3188 ἐκείνῳ
2426 3115 2734 3186 ὑπηρετεῖν.
2796 3113 2923 3169 Μετ’
2979 3111 3164 3185 ὀλίγον
3237 3107 3297 3165 δὲ
3370 3106 3548 3178 Φῆλιξ
3605 3107 3816 3178 σύναμα

2175 3202 2487 3281 Δρουσίλλῃ
2518 3209 2589 3279 τῇ
2631 3202 2866 3280 γυναικὶ,
2898 3201 2988 3256 τὸν
3041 3200 3257 3256 Παῦλον
3313 3196 3813 3273 μεταστειλάμενοι,

2173 3293 2372 3367 ἤκουον
2409 3295 2501 3350 τὸν
2544 3295 2812 3368 σωτήριον
2861 3290 3032 3367 λόγον
3077 3288 3360 3363 διεξιόντα.
3397 3289 3558 3350 Δέους
3593 3284 3650 3342 δὲ
3679 3284 3814 3354 πλη-

2173 3387 2342 3453 σθεὶς,
2372 3383 2552 3458 ἠρέμα
2607 3387 2796 3440 τοῦτον
2851 3379 3075 3451 ἀπέλυε,
3100 3379 3190 3436 καὶ
3245 3381 3350 3449 τὴν
3390 3377 3573 3434 πίστιν
3623 3369 3810 3430 λαϐεῖν

2175 3475 2274 3530 οὐκ
2301 3473 2522 3542 ἐθέλων,
2551 3474 2816 3548 χρήματα
2860 3468 3166 3546 προσεδόκα
3205 3466 3476 3543 λήψεσθαι
3506 3486 3521 3502 ·
3564 3463 3634 3520 δι’
3665 3465 3694 3518 ’ὁ
3724 3463 3815 3519 καὶ

429 3561 586 3651 Felix
616 3564 899 3634 paulatim
940 3583 1066 3623 eam
1097 3567 1447 3626 abeolvebat.
1478 3570 1904 3627 Professionem
1933 3552 2066 3626 vero

2182 3568 2419 3638 συνεχῶς
2479 3556 3406 3651 μεταπεμπόμενος,ῌὴδέωςᾼπρὸς
3465 3556 3666 3632 λόγους

429 3649 562 3706 ﬁdei
592 3653 887 3725 suscipere
917 3656 1141 3724 nolens,
1192 3658 1470 3730 pecunias
1509 3674 1572 3716 se
1601 3659 1672 3716 ab
1702 3676 1768 3716 eo
1799 3663 2067 3732 acceptu-

430 3757 560 3798 rum
593 3745 864 3815 sperabat
891 3761 905 3802 :
929 3763 1177 3820 eamque
1206 3749 1279 3805 ob
1310 3766 1549 3807 causam
1585 3752 1918 3822 frequenter
1937 3767 2073 3807 cum

427 3845 494 3888 eo
525 3833 706 3890 accito
756 3835 1098 3893 familiarius
1147 3837 1545 3912 libentiusque
1592 3856 1893 3897 sermones
1933 3856 2072 3896 con-

429 3922 666 3978 ferebat.
710 3924 1012 3984 Enimvero
1065 3928 1300 3986 biennio
1348 3939 1567 4000 exacto,
1599 3932 1832 3988 Portius
1865 3932 2072 3988 Festus

427 4028 461 4066 a
489 4011 715 4068 Nerone
744 4030 1042 4072 successor
1073 4016 1248 4075 Felici
1278 4020 1534 4076 mittitur
1558 4037 1572 4077 :
1597 4022 1695 4093 qui
1731 4037 1863 4078 cum
1895 4022 2073 4080 Caesa-

429 4117 529 4156 rea
557 4100 950 4176 Hierosolyma
997 4109 1353 4178 ascenderet,
1399 4110 1654 4166 Ananiae
1699 4110 1975 4182 pontifex,
2008 4112 2074 4165 ut

429 4189 675 4246 Paulum
725 4206 792 4248 eo
835 4201 1064 4250 vocaret
1095 4200 1256 4266 rogat
1287 4213 1301 4254 :
1335 4198 1490 4254 182
1521 4215 1587 4254 eo
1619 4198 1897 4255 nimirum
1928 4215 2074 4256 con-

432 4278 585 4350 silio,
618 4282 682 4335 ut
711 4279 771 4336 in
803 4281 1006 4339 itinere
1039 4283 1188 4340 clam
1222 4286 1368 4343 ferro
1397 4287 1499 4344 ille
1533 4306 1567 4344 a
1598 4288 1918 4360 conjuratis
1951 4297 2073 4346 tru-

431 4367 739 4426 cidaretur.
776 4371 978 4430 Festus
1005 4374 1338 4445 petitionem
1364 4393 1491 4433 eam
1516 4377 1804 4449 rejiciens,
1829 4394 1925 4436 eos
1946 4378 2073 4434 Cas-

427 4475 678 4530 saream,
708 4460 806 4516 ubi
841 4465 1227 4521 controversia
1257 4465 1640 4536 decideretur,
1663 4468 1858 4524 venire
1881 4467 2068 4540 jubet.

427 4548 504 4607 Eo
530 4566 660 4607 cum
692 4550 898 4610 Festus
926 4556 982 4610 et
1013 4554 1331 4626 presbyteri
1371 4557 1691 4628 venissent,
1723 4558 1939 4614 Paulus
1969 4574 2070 4630 pro

424 4638 703 4697 tribunali
733 4642 984 4699 crimina
1013 4643 1122 4700 sibi
1155 4645 1225 4700 ab
1256 4646 1342 4702 eis
1372 4647 1617 4718 objecta,
1639 4650 1920 4720 tanquam
1945 4663 2068 4703 ara—

426 4743 664 4785 nearum
713 4730 892 4788 telam
942 4731 1131 4803 solvit,
1166 4735 1312 4790 nihil
1343 4751 1407 4792 se
1434 4735 1522 4792 vel
1553 4736 1616 4792 in
1645 4735 1859 4808 legem,
1889 4735 1978 4815 vel
2010 4735 2070 4791 in

427 4820 708 4892 templum
739 4823 1047 4883 admisisse
1080 4826 1473 4898 pulcherrime
1522 4828 1954 4884 demonstrans.
1989 4832 2068 4883 Ac

426 4909 629 4967 Festus
659 4912 923 4984 quidem,
972 4918 1037 4970 ut
1064 4915 1284 4972 Judaeis
1314 4917 1767 4989 gratiﬁcaretur,
1797 4918 2070 4974 Hieroso-

2181 3673 2333 3729 χετο.
2371 3653 2586 3717 Διετίας
2633 3649 2690 3707 δὲ
2716 3649 3125 3726 πληρωθείσης,
3162 3649 3398 3724 Πόρκιος
3444 3653 3662 3717 Φῆστος
3717 3645 3819 3699 ὑπὸ

2178 3742 2433 3819 Νέρωνος
2491 3739 2754 3820 διάδοχος
2812 3739 3062 3818 ἐπέμφθη
3128 3737 3399 3810 Φήλικος.
3432 3738 3500 3816 ᾮ
3547 3735 3653 3790 ἀπὸ
3699 3740 3821 3790 Καιο

2181 3833 2396 3905 σαρείας
2469 3832 2544 3894 εἷς
2603 3829 2961 3906 Ἰεροσόλυμα
3034 3823 3316 3899 ἀναϐάντι,
3375 3827 3428 3882 oi
3500 3823 3625 3900 περί
3685 3825 3828 3880 Ἀνα-

2177 3923 2288 3979 νίαν
2335 3925 2426 3979 τὸν
2473 3923 2740 3998 ἱεράρχην
2781 3919 2990 3992 ἠξίουν,
3019 3917 3094 3982 εἷς
3133 3915 3490 3992 Ἱεροσόλυμα
3535 3915 3627 3971 τὸν
3687 3918 3828 3969 H16-

2180 4011 2276 4069 λον
2319 4012 2506 4068 καλεῖν
2532 4031 2544 4044 ·
2581 4012 2655 4073 ὡς
2694 4010 2755 4066 ἄν
2796 4031 2857 4088 γε
2903 4011 3041 4065 κατὰ
3086 4009 3184 4078 τὴν
3239 4004 3389 4079 ὁδὸν,
3419 4011 3600 4081 κρύφα
3629 4001 3826 4078 διαχει-

2181 4104 2390 4178 ρισθείη
2435 4107 2515 4175 τῷ
2558 4101 2697 4180 ξίφει
2746 4101 2882 4175 πρὸς
2929 4104 3040 4156 τῶν
3083 4101 3434 4170 συνωμοτῶν.
3467 4096 3572 4152 Τὸν
3605 4101 3821 4164 Φῆστον

2182 4189 2240 4248 δὲ
2296 4191 2620 4248 ἀπείπασθαι
2673 4191 2773 4262 τήν
2820 4189 3075 4261 ἀξίωσινο
3125 4186 3366 4250 ἐκείνους
3425 4183 3483 4241 δὲ
3523 4188 3592 4259 τῇ
3638 4191 3825 4240 Καισα-

2182 4282 2298 4359 ρείᾳ
2362 4277 2722 4357 προσϐαλεῖν,
2789 4281 2879 4334 καί
2955 4279 3017 4334 τὸ
3091 4273 3403 4356 ἀμφίϐολον
3485 4273 3819 4332 διαλύεσθαι.

2179 4374 2332 4431 Ἐπεὶ
2383 4369 2440 4428 δὲ
2488 4379 2707 4442 Φῆστος
2749 4369 2838 4427 καὶ
2886 4370 2950 4425 τὸ
2998 4364 3386 4446 πρεσϐυτέριον
3417 4369 3576 4437 ἧκον,
3607 4364 3694 4420 ἐπὶ
3730 4366 3824 4439 βήο

2182 4484 2352 4542 ματος
2411 4460 2627 4525 Παῦλος
2671 4460 2738 4519 τὰ
2788 4462 2916 4535 παρ’
2946 4458 3162 4516 ἐκείνων
3219 4457 3540 4535 εἰσαγόμενα
3579 4456 3651 4518 ὡς
3676 4454 3821 4509 ἱστὸν

2180 4555 2428 4630 ἀράχνης
2483 4551 2683 4624 διέλυε,
2730 4547 2898 4624 μηδέν
2958 4570 3012 4605 τι
3072 4547 3526 4624 ἐξημαρτηκέναι,
3569 4543 3691 4601 οὔτε
3745 4544 3822 4607 είς

2175 4647 2266 4701 τὸν
2299 4645 2492 4716 νόμον,
2525 4639 2649 4697 οὔτε
2682 4641 2790 4714 μὴν
2819 4639 2895 4704 εἷς
2932 4640 2996 4695 τὸ
3043 4638 3191 4714 ἱερὸν
3242 4636 3562 4700 ἀποδεικνὺς
3613 4635 3820 4707 ἄριστα.

2179 4734 2281 4793 Καὶ
2341 4739 2559 4802 Φῆστος
2620 4732 2714 4804 μὲν
2776 4727 3064 4792 Ἰουδαίοις
3121 4730 3510 4807 χαριζόμενος,
3540 4725 3617 4788 εἷς
3672 4727 3822 4798 Ἱερο·

2181 4823 2398 4897 σόλυμα
2427 4816 2725 4876 ἀναϐαίνειν
2755 4819 2846 4875 τὸν
2877 4816 3094 4875 Παῦλον
3139 4815 3342 4894 ἔλεγεν.
3376 4819 3432 4873 '0
3483 4813 3527 4872 δ’
3572 4815 3821 4888 ἀπηξίου,

2178 4913 2267 4969 ἐπὶ
2323 4917 2404 4984 τῷ
2459 4910 2727 4985 Καίσαρος
2790 4910 2998 4986 βήματι
3056 4910 3386 4982 παρεστάναι
3435 4907 3826 4986 φάσκων.Ἒνο

425 4998 581 5071 lyma
614 4973 858 5060 Paulum
891 4973 1201 5062 venturum
1233 4973 1360 5062 esse
1397 5006 1556 5063 dicit.
1592 4973 1815 5065 ldvero
1844 4973 1952 5064 ille
1975 4973 2066 5064 de-

2181 5006 2266 5059 θεν
2326 4973 2508 5056 ούδενὶ
2563 4973 2732 5070 tatam
2790 4973 3039 5078 'xapiﬁetv
3101 4994 3388 5058 Ἰουδαίοις
3433 4992 3601 5062 ἄνδρα
3648 4993 3826 5050 ἐπικα-

424 5095 713 5161 precatur,
737 5096 805 5150 ad
824 5095 1063 5152 Caesaris
1085 5096 1340 5153 tribunal
1364 5113 1426 5154 se
1447 5102 1738 5154 staturum
1756 5101 2065 5156 attestans.

423 5179 653 5237 Nemini
711 5187 930 5256 quippe
978 5185 1059 5242 fas
1104 5203 1252 5259 esse,
1303 5187 1604 5244 hominem
1655 5189 1726 5244 ad
1783 5188 2068 5245 Cesarem

426 5279 855 5343 provocantem,
878 5276 1099 5332 Judssis
1131 5291 1230 5348 per
1259 5279 1508 5349 gratiam
1541 5279 1777 5336 donare.
1802 5279 1885 5334 Ad
1916 5278 2071 5334 hunc

426 5361 666 5418 modum
713 5379 849 5422 cum
895 5364 1110 5423 Paulus
1141 5367 1348 5425 techna
1377 5369 1628 5440 quadam
1661 5369 1895 5426 Festum
1929 5385 2067 5424 con-

2181 5091 2449 5166 λούμενον
2510 5091 2774 5163 Καίσαρα.
2833 5087 2988 5144 Οὕτω
3041 5091 3137 5143 τοῦ
3190 5086 3410 5144 Παύλου
3453 5086 3624 5164 τέχνῃ
3668 5105 3828 5141 κατα-

2183 5183 2411 5257 σχόντος
2479 5181 2570 5234 τὸν
2619 5186 2863 5250 Φῆστον,
2925 5177 3124 5240 ἐκεῖνος
3176 5176 3359 5250 σκέψει
3426 5173 3550 5236 δοὺς
3606 5175 3674 5229 τὰ
3729 5179 3822 5230 τοῦ

2181 5271 2523 5348 πράγματος,
2608 5270 2871 5344 Καίσαρα,
2951 5267 3136 5347 φησὶν,
3224 5264 3579 5335 ἐπικέκλησαι
3614 5283 3627 5298 ·
3688 5265 3823 5340 πρὸς

2183 5361 2423 5437 Καίσαρα
2451 5361 2712 5438 πορεύσῃ.

426 5451 775 5518 strinxisset.
827 5458 924 5516 ille
977 5474 1039 5518 re
1089 5458 1152 5518 in
1207 5459 1514 5520 consilium
1566 5459 1750 5518 relata
1799 5463 1970 5533 atque
2023 5455 2366 5526 deliberata,
2415 5455 2678 5525 tandem,
2726 5452 3036 5526 Caesarem,
3093 5451 3306 5523 inquit,
3364 5447 3700 5522 appellasti,
3756 5447 3828 5504 ad

427 5541 710 5604 (ἔδεαι-σω
739 5545 875 5606 ibis.
