4070 6274
173 411 288 476 833
628 422 633 433 '
1182 402 1803 502 ΕοοιΕειΑδΤιολΕ
1844 401 2244 466 EISTORUE
2285 403 2436 467 LIB.
2484 403 2559 466 ΙΙ.

813 542 1067 597 ΚΕΦΑΛ.
1103 543 1179 597 Λ’.
1845 599 1848 607 .

2530 538 2761 596 CAPUT
2801 538 2965 596 XXX.

177 633 329 711 Περὶ
368 629 705 712 Ἀγρίππα
752 630 859 686 καὶ
914 628 1265 712 Βερνίκης,
1310 630 1594 712 καὶ-ιτῆς
1652 627 1815 704 πρὸς

1959 630 2000 686 ιε
2031 628 2271 703 Agrippa
2317 634 2370 689 et
2418 631 2675 712 Berenice
2704 649 2724 712 ._'
2752 636 2803 688 et
2826 631 3204 712 de_co_ncione,
3234 649 3401 707 quam
3429 638 3576 712 apud

3452 407 3573 472 834

388 700 630 769 αὖτοὺς
679 700 1111 779 δημηγορίας
1156 700 1270 759 τοῦ
1311 700 1601 758 Παύλου.

246 814 369 872 Ἐπὶ
427 811 643 875 τούτοις
685 809 995 888 Ἀγρίππας
1045 810 1073 864 ὁ
1130 808 1404 885 βασιλεὺς,
1440 808 1649 882 σύναμα
1688 815 1818 883 Βερ-

179 903 300 981 νίκῃ
370 905 441 977 τῇ
514 901 749 979 γυναικὶ,
807 900 885 963 εἷς
959 901 1283 975 Καισάρειαν
1361 899 1621 974 ἀφίκοντο
1684 897 1822 971 πρὸς

184 999 417 1063 Φῆστον.
451 985 756 1065 Διατριϐῆς
806 988 853 1045 δ’
882 987 962 1067 ἐφ’
999 988 1204 1065 ἡμέρας
1236 986 1452 1051 πολλὰς
1502 985 1673 1042 ἐκεῖσε
1720 1007 1821 1064 γε-

182 1080 509 1158 γενημένης,
540 1085 757 1150 Φῆστος
784 1080 853 1134 τὰ
897 1080 1032 1134 κατὰ
1080 1079 1172 1134 τὸν
1206 1077 1422 1149 Πᾳῦλον
1472 1081 1553 1150 τῷ
1607 1073 1825 1152 βασιλεῖ

188 1171 428 1226 ἀνεῖπεν
479 1166 630 1231 ὅπως
680 1165 901 1241 δέσμιος
956 1167 1059 1224 ὑπὸ
1109 1164 1360 1239 Φήλικος
1418 1164 1819 1240 καταληφθείη,

186 1259 274 1315 καὶ
323 1259 397 1321 ὡς
447 1255 603 1329 δίκην
659 1258 775 1312 κατ’
831 1257 999 1311 αὐτοῦ
1047 1255 1378 1330 αἰτουμένων
1428 1258 1536 1310 τῶν
1582 1249 1825 1331 πρεσϐυ-

185 1351 352 1425 τέρων
382 1349 475 1405 καὶ
504 1347 827 1423 ἀρχιερέων,
860 1345 948 1402 ἐπὶ
985 1347 1049 1403 τὸ
1083 1348 1235 1422 βῆμα
1272 1346 1364 1403 τὸν
1406 1343 1572 1423 ἄνδρα
1615 1346 1823 1422 ἤγαγον

187 1444 290 1495 τῶν
326 1438 648 1515 κατηγόρων
698 1436 1020 1511 παρόντων·
1073 1433 1346 1511 μηδεμιᾶς
1393 1433 1441 1491 δ’
1487 1434 1662 1499 αἰτίας
1704 1436 1826 1492 τάν-

191 1524 275 1604 δρὶ
320 1527 601 1607 φανείσης,
638 1524 714 1591 ὥς
758 1546 819 1592 γε
859 1525 1105 1580 ὑπονοεῖν
1153 1525 1242 1597 ἦν,
1274 1526 1411 1601 πρός
1461 1546 1524 1601 γε
1576 1526 1683 1598 μὴν
1732 1524 1826 1581 αὖ·

187 1617 296 1687 τὸν,
342 1616 631 1690 ζητήματά
675 1635 797 1671 τινα
836 1611 1149 1692 προῦτεινον
1196 1614 1319 1689 περὶ
1366 1621 1466 1685 τῆς
1516 1618 1664 1693 σφῶν
1713 1611 1827 1670 δει-

191 1704 554 1779 σιδαιμονίας,
601 1705 691 1761 καὶ
763 1704 885 1779 περί
938 1725 1087 1767 τινος
1133 1704 1316 1775 Ἰησοῦ
1357 1705 1679 1774 τεθνήκότος
1706 1723 1718 1737 ’
1771 1704 1828 1760 ’ὸν

192 1796 417 1876 ἔφασκεν
450 1796 478 1852 ὁ
509 1794 729 1857 Παῦλος
761 1797 880 1867 ζῇν.
914 1794 1084 1868 Ἐμοῦ
1125 1790 1171 1849 δ’
1201 1792 1256 1849 ἒν
1304 1793 1506 1867 ἀπορίᾳ
1551 1795 1830 1849 καθεστῶ-

188 1907 279 1949 τος
332 1884 472 1961 πρὸς
516 1885 615 1953 τὴν
664 1884 872 1940 τούτων
915 1880 1206 1959 διάκρισιν,
1257 1884 1286 1940 ὁ
1340 1882 1559 1946 Παῦλος
1601 1884 1700 1954 τὴν
1731 1888 1828 1939 τοῦ

192 1974 455 2051 Καίσαρος
511 1970 801 2051 διάγνωσιν
866 1971 1244 2044 ἐπικέκληταί.
1304 1976 1366 2031 Ὃ
1410 1971 1457 2028 δ’
1505 1974 1832 2049 ’Δγρίππας,

192 2059 569 2139 Ἥὸουλόμην,
626 2056 753 2137 ἔφη,
783 2062 873 2117 καὶ
928 2061 1089 2124 αὐτὸς
1144 2059 1368 2137 τάνδρὸς
1426 2061 1690 2117 ἀκοῦσαν
1738 2061 1834 2118 καὶ

197 2155 224 2211 ὁ
254 2159 494 2226 Φῆστος,
515 2154 604 2215 Ἐς
634 2149 846 2227 αὔριον,
877 2149 1047 2230 ἔλεγε.
1082 2150 1231 2209 Μετά
1261 2149 1421 2223 δόξης
1466 2149 1512 2207 δ’
1544 2151 1627 2208 ὅτι
1672 2149 1832 2207 πλεί-

198 2265 322 2314 στης
400 2243 493 2298 σὺν
559 2241 789 2317 Βερνίκῃ
868 2242 981 2314 ἅμα
1061 2237 1135 2313 ’ἐῳ
1196 2240 1497 2317 Ἀγρίππας
1578 2238 1832 2317 μέγιστον

198 2333 567 2409 συγκροτήσας
617 2331 1002 2407 ἀκροατήριον,
1062 2333 1355 2405 συμπαρῆν
1410 2327 1465 2386 δὲ
1520 2329 1612 2385 καὶ
1649 2329 1836 2385 τούπί-

204 2444 375 2498 σημον
419 2422 558 2478 ἅπαν
604 2426 704 2491 τῆς
753 2417 992 2489 πόλεως,
1025 2421 1246 2491 Φήστου
1294 2418 1665 2490 κελεύσαντος,
1704 2417 1836 2496 ἆγε-

201 2534 287 2568 ται
316 2511 534 2577 Παῦλος
564 2508 786 2584 δεσμοῖς
820 2508 1109 2589 ἐχόμενος.
1144 2509 1242 2565 Καὶ
1272 2514 1370 2565 τυῦ
1415 2508 1583 2583 λόγου
1616 2516 1833 2579 Φῆστος

204 2604 413 2676 ἡγεῖτο,
464 2600 737 2676 Ἀγρίππα
789 2596 1039 2675 βασιλεῦ,
1085 2596 1282 2674 λέγων,
1334 2598 1423 2654 καὶ
1484 2598 1536 2654 οἳ
1577 2596 1838 2671 συμπλη-

205 2696 359 2763 ροῦτε
386 2693 476 2746 τὸν
505 2688 797 2765 σύλλογον,
831 2690 1012 2760 οὗτος,
1046 2689 1169 2763 περὶ
1199 2690 1262 2745 οὗ
1306 2710 1399 2761 μοι
1442 2689 1506 2744 τὸ
1554 2688 1662 2744 τῶν
1696 2689 1838 2743 Ἰου-

209 2780 369 2837 δαίων
414 2781 625 2850 πλῆθος
675 2778 920 2857 ἐντυχὸν,
969 2773 1204 2851 θορύϐου
1255 2775 1489 2853 πλήρεις
1547 2777 1705 2850 ἦσαν,
1760 2778 1837 2849 μὴ

214 2868 320 2927 δεῖν
369 2869 523 2926 αὐτὸν
580 2873 674 2944 ζῇν
736 2870 915 2944 ἁπάσῃ
963 2867 1131 2944 τέχνῃ
1164 2865 1574 2943 διατεινάμενοι.
1610 2867 1753 2942 Ἐγὼ
1786 2863 1842 2921 δὶ

217 2959 380 3033 μηδὲν
438 2981 489 3015 τι
544 2959 705 3015 αὐτὸν
760 2954 904 3029 ἄξιον
967 2957 1196 3013 θανάτου
1242 2958 1437 3033 πρᾶξαι
1490 2951 1841 3027 καταλαϐὼν,

213 3051 296 3106 καὶ
335 3049 502 3106 αὐτοῦ
550 3046 608 3104 δὲ
652 3050 751 3119 τήν
796 3051 891 3103 τοῦ
930 3042 1207 3103 Σεϐαστοῦ
1255 3045 1521 3123 ἐπίκρισιν
1575 3046 1843 3104 ἐκκαλου-

218 3138 396 3213 μένου,
431 3138 543 3195 ἱκεῖ
597 3141 809 3213 πέμψαι
858 3136 1016 3193 αὐτὸν
1063 3133 1172 3192 δεῖν
1218 3136 1437 3213 ἥγημαι
1462 3155 1475 3170 ο
1513 3133 1642 3211 μηδ’
1674 3137 1844 3216 ἀσφα-

217 3228 340 3294 λοῦς
389 3227 436 3284 δ’
487 3227 700 3291 ἐνόντος
747 3230 989 3308 γράφειν,
1021 3225 1108 3282 ἐπὶ
1138 3227 1237 3296 τὴν
1271 3228 1371 3296 σήν
1402 3228 1712 3304 προήγαγον
1760 3223 1844 3281 δί-

2459 720 2549 761 eos
2580 705 2786 760 Paulus
2818 704 3030 762 habuit.

2002 811 2225 868 Interea
2268 811 2521 883 Agrippa
2566 828 2684 881 rex,
2736 828 2855 868 una
2884 828 3017 869 cum
3059 813 3299 872 Bernice
3328 818 3578 893 conjuge

1929 900 2244 959 Caesaream
2275 899 2348 957 ad
2379 901 2611 958 Festum
2652 902 2827 958 venit.
2868 904 3057 975 Atque
3101 903 3181 961 ibi
3209 921 3345 963 cum
3377 907 3575 979 plures

1932 991 2059 1048 dies
2092 995 2441 1061 moraretur,
2474 992 2683 1049 Festus
2713 1009 2952 1050 causam
2985 993 3149 1051 Pauli
3170 997 3290 1068 regi
3319 1000 3576 1069 exponit,

1931 1084 1996 1137 ut
2026 1080 2251 1138 scilicet
2281 1082 2331 1139 is
2360 1081 2587 1138 vinctus
2619 1099 2654 1139 a
2683 1083 2870 1140 Felice
2912 1083 3146 1141 relictus
3194 1085 3386 1157 fuerit,
3431 1093 3489 1145 et
3518 1099 3580 1147 ut

1932 1170 2269 1243 presbyteri
2301 1174 2355 1227 et
2404 1172 2728 1244 pontiﬁces,
2774 1172 3026 1229 ofﬁcium
3053 1174 3276 1245 judicia
3304 1178 3580 1237 adversus

1932 1275 2066 1316 eum
2098 1259 2509 1332 implorarint:
2543 1264 2604 1317 ut
2633 1261 2883 1334 denique
2921 1278 3025 1334 pro
3076 1263 3358 1322 tribunali
3390 1266 3579 1325 bomi-

1934 1366 2068 1406 nem
2101 1350 2541 1407 accusatoribus
2572 1351 2957 1422 praesentibus
2980 1353 3266 1425 statuerit,
3295 1360 3467 1429 atque
3497 1359 3583 1415 ibi

1935 1437 2080 1494 nihil
2112 1437 2377 1494 criminis
2426 1437 2486 1495 in
2533 1456 2653 1508 reo,
2705 1444 2987 1513 quantum
3019 1443 3301 1514 suspicari
3328 1444 3579 1517 licuerit,

1937 1530 2297 1599 compertum
2333 1528 2428 1598 sit,
2462 1532 2846 1601 preterquam
2879 1532 3032 1602 quod
3056 1532 3408 1604 qumstiones
3434 1553 3589 1608 quis-

1938 1616 2075 1672 dam
2108 1616 2179 1672 de
2212 1618 2631 1689 superstitione
2662 1618 2947 1690 ipsorum,
2970 1624 3027 1677 et
3057 1621 3127 1676 de
3157 1623 3409 1693 quodam
3439 1625 3581 1684 Jesu

1938 1703 2236 1772 defuncto,
2273 1720 2445 1778 quem
2481 1705 2691 1762 Paulus
2729 1705 2917 1763 vivere
2966 1713 3273 1777 assereret,
3303 1712 3374 1768 ab
3404 1729 3586 1771 accu-

1939 1793 2235 1850 satoribus
2264 1793 2316 1850 ei
2347 1795 2755 1865 objicerentur.
2798 1796 2865 1852 Et
2897 1813 3031 1854 cum
3072 1798 3198 1871 ipse
3227 1801 3443 1859 dubius
3482 1820 3585 1860 an-

1946 1898 2199 1956 cepsque
2227 1883 2297 1940 de
2321 1884 2547 1955 judicio
2581 1885 2691 1941 hoc
2716 1902 2928 1956 essem,
2951 1889 3170 1947 Paulus
3200 1890 3272 1946 ad
3304 1892 3586 1964 cognitio-

1947 1986 2079 2027 nem
2123 1970 2360 2028 Cassaris
2408 1974 2753 2045 provocavit.
2806 1975 2909 2032 Hic
2946 1978 3247 2051 Agrippa:
3281 1979 3584 2054 Pervelim,

1940 2060 2152 2132 inquit,
2185 2069 2239 2116 et
2281 2061 2406 2133 ipse
2435 2063 2624 2118 virum
2655 2063 2894 2133 audire;
2936 2070 2990 2122 et
3023 2067 3225 2125 Festus
3258 2086 3272 2125 :
3308 2070 3447 2127 Cras
3478 2089 3591 2128 au-

1943 2148 2087 2216 dies,
2120 2148 2223 2205 ait.
2255 2148 2451 2221 Itaque
2483 2150 2739 2207 maximo
2771 2168 2906 2208 cum
2939 2160 3220 2227 apparatu
3245 2158 3429 2229 prima
3458 2160 3591 2217 luce

1943 2238 2198 2311 Agrippa
2254 2255 2387 2295 cum
2436 2239 2675 2297 Bernice
2728 2241 2999 2313 frequens
3042 2251 3320 2303 convocat
3357 2249 3586 2306 audito-

1943 2327 2123 2385 rium.
2153 2329 2223 2384 Et
2251 2329 2492 2385 aderant
2524 2330 2603 2385 ibi
2634 2331 2834 2398 etiam,
2866 2332 3018 2388 Festi
3038 2332 3230 2403 jussu,
3253 2337 3590 2411 quicunque

1944 2416 2005 2472 in
2036 2432 2100 2472 ea
2131 2416 2274 2473 urbe
2304 2418 2465 2474 fuere
2516 2418 2621 2474 viri
2669 2418 2831 2475 clari.
2878 2423 3077 2492 Itaque
3121 2423 3331 2482 Paulus
3360 2427 3590 2486 vinctus

1944 2505 2273 2562 adducitur.
2333 2506 2478 2563 Tum
2533 2507 2612 2564 ibi
2673 2508 2872 2566 Festus
2921 2526 3250 2569 sermonem
3298 2530 3585 2573 exorsus:

1944 2593 2202 2667 Agrippa
2249 2611 2370 2665 rex,
2418 2598 2475 2652 et
2522 2596 2857 2670 quicunque
2905 2599 2964 2655 in
3019 2607 3302 2659 conventu
3335 2604 3444 2662 hoc
3490 2607 3589 2662 ad-

1947 2685 2109 2752 estis,
2142 2683 2350 2753 inquit,
2386 2684 2478 2741 bic
2507 2685 2606 2742 ille
2654 2692 2763 2758 est,
2806 2703 2977 2761 quem
3015 2691 3353 2750 Judaaorum
3385 2694 3587 2751 multi-

1949 2774 2113 2841 tudo,
2146 2772 2405 2829 tumultu
2454 2774 2679 2848 ingenti
2721 2777 3023 2846 concitato,
3056 2781 3128 2837 ad
3169 2797 3263 2840 me
3291 2784 3531 2843 veniens
3559 2801 3591 2842 ο

1948 2861 2094 2918 vivis
2144 2861 2462 2920 tollendum
2518 2880 2648 2921 esse
2694 2868 2972 2926 omnibus
3029 2871 3216 2929 modis
3270 2875 3591 2932 contendit.

1952 2951 2105 3007 188
2138 2952 2251 3024 Ego
2279 2968 2435 3025 vero,
2465 2969 2598 3009 cum
2632 2955 2778 3011 nihil
2809 2974 2940 3014 eum
2965 2965 3149 3017 morte
3170 2962 3415 3035 dignum
3439 2980 3599 3021 com-

1954 3042 2189 3099 misisse
2219 3043 2752 3115 animudverterim,
2785 3052 2841 3103 et
2875 3047 3000 3122 ipse
3023 3050 3313 3120 judicium
3342 3055 3593 3127 Augusti

1956 3131 2351 3204 appellaverit,
2374 3147 2440 3189 eo
2464 3133 2817 3192 mittendum
2845 3153 2974 3194 esse
3005 3140 3165 3196 duxi.
3185 3141 3328 3199 Cum
3350 3160 3482 3200 vero
3506 3145 3600 3211 ni-

1954 3220 2036 3277 hil
2068 3222 2231 3288 certi,
2255 3223 2409 3295 quod
2432 3223 2502 3279 de
2529 3239 2594 3281 eo
2621 3224 2897 3289 scribam.
2928 3226 3198 3296 habeam,
3221 3232 3598 3304 adjudicium

214 3341 334 3391 κην,
366 3317 490 3392 ἄναξ
530 3294 834 3395 ’Δγρίππά·
865 3294 986 3380 ’ὡς’
1018 3313 1101 3389 ἂν,
1152 3294 1576 3395 διαγνωσθείση-ς-
1617 3294 1717 3387 τῆς
1767 3313 1846 3371 δί.

1962 3319 2125 3367 tuum
2147 3294 2285 3366 eum
2315 3311 2581 3380 produxi,
2614 3329 2712 3369 rex
2740 3315 2995 3387 Agrippa
3020 3334 3033 3372 :
3066 3326 3127 3375 ut
3155 3294 3330 3376 causa
3351 3321 3602 3393 cognita,

214 3430 336 3481 κης,
394 3408 515 3489 ἔχω
588 3428 640 3463 τι
712 3404 1083 3482 παραδηλοῦν.
1145 3408 1245 3463 Καὶ
1321 3409 1421 3484 γάρ
1497 3403 1692 3486 ἔμοιγε
1747 3410 1854 3463 τῶν

218 3498 435 3555 ἀτόπωο
486 3496 655 3567 δοκεῖ,
688 3494 908 3571 δέσμιον
959 3494 1267 3569 πέμποντα,
1293 3498 1370 3571 μὴ
1420 3497 1509 3553 καὶ
1549 3497 1645 3560 τὰς
1680 3495 1852 3559 αἰτίας

219 3586 502 3661 σημαίνειν
538 3584 742 3641 ἐθέλειν
771 3588 872 3652 τῆς
923 3582 1100 3657 δίκης.
1135 3584 1443 3662 Ἀγρίππας
1496 3583 1553 3641 δὲ
1598 3585 1677 3659 τῷ
1711 3585 1854 3641 Παύο

219 3675 299 3750 λῳ
344 3673 470 3756 ἔφη,
506 3676 744 3753 Ἐῖρεῖται
790 3673 874 3731 σοὶ
935 3674 1066 3751 ὑπὲρ
1106 3680 1332 3731 σεαυτοῦ
1363 3675 1397 3730 ’ἀ
1428 3673 1619 3751 βούλει
1667 3672 1857 3745 διεξιέ-

217 3786 299 3822 ναι
325 3784 340 3799 ’
377 3763 634 3836 συνηθείᾳ
671 3761 728 3821 δέ
772 3785 879 3820 τινι
920 3765 948 3820 ὁ
990 3763 1207 3828 Παῦλος
1236 3764 1366 3828 ἴσως
1410 3765 1725 3841 χρώμενος,
1755 3766 1854 3835 τὴν

221 3860 379 3932 χεῖρα
430 3853 684 3925 ἐκτείνας,
742 3848 893 3930 ἔλεγε
945 3852 1170 3911 τοιάδε·
1227 3860 1453 3929 Πρῶτον
1512 3854 1673 3934 σοφίᾳ
1725 3855 1859 3926 τινὶ,

220 3947 292 4008 ὡς
322 3943 535 4002 δίκαιον
563 3941 750 4020 ἄνδρα,
784 3942 922 4019 ἴδριν
957 3943 1014 4000 δὲ
1051 3948 1159 4002 τῶν
1208 3943 1348 4001 κατὰ
1379 3941 1678 4006 Ἰουδαίους
1728 3941 1860 3999 ἒθῶν

217 4057 274 4091 τε
302 4036 393 4091 καὶ
424 4033 754 4108 ζητημάτων
804 4034 895 4089 τὸν
926 4035 1222 4111 Ἀγρίππαν
1276 4033 1508 4090 ἐπαινῶν
1560 4032 1659 4089 οὐκ
1702 4032 1860 4106 ἀνίει,

220 4121 517 4197 εὐδαίμονά
570 4144 629 4180 τε
673 4122 857 4180 δαυτὸν
909 4122 1184 4197 οἰόμενος,
1214 4124 1301 4187 οἷς
1354 4121 1593 4197 ἀκροατῇ
1640 4120 1860 4198 περιτύ-

221 4234 315 4293 χοι
344 4211 584 4286 τοιούτῳ
611 4229 627 4246 ·
661 4212 804 4268 οὕτω
845 4209 910 4283 δὴ
966 4213 1467 4288 προοιμιασάμενος
1514 4211 1581 4267 τὰ
1626 4212 1744 4267 κατ’
1772 4210 1863 4266 αὖ·

219 4303 310 4358 τὸν
344 4300 568 4376 διεξῄει,
600 4304 706 4373 Τὴν
741 4303 835 4376 μὶν
869 4300 929 4357 ἐκ
978 4302 1100 4357 νὲου
1151 4322 1277 4376 μου,
1311 4301 1507 4380 λέγων,
1539 4301 1747 4380 τροφὴν
1794 4300 1864 4357 εἶ-

222 4412 307 4447 ναι
361 4390 502 4447 κατὰ
555 4392 654 4461 τήν
715 4384 915 4467 ἀκριϐῆ
972 4390 1063 4446 καὶ
1118 4392 1346 4466 πάτριον
1403 4394 1509 4446 τῶν
1550 4388 1862 4465 Φαρισαίων

224 4479 434 4557 α’ίρεσιν
460 4498 474 4511 ·
523 4480 612 4535 καὶ
660 4483 748 4534 νῦν
805 4476 854 4534 δ’
895 4479 1108 4535 ἑστάναι
1138 4480 1243 4555 πρὸ
1274 4480 1521 4554 βήματος
1553 4480 1629 4553 μὴ
1663 4476 1731 4534 δι’
1762 4475 1866 4534 ἅλ-

226 4570 331 4643 λην
390 4567 566 4626 αἰτίαν
599 4568 634 4641 ἣ
667 4568 749 4625 ὅτι
809 4569 983 4645 λέγων
1033 4568 1147 4644 εἰμὶ
1197 4569 1480 4625 ἀνάστασιν
1510 4573 1713 4643 νεκρῶν
1745 4563 1868 4624 ἔσεα-

1961 3400 2194 3456 tandem
2244 3399 2516 3467 habeam,
2566 3401 2705 3473 quid
2764 3404 2836 3460 de
2879 3421 2944 3462 eo
2993 3406 3204 3463 Cmaari
3253 3409 3601 3481 signiﬁcem.

1961 3489 2291 3545 Admodum
2340 3490 2495 3545 enim
2526 3490 2847 3549 absurdum
2883 3494 3021 3550 mihi
3061 3496 3309 3565 videtur,
3341 3498 3604 3555 vinctum

1963 3593 2318 3651 quemquam
2351 3578 2607 3648 mittere,
2636 3583 2694 3636 et
2725 3597 2842 3638 non
2874 3583 3054 3640 simul
3085 3600 3320 3641 causam
3347 3587 3607 3643 vinculo.

1964 3682 2096 3721 rum
2128 3665 2382 3722 indicare
2411 3665 2576 3723 velle.
2608 3668 2754 3724 Tum
2785 3671 3043 3745 Agrippa
3067 3674 3137 3729 ad
3159 3671 3405 3730 Paulum
3434 3690 3448 3730 :
3473 3676 3608 3732 Per-

1966 3755 2222 3813 mittitur
2251 3755 2380 3825 tibi,
2412 3758 2626 3828 inquit,
2674 3760 2745 3815 de
2792 3764 2853 3817 te
2897 3762 3025 3835 ipso
3074 3763 3230 3835 quod
3269 3764 3462 3822 visum
3494 3772 3605 3836 est,

1967 3845 2177 3902 dicere.
2215 3845 2301 3901 Ibi
2351 3846 2568 3903 Paulus
2598 3849 3022 3907 consuetudine
3053 3851 3296 3910 fortasse
3333 3855 3606 3925 quadam,

1968 3952 2146 3992 manu
2194 3940 2449 4007 extenta,
2496 3937 2672 3995 verba
2719 3938 2871 3996 fecit.
2922 3940 2989 3996 Et
3036 3942 3291 4014 primum
3328 3949 3453 4001 arte
3483 3962 3611 4017 qua-

1969 4028 2101 4083 dam
2132 4027 2447 4100 prudenter
2472 4029 2812 4102 Agrippam,
2845 4035 2910 4088 ut
2955 4032 3148 4090 virum
3189 4035 3446 4106 justum,
3475 4052 3616 4095 con-

1970 4117 2465 4191 suetudinumque
2490 4123 2545 4175 et
2569 4121 2961 4191 quaestionum
2986 4123 3365 4182 Juduicarum
3388 4128 3619 4201 egregie

1971 4208 2249 4279 peritum,
2281 4206 2522 4265 laudare
2552 4225 2667 4266 non
2699 4210 2915 4267 omisit.
2947 4211 3169 4271 Deinde
3200 4214 3427 4272 felicem
3459 4233 3522 4274 se
3551 4233 3618 4274 eo

1972 4297 2226 4365 nomine,
2256 4299 2408 4369 quod
2442 4299 2501 4354 in
2533 4299 2712 4356 talem
2742 4301 3072 4360 auditorem
3103 4320 3290 4363 causa
3319 4322 3439 4363 sum
3469 4307 3619 4366 inci-

1973 4386 2175 4456 disset,
2236 4387 2573 4458 judicavit;
2632 4394 2807 4462 atque
2869 4390 3213 4464 hujusmodi
3284 4395 3623 4467 praefatione

1975 4475 2294 4548 praemissa,
2370 4492 2461 4533 res
2546 4493 2684 4533 suas
2758 4495 3050 4552 exponens
3120 4497 3133 4537 :
3218 4483 3305 4539 Ab
3386 4483 3623 4540 ineunte

1976 4568 2162 4635 astate,
2193 4563 2407 4637 inquit,
2442 4570 2709 4622 accurate
2740 4572 2795 4623 et
2825 4568 3132 4642 diligenter
3165 4570 3226 4626 in
3253 4571 3439 4642 patria
3469 4572 3622 4628 Pha-

227 4664 370 4732 σθαι,
423 4660 455 4715 ὂ
508 4665 626 4721 τοῖς
675 4658 910 4736 πατράσι
959 4658 1131 4715 πάλαι
1178 4659 1309 4715 ποτε
1366 4659 1495 4723 Θεὸς
1553 4656 1847 4733 ἑπηγγείλα

1979 4653 2282 4709 risieorum
2330 4656 2489 4710 secta
2536 4655 2815 4714 educatus
2873 4662 2930 4714 et
2977 4658 3184 4715 doctus
3233 4676 3386 4718 sum.
3424 4661 3505 4716 Ac
3551 4677 3624 4718 ne

226 4772 308 4809 το.
352 4749 486 4825 Περὶ
521 4751 703 4820 μέντοι
732 4755 833 4820 τῆς
863 4747 1113 4820 κλήσεως
1151 4749 1336 4820 Ἰησοῦ
1384 4750 1479 4803 τοῦ
1526 4746 1869 4821 Ναζωραίου,

229 4838 337 4917 ἐγὼ
393 4840 493 4914 μὲν
551 4836 773 4895 ἐδόκουν
835 4837 1006 4909 ζῆλαν
1057 4838 1188 4912 ὑπὲρ
1236 4842 1343 4894 τῶν
1395 4835 1637 4911 πατρίων
1688 4835 1873 4909 νόμων

230 4929 444 5005 αὐχῶν,
476 4926 663 4985 πολλὰ
709 4932 818 4984 τῶν
878 4931 953 5002 μὴ
1004 4925 1190 4983 καλῶν
1243 4923 1627 5002 διαπράξασθαι
1658 4944 1671 4958 ο
1706 4926 1735 4981 ’ὁ
1784 4925 1875 4980 καὶ

232 5017 433 5091 δράσας
481 5014 708 5099 ὤφθην·
772 5018 978 5094 μάρτυς
1041 5023 1187 5073 πᾶσα
1233 5017 1625 5093 Ἰεροσόλυμαο
1677 5015 1764 5072 καί
1816 5037 1876 5094 γε

231 5108 441 5166 πολλοὶ
486 5106 867 5164 κατάκλειστοι
917 5105 1182 5186 φυλακαῖς
1227 5107 1313 5163 ὑπ’
1356 5106 1490 5179 ἐμοῦ
1538 5105 1878 5182 γεγένηνται,

229 5202 331 5270 τήν
380 5199 529 5276 παρὰ
572 5202 684 5254 τῶν
732 5196 918 5273 ἱερέων
969 5196 1212 5270 ἐξουσίαν
1262 5192 1546 5259 λαϐόντος.
1598 5195 1763 5251 Τόσον
1830 5193 1877 5250 δ’

233 5289 301 5358 ἦν
354 5309 449 5360 μοι
496 5288 559 5343 τὸ
608 5295 707 5359 τῆς
756 5287 947 5362 μανίας
978 5285 1189 5360 περιόν,
1221 5284 1363 5342 ὥστε
1398 5286 1490 5341 καὶ
1519 5285 1596 5348 εἰς
1621 5285 1716 5348 τὰς
1746 5282 1879 5358 πόρσ

236 5379 315 5453 ῥω
363 5377 594 5453 προῄειν
644 5375 861 5449 πόλεις,
894 5374 1107 5432 δίώκων
1157 5375 1247 5431 καὶ
1282 5376 1454 5433 πάντα
1478 5371 1660 5430 κάλων
1690 5379 1876 5444 κινῶν,

235 5468 298 5523 τὸ
353 5472 456 5523 τοῦ
518 5465 706 5542 λόγου,
757 5466 1066 5541 ἀνατρέπειν
1116 5467 1317 5535 ταύτην
1361 5465 1461 5534 τὴν
1507 5462 1734 5539 α’ίρεσιν.
1780 5463 1879 5518 Καὶ

237 5553 377 5627 δῆτα
436 5556 526 5611 καὶ
586 5555 662 5619 είς
717 5556 999 5631 Δαμασκὸν
1054 5550 1373 5627 ποιουμένῳ
1430 5574 1524 5627 μοι
1578 5554 1679 5622 τὴν
1729 5550 1879 5622 ὁδὸν,

237 5645 450 5720 ἡμέρας
496 5646 559 5701 τὸ
612 5642 985 5724 μεσημϐρινὸν
1036 5641 1367 5719 ἐπεχούσης,
1412 5638 1549 5698 εἶδον
1592 5641 1880 5719 οὐρανόθεν

1984 4758 2139 4798 nunc
2167 4741 2401 4814 quidem
2436 4742 2548 4800 alia
2581 4745 2651 4801 de
2681 4761 2859 4803 causa
2895 4747 2966 4803 ad
3010 4747 3269 4804 tribunal
3303 4754 3414 4818 sto,
3446 4765 3624 4820 quam

1985 4832 2136 4903 quod
2174 4835 2535 4889 mortuorum
2568 4840 3051 4892 resurrectionem
3088 4837 3337 4895 futuram
3369 4853 3498 4896 esse
3522 4839 3626 4895 do-

1985 4935 2107 4989 ceo,
2140 4936 2314 4993 qualn
2345 4922 2496 4978 Deus
2524 4922 2664 4979 olim
2698 4924 2966 4982 Patribus
2998 4926 3280 4997 promisit.
3305 4926 3467 4992 Quod
3494 4925 3627 4999 qui-

1986 5010 2118 5066 dem
2161 5011 2232 5066 ad
2277 5026 2487 5069 nomen
2525 5012 2665 5069 Jesu
2714 5014 2993 5072 Nazareni
3040 5016 3310 5087 pertinet,
3349 5016 3533 5074 zelum
3572 5019 3632 5073 et

1987 5097 2384 5157 defensionem
2420 5102 2739 5171 patriarum
2770 5103 2965 5177 legum
2996 5105 3250 5177 spirans,
3285 5107 3472 5164 multa
3501 5122 3629 5179 quas

1989 5204 2102 5244 non
2135 5189 2455 5246 decuerunt
2484 5192 2715 5260 admisi,
2764 5208 2948 5265 eaque
2990 5196 3190 5252 omnia
3220 5200 3416 5269 aperte
3444 5196 3636 5253 facere

1988 5293 2116 5333 sum
2147 5278 2329 5335 visus.
2373 5280 2651 5357 Testatur
2699 5283 2756 5338 id
2810 5283 3072 5340 universa
3099 5285 3426 5343 Jerusalem
3456 5310 3471 5357 ;
3502 5302 3635 5358 per-

1986 5367 2154 5425 multi
2183 5370 2338 5426 enim
2369 5388 2401 5426 a
2432 5387 2545 5440 me,
2596 5371 2697 5444 qui
2746 5377 3091 5446 potestatem
3134 5392 3263 5433 eam
3295 5394 3329 5434 a
3357 5378 3625 5435 sacerdo-

1987 5457 2143 5514 tibus
2164 5475 2524 5531 acceperam,
2539 5461 2598 5518 in
2622 5464 2918 5521 custodias
2935 5470 3076 5521 sunt
3098 5466 3363 5538 coniecti.
3381 5469 3637 5525 Tantum

1987 5550 2178 5602 autem
2200 5547 2259 5604 in
2284 5564 2376 5605 me
2408 5549 2570 5607 furor
2598 5550 2649 5606 is
2672 5551 3113 5625 exuberaverat,
3148 5560 3211 5610 ut
3230 5556 3403 5612 etiam
3424 5557 3486 5612 in
3505 5555 3641 5613 lon-

1995 5635 2330 5709 ginquiores
2360 5639 2532 5696 urbes
2585 5639 2691 5696 sim
2741 5640 3057 5712 profectus,
3098 5659 3467 5718 persequens,
3516 5660 3640 5703 om-

243 5734 378 5810 ὒπὲρ
421 5734 512 5791 τὸν
543 5732 703 5804 ἥλιον
738 5736 1161 5812 περιαστριάψαν
1195 5753 1261 5809 με
1290 5735 1424 5810 φῶς.
1457 5732 1554 5787 Καὶ
1599 5735 1669 5805 τῇ
1711 5731 1844 5805 ὑπερ

1996 5726 2173 5798 nique
2214 5727 2391 5799 (quod
2420 5728 2657 5801 dicitur)
2706 5729 2842 5788 fune
2890 5740 3066 5806 moto,
3115 5739 3371 5794 evertere
3414 5738 3633 5793 sectam
