4070 6274
473 319 591 379 835

1780 313 2212 375 NICEPHOBI
2256 313 2607 378 CALLISTI

3759 330 3874 392 836

480 451 626 508 hanc
677 451 1056 508 contendens.
1112 450 1309 521 Itaque
1351 448 1702 504 Damascum
1738 462 1870 502 cum
1904 446 2011 501 iter
2043 447 2106 500 fa-

2236 440 2380 518 6ολῇ
2437 450 2536 512 τῆς
2594 446 2790 524 αἶ’γλης
2845 450 2941 512 τὰς
2999 445 3151 525 ὄψεις
3209 450 3632 531 περιλαμφθείς,
3685 459 3871 514 σκότου

477 557 695 602 carem,
727 540 969 597 meridie
999 539 1125 610 ipso
1170 537 1268 593 lux
1317 539 1434 593 sole
1465 536 1752 592 illustrior
1780 535 2005 590 caelitus
2030 551 2123 590 me

479 627 888 684 circumfulsit.
923 628 1102 696 Cujus
1135 624 1460 696 splendoris
1491 623 1891 695 magnitudine
1925 623 2122 679 oculos

475 717 839 789 perstrictus,
883 719 939 770 et
978 716 1219 787 proinde
1259 713 1506 784 caligine
1537 713 1783 782 obsitus,
1818 712 1875 767 in
1910 720 2122 768 terram

474 807 683 862 decidi.
715 807 799 862 Ad
833 807 952 861 haec
997 822 1104 862 vox
1135 806 1206 860 de
1235 805 1379 861 caelo
1412 804 1632 870 audita,
1671 820 1798 875 quae
1826 803 2119 860 Christum

471 897 741 968 persequi
773 895 1017 964 vetabat,
1057 899 1113 950 et
1164 911 1296 949 mox
1340 899 1405 948 ut
1434 909 1800 965 exsurgerem
1825 894 2070 964 jubebat
2104 909 2118 947 :

470 1002 592 1041 eam
626 986 701 1040 ob
731 1001 972 1042 causam
1003 985 1285 1040 visionem
1320 983 1462 1038 mihi
1502 982 1674 1038 talem
1717 983 1966 1039 oblatam
1999 999 2122 1039 esse

470 1073 757 1142 indicans,
810 1078 876 1128 ut
925 1090 1018 1129 me
1065 1077 1272 1128 testem
1317 1073 1658 1143 produceret
1705 1087 1928 1137 earum,
1974 1089 2118 1144 quas

471 1163 761 1229 vidissem,
814 1178 1080 1234 quasque
1127 1159 1300 1232 paulo
1351 1164 1480 1232 post
1528 1160 1894 1216 indicaturus
1943 1165 2116 1231 esset,

470 1268 664 1308 rerum
701 1268 714 1306 :
747 1254 812 1306 ut
857 1250 1079 1306 scilicet
1135 1265 1416 1305 caecorum
1465 1249 1748 1320 aperirem
1802 1249 2021 1318 oculos,
2063 1256 2121 1306 et

469 1341 738 1397 homines
769 1357 802 1395 a
833 1339 1088 1395 tenebris
1131 1340 1200 1394 ad
1235 1337 1447 1406 lucem,
1481 1341 1538 1393 et
1567 1354 1601 1392 a
1633 1342 1910 1407 potestate
1941 1343 2118 1411 atque

468 1430 713 1502 imperio
743 1430 968 1486 Satanae
1020 1429 1086 1484 ad
1120 1427 1418 1484 Christum
1459 1430 1872 1495 converterem,
1907 1427 2116 1483 remis-

471 1522 690 1577 sionem
726 1523 1119 1590 peccatorum,
1175 1517 1686 1588 haereditatemque
1718 1517 1868 1571 inter
1898 1519 2119 1572 sancti-

470 1609 672 1664 ficatos
703 1608 858 1663 ’184
885 1624 985 1679 per
1034 1623 1161 1662 eam
1213 1621 1339 1678 quae
1387 1605 1445 1660 in
1479 1605 1670 1677 ipsum
1713 1611 1820 1674 est,
1855 1606 2028 1662 ﬁdem
2061 1611 2118 1662 et

472 1697 906 1771 persuasionem
957 1700 1310 1768 recepturos.
1362 1695 1588 1750 Visioni
1630 1712 1801 1766 porro
1832 1695 1953 1766 tali,
1989 1712 2112 1766 quae

473 1792 744 1842 naturam
778 1802 1005 1842 omnem
1058 1786 1227 1856 longe
1276 1785 1812 1856 supergrederetur,
1848 1801 1963 1840 non
1997 1802 2114 1841 mo-
2147 1814 2193 1880 Β

473 1893 593 1933 rem
627 1891 845 1944 gerere,
898 1874 1100 1946 religio
1149 1877 1292 1929 erat.
1346 1874 1548 1944 Itaque
1593 1874 1802 1928 Iudaeis
1852 1874 2026 1929 simul
2058 1879 2115 1930 et

478 1967 772 2040 gentibus,
807 1969 870 2020 ut
904 1981 1006 2037 per
1035 1963 1494 2035 resipiscentiam
1528 1970 1579 2017 et
1613 1963 2010 2034 pcsnitentiam
2045 1965 2115 2019 ad

477 2060 654 2114 Deum
707 2060 1136 2121 convertantur,
1196 2055 1490 2126 dignaque
1545 2054 1898 2124 poenitentiae
1945 2071 2118 2126 Opera

473 2147 796 2220 perficiant,
831 2145 1132 2213 annuntio,
1160 2143 1303 2199 nihil
1339 2160 1582 2215 prorsus
1612 2147 1772 2199 extra
1806 2143 2118 2216 prophetas

464 2241 522 2292 et
550 2237 741 2307 ipsum
795 2236 991 2290 Mosen
1041 2235 1276 2300 docens,
1329 2233 1610 2287 nimirum
1646 2233 1798 2304 quod
1833 2233 2113 2301 Christus,

467 2325 566 2398 qui
618 2323 920 2396 passibilis
972 2323 1163 2393 fuerit,
1209 2327 1265 2378 et
1294 2321 1519 2393 primus
1549 2337 1614 2376 ex
1647 2322 1893 2376 mortuis
1926 2338 2118 2377 resur-

469 2417 700 2484 rexerit,
731 2415 916 2470 lucem
949 2413 1246 2486 gentibus,
1279 2412 1572 2482 vitamque
1602 2418 1653 2467 et
1677 2411 1926 2466 salutem
1960 2415 2118 2464 ater-

469 2520 604 2560 nam
639 2502 870 2575 proprio
902 2517 1006 2558 suo
1037 2501 1341 2556 denuntiet
1374 2500 1608 2572 populo.
1646 2499 1777 2554 Haec
1812 2515 1941 2554 cum
1976 2499 2115 2554 Pau-

469 2593 564 2648 lus
603 2609 737 2648 cum
781 2593 996 2646 diserta
1045 2589 1321 2646 facilitate
1369 2590 1603 2656 diceret,
1655 2587 1880 2656 Festus,
1915 2592 2115 2659 utpote

468 2680 740 2738 animalis
774 2680 1010 2751 quidam
1053 2679 1250 2745 homo,
1284 2678 1378 2750 qui
1411 2695 1524 2733 non
1560 2677 1704 2733 s'atis
1735 2694 1802 2732 ca
1833 2693 1962 2748 quas
1994 2679 2111 2748 spi-

467 2773 618 2827 ritus
649 2774 788 2826 sunt
818 2775 1247 2840 assequeretur,
1296 2767 1725 2838 stultitiamque
1765 2767 1907 2822 adeo
1940 2773 1995 2823 et
2024 2768 2112 2823 in-

463 2852 690 2917 saniam
724 2875 793 2914 ea
823 2874 948 2914 esse
998 2859 1411 2929 suspicaretur,
1451 2860 1734 2928 tanquam
1765 2871 1867 2927 per
1897 2856 2112 2912 multas

463 2950 689 3007 litteras
721 2953 913 3004 mente
943 2952 1203 3020 captum,
1236 2962 1426 3017 neque
1455 2947 1600 3001 satis
1633 2962 1759 3018 quae
1791 2945 2007 3000 diceret
2029 2946 2114 3001 in-

2233 532 2458 609 πλήρης
2515 536 2824 609 γενόμενος,
2874 538 2961 595 ἐπὶ
3007 547 3109 614 γῆν
3159 539 3405 601 ἔπιπτον.
3453 546 3620 614 Φωνὴ
3686 544 3744 601 δέ
3791 570 3871 610 τις

2232 619 2431 678 ἄνωθεν
2488 624 2796 697 ἐξηκούετο,
2855 631 2932 702 μή
2995 650 3062 702 με
3129 628 3343 685 διώκειν
3415 635 3670 706 Χριστόν.
3733 638 3871 693 Ἐκέ-

2233 711 2356 767 λευέ
2408 735 2465 768 τε
2522 716 2882 772 ἀνίστασθαι·
2939 720 3024 775 καὶ
3083 719 3278 776 τούτου
3337 743 3398 798 γε
3455 725 3616 801 χάριν
3668 724 3865 782 οὑτωσὶ

2242 800 2270 820 ιγ
2490 802 2516 825 υ
3266 809 3277 826 ν
3485 800 3539 830 ίγ

2231 805 2430 878 ωφθαι,
2478 825 2616 860 ωστε
2657 802 3029 877 προϐαλέσθαι
3082 830 3148 882 με
3209 830 3454 885 μαρτυρα
3502 834 3576 866 ων
3623 835 3682 868 τε
3708 813 3868 888 εΕον,

2229 893 2320 946 καὶ
2365 893 2440 947 ὧν
2493 895 2607 966 μετ’
2653 895 2838 971 ὀλίγον
2883 895 3086 970 δείξει·
3141 899 3350 969 ἀνοῖξαι
3397 899 3619 978 τυφλῶν
3668 904 3868 976 ὀφθαλ-

2234 981 2390 1056 μοὺς,
2423 983 2528 1038 ἀπὸ
2581 982 2803 1048 σκότους
2844 1008 2903 1041 τε
2948 987 3022 1050 εἷς
3071 993 3185 1067 φῶς
3229 989 3588 1068 ἐπιστρέφειν,
3627 996 3717 1049 καὶ
3769 997 3864 1050 ἀπὸ

2228 1078 2328 1139 τῆς
2397 1070 2742 1145 ἐπικρατείας
2809 1080 2906 1130 τοῦ
2978 1083 3191 1131 Σατανᾶ
3260 1079 3336 1140 εἷς
3413 1082 3681 1155 Χριστόνο
3747 1083 3868 1138 ὥστ’

2228 1159 2412 1239 ἄφεσιν
2448 1163 2726 1237 ἁμαρτιῶν
2760 1160 2969 1234 λαϐεῖν,
3001 1163 3208 1240 κλῆρόν
3241 1188 3300 1222 τε
3349 1168 3400 1222 ἐν
3445 1175 3564 1232 τοῖς
3613 1172 3866 1248 ἡγιασμέ·

2228 1271 2362 1319 νοις,
2397 1249 2484 1305 διὰ
2529 1259 2628 1321 τῆς
2679 1253 2814 1328 πρὸς
2864 1253 3022 1309 αὐτὸν
3067 1255 3323 1318 πίστεως.
3365 1261 3638 1315 Ἀπειθεῖν
3687 1263 3863 1316 τοίνυν

2225 1347 2294 1415 τῇ
2331 1344 2590 1420 ὑπερφυεῖ
2619 1343 2849 1416 ὀπτασίᾳ
2891 1347 2992 1400 οὐκ
3027 1346 3117 1416 ἦν.
3151 1346 3441 1412 Ἰουδαίοις
3498 1351 3589 1420 μὲν
3635 1350 3728 1406 οὖν
3784 1354 3865 1407 καὶ

2225 1437 2342 1492 τοῖς
2402 1432 2452 1502 ἐξ
2510 1433 2674 1488 ἐθνῶν
2736 1434 2991 1506 μετανοίᾳ
3049 1436 3362 1511 χρωμένοις
3404 1440 3542 1513 πρὸς
3573 1442 3704 1496 Θεὸν
3752 1441 3867 1497 ἐπι-

2226 1522 2469 1597 στρέφειν
2539 1522 2686 1598 λέγω
2750 1520 2868 1596 ἄξια
2927 1522 3059 1601 ἔργα
3120 1527 3408 1598 μετανοίας
3468 1526 3864 1604 διαπραττομέ-

2223 1630 2386 1672 νους·
2453 1609 2619 1684 μηδὲν
2676 1613 2748 1666 ῶν
2808 1614 2859 1668 οἱ
2917 1621 3194 1694 προφῆται
3279 1619 3368 1672 καὶ
3425 1621 3627 1688 Μωσῆς
3684 1621 3865 1685 αὐτὸς.

2224 1698 2378 1762 ἐκτὸς
2449 1700 2835 1778 καταγγέλλων
2879 1723 2892 1736 ·
2954 1705 3028 1766 ὡς
3086 1706 3327 1776 παθητὸς
3386 1708 3413 1762 ὃ
3473 1710 3724 1783 Χριστὸς,
3777 1713 3864 1765 καὶ

2222 1793 2438 1865 πρῶτος
2491 1790 2549 1845 ἐκ
2603 1795 2802 1866 νεκρῶν
2861 1793 3114 1864 ἀναστὰς,
3147 1798 3258 1873 φῶς
3313 1801 3431 1856 τοῖς
3490 1794 3656 1852 ἔθνεσι
3718 1802 3862 1870 ζωήν

2221 1897 2279 1932 τε
2325 1878 2414 1932 καὶ
2473 1880 2744 1954 σωτηρίαν
2822 1881 3041 1937 αἰώνιον
3097 1886 3177 1956 τῷ
3243 1882 3426 1958 οἶκείῳ
3501 1886 3864 1964 καταγγέλλει

2224 1966 2360 2038 λαῷ.
2391 1972 2566 2023 Ταῦτα
2617 1970 2707 2023 σὺν
2755 1971 3004 2046 ῥᾳστώνῃ
3063 1976 3159 2027 τοῦ
3210 1973 3428 2029 Παύλου
3479 1973 3796 2046 διεξιόντος,
3836 1979 3860 2033 ὁ

2225 2063 2466 2138 Φηστος,
2499 2060 2736 2136 ψυχικός
2793 2081 2876 2122 τις
2932 2058 3004 2115 ὢν
3066 2061 3375 2138 ἄνθρωπος,
3411 2064 3502 2118 καὶ
3553 2067 3627 2136 μή
3663 2068 3861 2127 ἱκανῶς

2223 2136 2370 2216 ἔχων
2419 2145 2733 2218 προσίεσθαι
2781 2147 2848 2200 τὰ
2895 2151 2992 2201 τοῦ
3044 2136 3386 2221 ΙΙνεύματος,
3426 2150 3631 2226 μωρίαν
3666 2149 3725 2206 δὲ
3777 2153 3861 2206 καί

2226 2232 2417 2304 μανίαν
2459 2237 2627 2286 ταῦτα
2667 2233 2934 2302 ὑπονοῶν,
2968 2235 3042 2296 ὡς
3093 2236 3194 2291 ὑπὸ
3243 2236 3473 2292 πολλῶν
3520 2240 3857 2315 γραμμάτων

2222 2318 2560 2390 ἐξεστηκότα,
2604 2322 2691 2376 καὶ
2751 2322 2784 2376 ἆ
2832 2322 2979 2399 λέγει
3034 2325 3109 2398 μή
3161 2323 3419 2396 διειδότα,
3467 2325 3858 2404 διελοιδορεῖτο

2223 2409 2316 2461 τὸν
2379 2409 2757 2464 Παῦλον·τὸν
2811 2409 2868 2466 δὲ
2919 2414 2996 2485 μή
3050 2412 3328 2486 μαίνεσθαι
3378 2417 3562 2492 φάναι,
3604 2417 3861 2488 ἀληθείας

2222 2495 2278 2551 δὲ
2333 2498 2422 2551 καὶ
2480 2499 2860 2572 σωφροσύνης,
2908 2499 3128 2575 ῥήματα
3185 2499 3358 2578 λέγειν
3409 2501 3859 2580 διισχυρίζεσθαι,

2221 2587 2294 2647 ὡς
2326 2585 2414 2639 καὶ
2445 2591 2522 2658 τῷ
2556 2586 2774 2660 βασιλεῖ
2800 2590 2937 2658 πρὸς
2977 2590 3034 2644 ὃν
3084 2589 3152 2645 τὰ
3201 2598 3302 2662 τῆς
3339 2591 3672 2668 παρρησίας,
3706 2597 3859 2668 ἄκρι-

2221 2671 2332 2738 6ῶς
2374 2671 2655 2751 ἔγνωσται.
2687 2676 2763 2732 Ού
2813 2677 2916 2754 γάρ
2962 2700 3068 2734 που
3129 2680 3284 2752 οἶμαι
3330 2687 3526 2738 τοῦτον
3581 2683 3858 2740 λανθάνειν

2223 2761 2415 2835 μηδὲν,
2466 2764 2784 2820 πιστεύοντα
2848 2772 3007 2822 πᾶσιν
3054 2767 3086 2822 ἃ
3143 2773 3418 2846 προφῆται
3467 2775 3855 2849 κατήγγειλαν.

2219 2854 2359 2927 Πρὸς
2406 2853 2464 2907 ὃν
2498 2853 2794 2930 Ἀγρίππας
2843 2853 3039 2925 ἡδέως,
3074 2858 3160 2913 Ἐν
3214 2858 3391 2934 ὀλίγῳ
3425 2882 3494 2934 με
3521 2862 3745 2931 πείθεις,
3778 2865 3859 2919 εἶ-

2218 2963 2306 3013 πε,
2329 2944 2657 3017 Χριστιανὸν
2705 2944 2976 3020 γενέσθπι.
3009 2947 3116 3002 Καὶ
3162 2949 3241 3015 ὃς,
3274 2951 3435 3022 Ἐμοὶ
3482 2947 3539 3005 δὲ
3585 2949 3652 3006 δι’
3679 2954 3845 3026 εὐχῆς

2217 3029 2362 3085 ἔσται
2392 3030 2478 3086 καὶ
2514 3032 2563 3086 ἐν
2599 3032 2772 3108 ὀλίγῳ
2825 3036 2915 3090 καὶ
2963 3035 3013 3091 ἐν
3059 3035 3264 3110 πολλῷ
3303 3039 3367 3094 οὐ
3402 3040 3460 3095 σὲ
3494 3041 3668 3114 μόνον,
3698 3041 3840 3097 ἀλλὰ

462 3039 839 3110 telligenlem,
863 3053 996 3092 cum
1018 3036 1275 3092 convicio
1313 3035 1558 3091 Paulum
1593 3034 1833 3089 ridebat.
1860 3034 1962 3089 Cui
1993 3033 2108 3090 ille.

458 3146 578 3186 non
603 3129 861 3183 insanire
912 3143 989 3193 se,
1043 3127 1143 3181 sed
1173 3125 1433 3180 veritatis
1473 3129 1530 3180 et
1575 3124 1905 3180 sobrietatis
1935 3124 2106 3179 verba

2217 3121 2307 3175 καὶ
2336 3121 2535 3184 πάντας
2566 3121 2617 3177 οἳ
2650 3127 2758 3178 τῶν
2794 3124 2937 3197 ἐμῶν
2993 3127 3173 3203 λόγων
3225 3131 3630 3204 μετεσχηκότες
3677 3131 3802 3186 sicis
3831 3150 3847 3165 ο

459 3217 615 3288 loqui
664 3185 987 3271 asseverat:
1029 3213 1533 3280 Quemadmodum
1583 3213 1639 3265 id
1692 3211 1809 3283 regi
1860 3211 1991 3282 ipsi,
2033 3212 2104 3267 ad

2825 3185 2834 3197 ι
3076 3185 3086 3203 ι
3225 3185 3234 3201 ι
3391 3185 3466 3204 Α,
3685 3185 3693 3186 ,

2219 3211 2410 3272 ὁποῖος
2467 3209 2606 3277 δῆτα
2661 3212 2814 3288 κάγὼ
2873 3217 3151 3291 σήμερον·
3210 3216 3329 3273 ἄνευ
3390 3219 3574 3291 μέντοι
3632 3227 3738 3278 τῶν
3789 3221 3850 3285 ’ὰς

461 3322 633 3378 quem
682 3305 804 3359 hac
855 3304 1037 3359 libere
1087 3303 1320 3368 diceret,
1366 3301 1541 3372 probe
1574 3301 1871 3372 cognitum
1903 3306 2100 3356 esset:

2217 3299 2526 3374 περίκειμαι
2555 3300 2753 3364 ταύτας
2785 3302 3047 3363 ἁλύσεων.

463 3411 634 3469 quem
689 3395 836 3450 nihil
895 3409 1093 3449 earum
1155 3407 1348 3447 rerum
1409 3391 1630 3459 lateret,
1673 3391 1945 3446 omnibus
1999 3407 2128 3461 quae
2193 3392 2487 3463 pr0phetae
2557 3395 2988 3452 annuntiarunt
3044 3398 3394 3455 credentem.
3454 3401 3535 3456 Ibi
3595 3403 3666 3457 ad
3722 3419 3852 3458 eum

463 3487 717 3558 Agrippa
749 3483 1184 3554 perhumaniter
1218 3499 1230 3536 :
1267 3481 1492 3536 Modica
1517 3497 1584 3535 ex
1625 3486 1802 3553 parte,
1854 3481 2067 3553 inquit,
2119 3481 2287 3548 mihi,
2339 3485 2403 3536 ut
2452 3481 2814 3539 Christianus
2861 3484 3020 3552 ﬁam,
3071 3489 3409 3558 persuades.
3443 3492 3516 3546 At
3544 3491 3640 3547 ille
3676 3492 3856 3548 :Mihi

463 3594 598 3633 vero
637 3576 694 3630 in
748 3575 952 3648 primis
999 3572 1170 3644 apud'
1201 3573 1381 3628 Deum
1435 3572 1494 3627 in
1543 3573 1757 3643 optatis
1807 3575 1914 3638 est,
1958 3587 2073 3626 non
2123 3571 2312 3626 solum
2360 3571 2608 3638 modica,
2663 3589 2866 3628 verum
2907 3575 3080 3631 etiam
3115 3579 3372 3635 maxima
3401 3596 3471 3634 ex
3510 3589 3692 3653 parte,
3743 3599 3858 3638 non

467 3676 518 3724 te
549 3666 764 3733 solum,
793 3682 991 3721 verum
1025 3665 1199 3720 etiam
1235 3663 1331 3735 qui
1363 3664 1681 3719 orationem
1716 3677 1904 3718 meam
1940 3661 2108 3716 hodie
2147 3661 2461 3718 audierunt
2500 3679 2721 3726 omnes,
2771 3663 2918 3721 tales
2949 3666 3094 3736 ﬁeri,
3133 3669 3325 3740 qualis
3357 3687 3461 3743 ego
3493 3687 3619 3728 sum
3656 3691 3670 3729 :
3704 3677 3860 3729 extra

463 3759 694 3814 vincula
725 3759 1008 3814 duntaxat
1039 3757 1169 3822 ista,
1200 3755 1414 3828 quibus
1444 3755 1753 3811 obstrictus
1785 3770 1939 3822 sum,
1973 3757 2330 3810 catenarum.

1043 3883 1270 3940 CAPUT
1309 3882 1516 3938 XXXI.

458 4010 531 4066 De
579 4008 900 4081 trajectione
949 4009 1112 4063 Pauli
1157 4009 1221 4089 ἐτι
1268 4007 1516 4132 ίζιιιιίαγη,
1563 4010 1616 4060 et
1679 4005 1746 4060 de
1790 4005 2100 4077 naufragio

1147 4095 1264 4132 eius
1303 4094 1410 4132 em.

1147 4094 1410 4144 eyusaem.

522 4206 776 4280 Agrippa
825 4210 1044 4277 autem,
1093 4212 1146 4261 et
1185 4205 1281 4276 qui
1333 4220 1466 4260 cum
1512 4220 1578 4260 eo
1623 4213 1806 4273 erant,
1852 4219 1918 4260 ex
1950 4220 2096 4260 con-

451 4313 612 4354 sessu
636 4297 836 4353 statim
862 4299 1300 4368 consurgentes,
1327 4299 1384 4350 et
1416 4294 1656 4350 seorsim
1688 4293 2095 4364 consistentes,

450 4387 604 4444 Nihil
628 4386 950 4460 (inquiunt)
975 4388 1148 4441 homo
1171 4385 1303 4453 iste,
1327 4384 1479 4455 quod
1507 4382 1754 4438 vinculis
1784 4387 1886 4437 aut
1909 4389 2094 4439 morte

2811 3887 3066 3938 ΚΕΦΔΛ.
3113 3887 3240 3940 AA'.

2211 4003 2368 4128 Πεςὶ
2418 4007 2535 4056 τοῦ
2585 4003 2678 4064 εἰς
2719 4003 3007 4061 Ἰταλίαν
3055 4007 3364 4064 ἀπόπλου
3412 4011 3528 4065 τοῦ
3569 4010 3860 4066 ἀποστό-

2364 4095 2433 4128 ου
2476 4074 2759 4128 Παύλου-
2800 4077 2906 4128 καί
2945 4078 3029 4128 ὡς
3067 4081 3345 4128 ναυαγία
3384 4081 3742 4128 ἔνο-[σηιξη

2364 4095 2433 4128 ου
2476 4074 2761 4148 Παύλου,
2800 4077 2906 4132 καί
2945 4078 3029 4142 ὡς
3067 4081 3346 4154 ναυαγία
3384 4081 3743 4157 ἐχρήσατο.

2279 4199 2582 4276 Ἀγρίππας
2615 4198 2662 4255 δ’
2693 4201 2847 4266 εὐθὺς
2890 4205 2977 4258 καὶ
3028 4205 3084 4258 οἱ
3137 4207 3531 4283 συμπαρόντες,
3565 4212 3663 4264 τοῦ
3710 4231 3856 4265 συνε-

2208 4287 2360 4365 δρίου
2401 4290 2802 4362 ἐξαναστάντες,
2831 4294 2921 4348 καὶ
2972 4293 3084 4365 ἰδίᾳ
3132 4295 3443 4370 γενόμενοι,
3476 4296 3670 4365 Οὐδὲν,
3720 4295 3849 4372 ἔφα-

2208 4400 2352 4448 σκον,
2407 4380 2553 4450 ἄξιον
2615 4381 2840 4436 θανάτου
2897 4382 2931 4452 ἢ
2991 4381 3205 4457 δεσμῶν
3261 4387 3290 4439 ὁ
3348 4385 3630 4462 ἅνθρωπος
3690 4389 3848 4449 οὗτος

449 4478 690 4550 dignum
724 4477 822 4544 sit,
853 4477 1006 4533 facit.
1040 4476 1125 4531 Ad
1159 4475 1312 4547 quod
1341 4474 1635 4547 Aggrippa
1666 4473 1881 4544 adjicit,
1907 4473 2097 4528 absol-

2217 4468 2452 4544 πράσσει.
2486 4472 2542 4524 '0
2590 4466 2636 4524 δ’
2687 4469 2995 4546 Ἀγρίππας
3042 4475 3374 4549 προσετίθει,
3429 4477 3503 4537 ὡς
3567 4477 3656 4531 καὶ
3708 4477 3845 4533 ἀπο-

447 4568 704 4623 vendum
735 4582 869 4623 eum
902 4565 1106 4633 fuisse,
1155 4564 1268 4620 nisi
1301 4565 1584 4620 Caesarem
1615 4561 1984 4635 appellasset.
2017 4563 2096 4618 Ea

447 4673 617 4729 porro
642 4656 712 4711 de
742 4671 919 4712 causa
949 4655 1007 4710 in
1042 4653 1264 4710 Italiam
1297 4654 1348 4708 ei
1380 4652 1777 4724 navigandum
1810 4667 1956 4722 esse,
1994 4653 2095 4707 de-

445 4745 720 4801 cernitur.
776 4745 858 4801 lta
913 4743 1068 4801 Julio
1127 4743 1359 4800 cuidam
1417 4759 1480 4798 ex
1543 4741 1778 4798 cohorte
1836 4743 2092 4814 Augusta

443 4835 850 4892 committitur.
883 4833 1046 4890 Nacti
1080 4839 1271 4890 autem
1297 4849 1503 4889 navem
1536 4831 2004 4898 Adrumetinam,
2029 4832 2089 4887 in

441 4940 570 4980 eam
602 4925 1021 4980 conscendunt.
1056 4923 1230 4978 Porro
1262 4938 1390 4977 cum
1437 4920 1616 4976 Paulo
1647 4929 1762 4976 erat
1797 4924 2001 4990 Lucas,
2034 4925 2092 4976 et

439 5016 813 5072 Aristarchus
861 5032 930 5071 ex
976 5015 1309 5070 Macedonia
1337 5011 1902 5069 Thessalonicensis.
1951 5013 2091 5068 Inde

439 5105 714 5162 Sidonem
765 5108 906 5159 sunt
962 5103 1190 5159 delati:
1243 5119 1379 5158 mox
1418 5101 1874 5174 progredientes,
1919 5102 2090 5172 juxta

437 5196 687 5268 Cyprum
737 5194 1010 5267 navigant
1051 5211 1066 5263 ;
1129 5199 1183 5248 et
1230 5192 1504 5262 deinceps
1561 5189 1714 5246 I85
1768 5189 1981 5247 Ciliciae
2031 5195 2088 5247 et

435 5284 787 5356 Pamphylia
821 5284 966 5344 mari
999 5281 1370 5349 transmisso,
1397 5280 1468 5336 ad
1495 5280 1662 5353 Myra
1686 5280 1870 5350 Lyciae
1895 5281 2087 5352 appel-

435 5374 588 5430 lunt.
622 5375 707 5430 Ibi
737 5373 1129 5429 Alexandrina
1153 5373 1282 5430 navi
1303 5373 1360 5427 in
1392 5370 1619 5428 Italiam
1661 5369 1955 5438 tendente,
1989 5370 2085 5425 in-

435 5465 630 5528 venta,
662 5461 854 5517 Julius
886 5479 1016 5518 cum
1048 5463 1256 5518 vinctis
1292 5461 1349 5516 in
1382 5477 1509 5517 eam
1543 5459 1885 5533 imponitur.
1916 5460 1982 5515 Et
2013 5460 2080 5514 ad

436 5549 689 5607 Guidum
744 5567 876 5605 cum
919 5553 1155 5623 propius
1193 5549 1556 5620 accessisset,
1591 5555 1794 5622 praeter
1824 5549 2081 5618 Cretam,

426 5642 596 5713 juxta
642 5639 978 5696 Salmonam
1023 5641 1274 5700 vehitur.
1326 5639 1547 5697 Dehinc
1598 5639 1669 5695 ad
1721 5638 1940 5711 locum,
1985 5638 2081 5696 cui

2205 4555 2466 4613 λελύσθαι
2499 4555 2707 4622 δίκαιος
2739 4560 2766 4614 ὁ
2799 4559 3082 4635 ἄνθρωπος
3115 4562 3203 4632 ἦν,
3235 4563 3281 4618 εἰ
3318 4565 3394 4636 μή
3447 4565 3687 4640 Καίσαρα
3736 4565 3847 4621 ἐπε-

2201 4647 2470 4716 κέκλητο·
2525 4648 2614 4702 καὶ
2675 4646 2786 4703 δεῖν
2829 4649 2986 4706 πλεῖν
3034 4651 3109 4713 εἷς
3162 4652 3392 4708 Ἰταλίαν
3441 4655 3698 4729 ἐκρίνετο.
3751 4656 3844 4710 Καὶ

2205 4734 2342 4804 δῆτα
2384 4735 2600 4809 Ἰουλίῳ
2630 4739 2735 4792 τινὶ
2786 4740 3011 4814 σπείρης
3059 4736 3323 4811 σεϐαστῆς
3368 4740 3714 4818 παρεδίδοτο.
3751 4743 3845 4800 Καὶ

2195 4825 2377 4881 τοίνυν
2450 4824 2502 4895 ἐξ
2561 4823 2928 4900 Ἀδραμυτίου
3000 4829 3184 4903 πλοίῳ
3256 4834 3663 4907 περιτυχόντες,
3727 4833 3844 4886 ἒπε-

2199 4916 2405 4979 ϐαινον,
2465 4921 2565 4975 Ἦν
2625 4917 2682 4974 δὲ
2737 4919 2826 4973 καὶ
2911 4924 3121 4981 Λουκᾶς
3204 4920 3296 4974 σὺν
3356 4925 3436 4992 τῷ
3497 4922 3697 4994 Παύλῳ
3757 4923 3848 4976 καὶ

2194 5009 2578 5086 ’Δρίσταρχος,
2687 5006 2946 5064 Μακεδὼν
3061 5009 3506 5073 Θεσσαλονικεύς.
3613 5013 3844 5068 Ἐνεῖθεν

2199 5097 2256 5155 δὲ
2331 5099 2407 5162 εἷς
2497 5099 2712 5156 Σιδῶνα
2796 5101 3172 5175 κατήχθησαν.
3243 5097 3682 5175 Παροδεύσαντες
3771 5100 3846 5162 δὲ,

2195 5191 2293 5259 τὴν
2377 5190 2594 5265 Κύπρον
2671 5189 3031 5246 ὑπέπλευσαν.
3091 5189 3190 5243 Καὶ
3262 5186 3400 5258 δῆτα
3474 5189 3536 5244 τὸ
3607 5187 3695 5244 διὰ
3758 5199 3846 5246 Κι-

2197 5280 2380 5341 λικίας
2461 5281 2551 5335 καὶ
2650 5279 2978 5356 Παμφυλίας
3073 5278 3312 5355 πέλαγος
3396 5277 3842 5354 διαπλεύσαντες,

2197 5368 2272 5432 εἲς
2330 5369 2396 5423 τὰ
2449 5375 2606 5444 Μῦρα
2663 5375 2764 5439 τῆς
2817 5368 3016 5431 Λυκίας
3082 5375 3344 5445 κατῆραν.
3395 5369 3599 5424 Ἐκεῖσε
3654 5367 3843 5443 πλοίῳ

2193 5458 2244 5530 ἐξ
2304 5456 2712 5533 Ἀλεξανδρείας
2789 5459 3101 5534 περιτυχὼν
3162 5461 3188 5512 ὁ
3249 5457 3509 5528 Ἰούλιος,
3569 5457 3645 5521 εἷς
3703 5461 3843 5516 Ἰτα-

2191 5546 2311 5602 λίαν
2371 5546 2618 5619 πλὲοντι,
2685 5547 2776 5603 σὺν
2835 5553 2951 5610 τοῖς
3024 5544 3328 5622 δεσμώταις
3372 5547 3626 5623 ἀνήγετο.
3691 5548 3842 5604 Κατᾶ

2187 5639 2287 5708 τὴν
2355 5634 2547 5696 Κνίδον
2630 5635 2688 5694 δὲ
2772 5639 3039 5719 γεγονὼς,
3095 5639 3192 5710 τὴν
3273 5638 3491 5713 Κρήτην
3568 5635 3842 5712 παρέπλει
