4070 6274
191 380 318 442 837

1215 373 1842 442 ECCLESIASTICB
1883 369 2276 434 HISTOBIJE
2320 369 2464 432 LIB.
2511 369 2592 432 II.

3493 376 3614 437 838

191 512 339 567 κατά
375 509 706 583 Σαλμώνην.
739 511 964 565 Ἔπειτα
993 507 1046 565 ἐν
1080 511 1274 588 χώρῳ,
1307 511 1354 581 ᾦ
1406 509 1576 565 Καλοῖ
1626 509 1844 583 λιμένες

1963 507 2103 562 Boni
2151 508 2356 577 portus
2405 523 2618 564 nomen
2670 512 2778 578 est,
2824 509 3211 566 deferuntur:
3267 527 3299 566 a
3351 527 3464 583 quo
3495 530 3615 570 non

194 599 408 672 ὄνομα,
449 600 722 673 ἤχθησαν.
777 597 942 659 Πόλις
993 596 1039 652 δ’
1083 597 1242 674 ἐγγὺς
1287 599 1356 667 ἦν
1404 597 1593 672 ἐκείνῳ
1641 595 1851 654 Λασαία

193 690 300 758 τήν
356 689 573 757 κλῆσιν.
609 687 944 765 Ἐπιφαλοῦς
975 685 1031 742 δὲ
1078 693 1174 742 τοῦ
1219 685 1364 743 πλοῦ
1414 687 1590 756 ὄντος,
1635 686 1854 749 Παῦλος

199 778 551 854 προήγγελεν
585 777 659 838 ὡς
689 779 776 832 καὶ
810 778 903 832 τὸν
932 777 1129 853 φόρτον
1171 773 1530 833 ἀποϐαλεῖται
1562 779 1623 833 τὸ
1654 777 1852 832 πλοῖον

205 870 332 937 μεθ’
361 864 592 941 ὕϐρεως,
621 867 711 921 καὶ
762 867 813 920 έν
853 871 978 942 χρῷ
1023 864 1268 921 κινδύνου
1318 866 1452 944 ἄχρι
1503 865 1570 935 δὴ
1615 868 1701 920 καὶ
1753 870 1854 939 ψυ-

207 962 334 1035 χῶν
396 955 685 1031 γενέσθαι·
745 956 978 1030 παρῄνει
1032 976 1090 1010 τε
1150 957 1225 1028 μὴ
1287 955 1484 1010 ἐκεῖθεν
1547 956 1854 1029 ἀνάγεσθαι.

203 1047 270 1102 ⁴Ο
333 1042 382 1099 δ’
439 1044 846 1118 ἑκατοντάρχης
903 1049 984 1116 τῷ
1047 1039 1353 1118 κυϐερνήτῃ
1416 1041 1631 1116 μᾶλλον
1685 1045 1719 1113 ἢ
1777 1047 1857 1115 τῷ

205 1135 424 1207 Παύλῳ
478 1135 738 1190 ἐπείθετο.
800 1135 1030 1190 Ἐκεῖθεν
1082 1135 1263 1190 τοίνυν
1316 1133 1608 1208 ἀνήγοντο,
1661 1133 1858 1202 ἥκιστα

202 1223 591 1298 παραχείμασι
651 1225 840 1278 ἱκανοῦ
899 1223 1062 1287 ὄντος
1107 1229 1206 1279 τοῦ
1265 1221 1510 1296 λιμένος.
1570 1222 1751 1280 Νότου
1811 1219 1858 1276 δ’

202 1313 622 1383 ἐκπνεύσαντος,
707 1311 930 1388 ἄραντες
1015 1320 1204 1383 ’¹Ασον,
1288 1312 1654 1387 παρελέγοντο
1755 1314 1854 1382 τὴν

203 1406 450 1476 Κρήτην.
519 1405 830 1480 Τυφωνικὸς
903 1400 948 1457 δ’
1024 1401 1218 1476 ὂίνεμος
1295 1402 1605 1472 ἐκπνεύσας,
1683 1400 1858 1477 Εύρο-

198 1491 428 1548 κλύδων
488 1490 846 1565 ὠνόμασται·
899 1493 990 1547 καὶ
1043 1497 1142 1548 τοῦ
1212 1491 1410 1548 πλοίου
1469 1491 1860 1562 συναρπασθέν-

199 1604 324 1651 τος,
378 1582 782 1655 ἀντοφθαλμεῖν
823 1603 880 1637 τε
933 1583 1008 1655 μὴ
1064 1581 1350 1656 ἰσχύοντος
1398 1586 1479 1653 τῷ
1524 1582 1734 1654 ἀνέμῳ,
1771 1602 1861 1654 μι-

200 1673 340 1742 κρὸν
401 1669 677 1732 ἐπιδόντες
750 1666 1054 1747 ἐφέροντοο
1131 1671 1222 1725 καὶ
1297 1669 1435 1740 δῆτα
1508 1668 1752 1740 νησίδιόν
1805 1691 1859 1725 τι

205 1758 619 1834 ὑποδραμόντες
653 1759 698 1831 ᾦ
751 1755 979 1828 Κλαύδη
1033 1761 1096 1828 ἦν
1148 1755 1341 1833 ὄνομα,
1378 1761 1541 1832 μόλις
1588 1767 1688 1829 τῆς
1731 1758 1860 1814 σκά·

1962 598 2133 663 longe
2161 595 2362 651 civitas
2391 599 2530 660 erat,
2566 597 2719 653 Lassa
2763 597 2935 652 dicta.
2983 599 3050 653 Et
3100 615 3235 654 cum
3287 601 3623 672 periculosa

1961 688 2114 742 esset
2144 683 2421 754 navigati,
2451 684 2666 740 Paulus
2699 701 2900 741 navem
2934 688 3293 758 tempestate
3326 689 3394 744 ad
3420 690 3626 761 jactu-

1963 791 2088 830 ram
2128 789 2314 845 usque
2341 788 2470 828 cum
2519 773 2758 845 injuria,
2807 783 3182 848 vectoresque
3231 778 3302 832 de
3341 778 3459 834 vita
3489 779 3621 851 ipsa

1963 878 2196 919 summe
2244 861 2675 931 periclitaturos
2723 878 3114 934 praemonens,
3158 880 3271 920 non
3305 867 3614 922 transmit-

1965 947 2207 1007 tendum
2239 950 2374 1006 inde
2405 953 2628 1007 suadet.
2678 953 2788 1008 Sed
2822 954 3082 1009 centurio
3131 954 3191 1009 in
3224 971 3288 1010 eo
3320 957 3612 1024 guberna-

1963 1044 2145 1096 torem
2177 1040 2360 1107 navis,
2394 1041 2582 1112 magis
2637 1058 2813 1113 quam
2852 1041 3104 1098 Paulum
3140 1043 3438 1102 audiebat.
3467 1045 3618 1109 Qua-

1964 1136 2197 1204 propter
2243 1131 2400 1200 inde,
2451 1133 2608 1203 quod
2659 1139 2859 1203 portus
2923 1134 2995 1189 ad
3057 1133 3437 1191 hiemandum
3493 1153 3611 1193 non

1964 1222 2108 1277 satis
2138 1221 2383 1276 idoneus
2430 1229 2601 1290 esset,
2635 1222 2992 1278 discedunt:
3041 1228 3098 1278 et
3140 1223 3285 1280 Noto
3337 1225 3618 1296 spirante,

1963 1312 2112 1366 Asse
2143 1314 2430 1382 superata,
2482 1309 2713 1366 Cretam
2770 1311 3058 1382 legebant.
3090 1312 3216 1370 Mox
3250 1318 3454 1370 ventus
3486 1331 3620 1371 exo-

1965 1405 2130 1474 rytur
2160 1400 2512 1472 typhonicus
2539 1404 2596 1456 et
2611 1400 3007 1472 turbulentus,
3033 1419 3206 1474 quem
3229 1405 3618 1475 procellosum

1966 1494 2204 1558 Eurum,
2263 1505 2365 1544 seu
2416 1489 2906 1562 Euroaquilonem
2956 1495 3184 1552 vocant.
3237 1494 3440 1565 Itaque
3484 1494 3619 1550 navi

1965 1581 2038 1636 ab
2087 1596 2154 1635 eo
2201 1584 2390 1651 rapta,
2440 1596 2573 1634 cum
2623 1589 2820 1636 contra
2871 1581 2979 1636 niti
3033 1599 3147 1638 non
3181 1588 3444 1654 possent,
3474 1591 3618 1640 tein-

1967 1669 2172 1742 pestaii
2205 1667 2573 1741 aliquantum
2606 1671 2896 1738 cedentes,
2935 1673 3218 1728 ferantur.
3253 1674 3321 1729 Et
3355 1675 3424 1729 ad
3459 1674 3619 1730 insu-

1964 1759 2080 1815 lam
2111 1758 2421 1830 quamdam
2469 1775 2729 1828 parvam,
2773 1776 2900 1832 qua
2931 1759 3152 1817 Clauda
3177 1761 3410 1831 dicitur,
3445 1779 3621 1818 cursu

206 1868 317 1923 φης
379 1853 724 1922 περικρατεῖς
781 1847 940 1916 ἦσαν.
992 1849 1090 1903 Καὶ
1141 1854 1222 1920 τῷ
1277 1846 1461 1922 πλοίῳ
1516 1848 1718 1920 ταύτην
1779 1847 1853 1902 ἐν-

1966 1848 2204 1914 directo,
2249 1847 2342 1902 vix
2378 1847 2614 1918 scapha;
2659 1855 2958 1921 compotes
2991 1850 3113 1906 fieri
3146 1855 3476 1922 potuerunt.
3509 1854 3620 1908 Ea-

208 1937 454 2010 θέμενοι,
513 1936 674 2012 ῥώμῃ
733 1939 876 2010 πάσῃ
935 1938 1034 2006 τὴν
1105 1943 1232 1992 ναῦν
1306 1936 1647 2007 διεζώννυον,
1720 1938 1856 2012 πρὸς

207 2028 305 2089 τὰς
367 2021 610 2099 ἐμϐολὰς
677 2030 783 2080 τῶν
859 2027 1118 2099 κυμάτων
1198 2026 1440 2101 ἀντέχειν
1521 2030 1857 2101 παρασκευά-

212 2120 416 2184 ζοντες.
477 2118 561 2170 Ἐν
619 2109 773 2190 φόϐῳ
822 2113 872 2170 δ’
917 2114 1066 2177 ὄντες
1120 2117 1194 2188 μή
1245 2117 1369 2188 περί
1417 2117 1513 2179 τάς
1563 2116 1859 2191 λεγομένας

211 2203 440 2277 Σύρτεις
468 2202 770 2276 ἐμπέσωσι,
799 2203 862 2258 τὸ
910 2203 1080 2258 ἱστιόν
1127 2208 1224 2258 τοῦ
1254 2202 1471 2259 πολλοῦ
1516 2205 1673 2259 τόνου
1712 2205 1858 2260 ἀνέν-

205 2315 317 2366 τες,
377 2293 658 2371 ἐφέροντο.
720 2293 972 2370 Σφοδροῦ
1041 2291 1087 2348 δ’
1162 2293 1480 2370 ἐγκειμένου
1555 2299 1857 2368 χειμῶνος,

202 2388 441 2457 τριταῖοι
492 2382 809 2459 αὐτόχειρες
857 2385 956 2450 τὴν
1014 2384 1208 2451 σκευὴν
1256 2388 1354 2438 τοῦ
1404 2381 1606 2438 πλοίου
1653 2384 1858 2438 ἅπασαν

199 2477 279 2544 τῷ
326 2471 555 2547 πελάγει
600 2472 842 2548 ἀφίεσαν.
893 2473 1123 2534 Ἱκαναῖς
1183 2469 1231 2526 δ’
1288 2471 1367 2550 ἐφ’
1426 2471 1657 2545 ἡμέραις
1721 2473 1859 2546 μηθ’

208 2561 382 2630 ἡλίου
443 2563 583 2635 μήτε
639 2560 847 2635 ἄστρων
911 2562 1046 2635 ὑπὲρ
1105 2560 1330 2636 ούρανὸν
1391 2560 1710 2634 ὁρωμένων,
1765 2565 1853 2617 καὶ

207 2649 428 2705 πολλοῦ
485 2648 586 2706 τοῦ
644 2647 924 2712 κλύδωνος
981 2649 1384 2724 περιρρέοντος,
1442 2655 1588 2704 πᾶσα
1644 2653 1678 2718 ἡ
1757 2658 1857 2720 τῆς

213 2738 492 2812 σωτηρίας
549 2744 865 2814 περιῃρεῖτο
923 2737 1100 2800 ἐλπίς.
1164 2739 1373 2808 ’Δσιτίᾳ
1429 2759 1488 2794 τε
1547 2737 1636 2793 διὰ
1689 2745 1860 2796 ταῦτα

217 2827 554 2900 πιεζομένων
616 2834 722 2885 τῶν
775 2828 826 2884 ἐν
885 2833 965 2900 τῷ
1021 2827 1203 2902 πλοίῳ
1265 2827 1480 2902 πολλῇ,
1530 2830 1558 2884 ὁ
1618 2828 1859 2898 Παῦλος,

221 2917 426 2990 Ἐχρῆν
473 2919 587 2991 μὲν,
641 2916 814 2994 ἔλεγε,
845 2921 1158 2988 πειθηνίους
1203 2939 1266 2994 γε
1309 2917 1484 2987 ὄντας,
1529 2919 1606 2990 μὴ
1654 2917 1713 2973 ἐκ
1757 2926 1856 2986 τῆς

221 3009 438 3080 Κρήτης
486 3007 794 3080 ἀνάγεσθαι,
843 3011 940 3076 τῆς
984 3028 1042 3062 τε
1089 3004 1295 3082 ὕϐρεως
1346 3016 1436 3061 καί
1495 3008 1722 3081 ζημίας,
1783 3009 1856 3069 ὡς

215 3095 552 3170 ποῤῥωτάτω
601 3097 729 3152 εἶναι
766 3116 777 3129 ·
831 3095 978 3152 ἀλλά
1023 3098 1112 3152 καὶ
1162 3101 1247 3151 νῦν
1297 3101 1545 3170 παραινῶ
1603 3098 1856 3170 εὐθύμως

211 3181 354 3260 ἔχειν
418 3187 558 3259 ὑμᾶς
593 3207 606 3219 ·
667 3185 814 3256 πλὴν
868 3188 974 3262 γὰρ
1029 3190 1127 3242 τοῦ
1185 3185 1406 3257 πλοίου,
1458 3184 1686 3260 οὐδεμία
1744 3193 1849 3242 τῶν

207 3269 355 3330 ἔνδον
412 3277 764 3332 ἀποπεσεῖται
815 3278 993 3352 ψυχή.
1045 3275 1221 3350 Ταύτῃ
1275 3277 1379 3351 γὰρ
1439 3273 1506 3346 δὴ
1557 3280 1624 3350 τῇ
1676 3278 1848 3347 νυκτὶ,

207 3369 339 3419 Θεοῦ
399 3362 631 3441 ἅγγελος
680 3366 725 3438 ᾧ
783 3363 974 3440 λάτρις
1030 3363 1144 3438 εἰμὶ
1201 3364 1499 3438 παραστὰς,
1558 3366 1852 3440 παρηγγύα

203 3473 259 3508 τι
295 3457 370 3527 μὴ
425 3449 708 3534 φοϐεῖσθαι
745 3474 756 3488 ·
805 3459 893 3509 Δεῖ
942 3453 1044 3530 γάρ
1096 3475 1153 3508 σε
1184 3454 1412 3528 Καίσαρι
1459 3461 1798 3528 παραστῆναι
1833 3472 1846 3487 ο

205 3543 361 3618 χάριν
392 3564 454 3598 τε
483 3543 568 3598 σοὶ
614 3542 877 3614 πλείστην
927 3541 1109 3612 εἰδὼς,
1149 3542 1277 3604 τοὺς
1326 3542 1660 3616 συμπλώτας
1713 3544 1851 3597 πάν-

201 3651 293 3694 τας
352 3633 440 3688 σοί
505 3655 566 3708 γε
643 3631 918 3708 δωρεῖται.
979 3634 1253 3688 Ἐκπεσεῖν
1313 3630 1358 3687 δ’
1429 3633 1633 3708 ἀνάγκη
1706 3636 1853 3706 ἡμᾶς

203 3724 352 3794 νήσῳ
410 3721 537 3781 τινί.
591 3719 1145 3796 Τεσσαρεσκαιδεκάτη
1205 3721 1290 3792 νὺξ
1358 3721 1608 3796 παρῆλθε
1664 3722 1725 3776 τὸ
1800 3722 1851 3792 ἐξ

205 3810 434 3882 ἐκείνου,
496 3813 547 3866 οἱ
607 3810 664 3866 δὲ
717 3815 796 3882 τῷ
872 3809 1060 3885 Ἀδρίᾳ
1115 3809 1526 3886 ἐταλαιπώρουν
1563 3831 1576 3844 ·
1643 3811 1736 3866 καὶ
1789 3812 1851 3866 τὸ

209 3900 373 3972 βάθος
453 3898 879 3978 ἀναδιφώμενοι,
957 3901 1082 3975 περὶ
1156 3902 1376 3977 ὀργυιάς
1453 3901 1696 3975 εὕρισκον
1776 3897 1852 3956 εἷ’-

205 4009 345 4048 κοσι.
394 3997 625 4068 Τραχεῖς
670 3989 727 4045 δὲ
784 3991 986 4054 τόπους
1048 3991 1290 4045 ἐκπεσεῖν
1349 3987 1605 4059 δεδιότες,
1662 3989 1856 4046 τέσσα-

208 4097 300 4150 ρας
380 4079 617 4153 ἀγκύρας
693 4078 944 4154 ῥίψαντες
1019 4080 1356 4156 πρύμνηθεν,
1431 4079 1638 4154 ἡμέραν
1716 4081 1854 4155 γενέ-

206 4167 325 4220 σθαι
390 4167 759 4224 ἐθεοκλύτουν.
821 4168 889 4225 Οἱ
949 4167 1006 4223 δὲ
1061 4173 1244 4224 ναῦται
1311 4168 1402 4224 καὶ
1475 4170 1576 4238 τὴν
1649 4168 1855 4246 σκάφην

205 4251 262 4308 ἐκ
314 4260 416 4310 τοῦ
482 4255 684 4312 πλοίου
757 4259 894 4314 κάτὰ
950 4257 1230 4334 πελάγους
1307 4255 1583 4333 ἔρριπτον,
1643 4260 1852 4335 φεύγειν

209 4339 689 4419 διασκοπούμενοι.
743 4345 1042 4422 Είσηγήσει
1102 4345 1159 4403 δέ
1216 4347 1441 4402 Παύλου
1491 4349 1543 4402 οἱ
1593 4349 1718 4422 περὶ
1767 4349 1858 4403 τὸν

207 4431 630 4510 ἑκατόνταρχον,
691 4436 785 4498 τὰς
862 4438 1120 4511 σχοίνους
1199 4435 1405 4507 ἐκείνης
1487 4434 1856 4510 διατεμόντες,

206 4525 284 4591 τῷ
339 4522 571 4598 πελάγει
638 4525 736 4592 τήν
809 4525 1018 4600 σκάφην
1075 4523 1197 4580 ε’ίων
1273 4524 1497 4599 ἀνέμοις
1578 4526 1852 4601 φέρεσθαι.

1965 1953 2079 2008 que
2107 1937 2161 1990 in
2196 1935 2386 1992 navim
2419 1935 2672 2005 sublata,
2705 1939 2904 1993 navim
2938 1939 3127 2009 ipsam
3163 1957 3337 2012 quam
3371 1946 3622 2012 possunt

1967 2025 2327 2094 ﬁrmissime,
2385 2033 2584 2082 contra
2639 2027 3006 2084 incursiones
3050 2033 3107 2084 et
3157 2029 3442 2101 procellas
3503 2030 3618 2085 ilu-

1967 2121 2168 2173 ctuum
2201 2116 2520 2189 cingentes,
2551 2117 2849 2173 instruunt
2869 2123 2926 2174 et
2951 2121 3374 2176 communiunt.
3401 2121 3620 2177 Deinde

1969 2223 2042 2263 ne
2097 2207 2157 2261 in
2213 2207 2429 2276 Syrtes,
2485 2223 2610 2276 quis
2685 2207 2984 2275 dicuntur,
3045 2209 3367 2266 inciderent
3422 2211 3617 2280 veriti,

1967 2294 2091 2351 velo
2151 2295 2338 2350 laxato
2378 2293 2690 2351 vehuntur.
2742 2297 2811 2351 Et
2861 2295 3362 2354 turbulentissima
3425 2309 3623 2356 coorta

1967 2385 2162 2441 hieme
2205 2391 2259 2439 et
2307 2388 2671 2454 tempestate,
2715 2386 2884 2441 tertio
2915 2386 3154 2442 demum
3209 2386 3300 2442 die
3327 2388 3624 2458 jacturam

1968 2475 2212 2542 faciunt,
2247 2480 2301 2529 et
2346 2474 2613 2529 manibus
2662 2473 2773 2546 ipsi
2819 2475 2944 2531 suis
2996 2477 3195 2532 omnia
3226 2476 3389 2533 navis
3419 2494 3620 2534 arma-

1968 2568 2167 2621 menta
2215 2563 2274 2618 in
2323 2562 2562 2634 pelagus
2611 2564 2947 2635 projiciunt.
2999 2569 3141 2621 Cum
3187 2569 3380 2622 autem
3415 2566 3619 2624 diebus

1968 2652 2258 2723 pluribus,
2292 2667 2480 2722 neque
2511 2650 2622 2718 sol,
2674 2669 2862 2724 neque
2911 2658 3071 2710 astra
3115 2655 3174 2710 in
3207 2655 3350 2711 cwlo
3381 2657 3614 2728 conspi-

1969 2745 2256 2809 cerentur,
2307 2740 2702 2812 immanisque
2750 2747 3026 2812 praeterea
3077 2743 3413 2800 immineret
3459 2749 3617 2801 tem-

1967 2839 2183 2902 pestas,
2235 2830 2426 2887 omnis
2474 2847 2609 2902 spes
2658 2831 2866 2888 salutis
2915 2833 3265 2904 praeciditur.
3321 2834 3513 2906 anue
3543 2837 3616 2890 de

1968 2935 2144 2976 causa
2175 2925 2429 2974 vectores
2475 2919 2590 2974 cibi
2639 2919 2996 2976 abstinentia
3043 2926 3100 2976 et
3129 2921 3324 2978 inedia
3354 2921 3617 2996 longiore

1969 3011 2356 3062 macerantur.
2408 3008 2593 3078 Atque
2639 3007 2721 3062 ibi
2774 3008 3034 3064 Paulus:
3089 3010 3352 3072 Decebat,
3405 3011 3615 3083 inquit,

1966 3113 2066 3151 vos
2099 3096 2240 3151 mihi
2291 3112 2512 3152 morem
2564 3113 2781 3168 gerere,
2832 3102 2889 3153 et
2936 3114 2965 3153 e
3010 3098 3180 3155 Creta
3229 3116 3343 3155 non
3375 3100 3616 3157 solvere.

1968 3185 2064 3241 Sic
2094 3185 2250 3240 enim
2284 3187 2647 3254 tempestatis
2677 3185 2856 3258 hujus
2887 3187 3100 3259 injuria
3123 3188 3428 3259 etjaotura
3457 3205 3613 3246 care-

1967 3276 2128 3330 retis.
2177 3275 2285 3330 Sed
2319 3291 2474 3330 nunc
2511 3291 2743 3347 quoque
2794 3277 2990 3347 quieto
3041 3293 3140 3334 vos
3189 3277 3457 3350 bonoque
3486 3295 3612 3336 esse

1953 3364 2130 3436 jubeo
2162 3363 2374 3419 animo.
2409 3366 2619 3420 Praeter
2667 3365 2859 3420 navim
2915 3366 3068 3422 enim
3121 3366 3284 3422 nulla
3314 3371 3612 3424 vectorum

1960 3452 2265 3508 intercidet
2314 3455 2530 3508 anima.
2586 3453 2704 3508 Hac
2751 3455 2904 3509 enim
2965 3455 3092 3525 ipsa
3143 3462 3308 3510 nocte
3355 3455 3611 3527 Angelus

1962 3541 2086 3605 Dei,
2120 3556 2290 3611 quem
2343 3539 2491 3607 colo,
2542 3541 2687 3596 mihi
2735 3541 3038 3612 assistens,
3079 3543 3344 3599 timorem
3387 3560 3476 3599 me
3507 3545 3612 3600 ah-

1955 3629 2137 3700 jicere
2164 3628 2344 3698 jussit
2376 3646 2388 3683 :
2423 3629 2658 3699 Oportet
2680 3630 2865 3696 enim,
2897 3631 3116 3698 dicens,
3155 3632 3306 3703 apud
3328 3633 3612 3689 Caesarem

1962 3725 2017 3774 te
2048 3717 2196 3774 sisti.
2228 3717 2291 3772 Et
2321 3718 2477 3788 quod
2509 3718 2798 3787 gratiosus
2828 3721 2980 3791 apud
3014 3720 3194 3776 Deum
3228 3735 3311 3791 es,
3354 3727 3608 3779 vectores

1961 3805 2140 3864 simul
2196 3822 2400 3862 omnes
2451 3807 2558 3861 tibi
2607 3806 2703 3862 ille
2750 3809 2978 3864 donat:
3022 3808 3082 3864 in
3123 3808 3371 3866 insulam
3415 3816 3608 3869 autem

1962 3912 2067 3953 nos
2124 3895 2436 3966 quamdam
2481 3895 2613 3966 ejici
2663 3911 2897 3953 necesse
2949 3903 3053 3954 est.
3113 3899 3329 3963 Quarta
3378 3899 3607 3957 decima

1960 3985 2168 4041 deinde
2215 3985 2548 4056 supervenit
2592 4001 2722 4055 nox,
2777 3986 2929 4042 186
2979 3991 3036 4042 et
3083 3986 3164 4042 illi
3218 3987 3276 4043 in
3313 3989 3606 4048 Adriatico

1963 4072 2320 4130 al'ﬂiclantur
2370 4073 2516 4128 mari
2552 4088 2566 4128 :
2601 4081 2777 4146 atque
2829 4074 3203 4132 altitudinem
3257 4076 3618 4149 inquirentes

1965 4163 2157 4229 undat,
2187 4163 2258 4218 ad
2289 4162 2496 4235 viginti
2529 4179 2744 4234 passus
2777 4163 3112 4222 inveniunt.
3136 4166 3201 4221 Et
3225 4182 3294 4222 ne
3323 4169 3380 4224 in
3414 4185 3620 4242 aspera

1963 4253 2288 4308 inciderent
2318 4254 2442 4308 loca
2473 4256 2826 4320 metuentes,
2847 4258 3100 4326 quatuor
3130 4271 3160 4311 e
3194 4258 3370 4328 puppi
3406 4259 3618 4314 ancho-

1965 4340 2046 4398 ris
2092 4341 2386 4413 projectis,
2430 4341 2586 4398 diem
2638 4359 2672 4399 a
2713 4345 2828 4400 Deo
2880 4344 3146 4414 precibus
3198 4351 3418 4418 Optant.
3465 4349 3616 4403 Tum

1966 4430 2200 4486 demum
2234 4436 2426 4487 nautae
2456 4431 2734 4504 scapham
2769 4449 2799 4488 e
2830 4433 2958 4489 navi
2993 4433 3050 4488 in
3087 4451 3247 4490 mare
3277 4437 3612 4508 projiciunt,

1965 4525 2022 4578 et
2055 4522 2201 4592 fuga
2252 4521 2558 4577 consilium
2611 4522 2862 4594 capiunt.
2896 4523 3166 4580 Centurio
3199 4531 3415 4596 autem,
3450 4525 3614 4581 Pauli

204 4613 377 4682 Πρινή
438 4609 486 4666 δ’
539 4613 749 4686 ἡμέραν
807 4612 1075 4686 γενέσθαι,
1131 4620 1339 4690 τροφῆς
1410 4612 1656 4688 μετέχειν
1714 4619 1843 4668 πᾶσι

1966 4627 2162 4678 suasu,
2195 4611 2361 4667 funes
2415 4611 2644 4682 scaphae
2694 4611 2871 4667 incidi
2914 4613 3102 4684 jubet,
3144 4629 3390 4685 eamque
3425 4615 3613 4670 ventis

203 4701 438 4774 παρῄνει
470 4702 496 4754 ὁ
530 4701 745 4764 Παῦλος
781 4720 794 4734 ⁸
850 4699 990 4774 μηδὲ
1020 4703 1117 4776 γὰρ
1149 4702 1317 4781 τρίχα
1368 4702 1488 4765 ἑνὸς
1531 4707 1637 4757 τῶν
1683 4702 1854 4757 άπάν-

203 4791 308 4841 τῶν
381 4797 482 4859 τῆς
557 4791 801 4864 κεφαλῆς
879 4792 1230 4849 ἀποπίπτειν.
1307 4793 1570 4854 Κάκεῖνος
1634 4797 1851 4867 πρῶτος

208 4880 320 4948 Θεῷ
369 4877 765 4956 ἀφοσιούμενος
793 4881 861 4934 τὰ
911 4879 1115 4952 εἰκότα,
1159 4888 1374 4959 τροφῆς
1423 4879 1648 4950 ἥπτετο.
1701 4880 1852 4937 Ἐπί-

210 4984 304 5034 σης
338 4965 397 5022 δέ
442 4968 533 5022 καὶ
567 4968 618 5022 οἳ
648 4973 746 5024 τοῦ
794 4967 992 5024 πλοίου
1042 4969 1281 5041 ἐποίουν,
1313 4970 1364 5040 ’ἐξ
1417 4969 1565 5033 ὄντες
1616 4966 1854 5043 ἐϐδομή-

207 5057 368 5111 κοντά
411 5077 470 5112 τε
510 5057 600 5112 καὶ
652 5054 943 5115 διακόσιοι.
995 5062 1084 5122 Ὡς
1135 5057 1180 5114 δ’
1229 5059 1409 5134 ἡμέρα
1465 5060 1555 5128 ἦν,
1617 5056 1849 5133 διαγνῶ-

205 5162 288 5198 ναι
323 5147 418 5217 μὲν
449 5144 548 5200 οὐκ
600 5147 752 5222 εἶχον
802 5149 896 5216 τήν
948 5154 1050 5224 γῆν
1083 5167 1096 5180 °
1148 5146 1354 5203 κόλπον
1405 5145 1460 5203 δέ
1503 5169 1620 5202 τινα
1664 5148 1849 5222 ἑώρων

208 5232 459 5306 αἷγιαλόν
509 5229 732 5310 ἔχοντα.
766 5238 867 5299 Τὰς
920 5235 1011 5292 οῦν
1062 5237 1298 5312 ἀγκύρας
1345 5235 1713 5308 περιελόντες,
1759 5236 1849 5291 καὶ

203 5319 296 5382 τὰς
353 5328 462 5378 τῶν
522 5323 815 5395 πηδαλίων
878 5327 1194 5397 ζευκτηρίας
1250 5326 1476 5396 ἀνέντες,
1541 5325 1734 5400 μικρὸν
1795 5323 1851 5380 δὲ

209 5414 625 5488 μετεωρίσαντες
665 5417 758 5470 τὸν
819 5416 1126 5488 ἀρτέμωνα,
1177 5419 1245 5488 τῇ
1306 5415 1630 5489 ἐπιπνεούσῃ
1691 5411 1846 5469 δυνά-

208 5518 292 5568 μει
348 5504 423 5565 εἰς
473 5504 565 5558 τὸν
614 5504 862 5579 αἰγιαλὸν
913 5511 1174 5579 κατῆγον.
1227 5509 1290 5560 Ἠ
1352 5506 1447 5578 μέν
1506 5503 1596 5560 οῦν
1655 5505 1848 5580 πρώρα

206 5585 255 5640 ἒν
291 5596 368 5664 τῷ
399 5591 631 5667 ἀσφαλεῖ
675 5595 968 5650 καθίστατο
1003 5613 1018 5628 ·
1053 5597 1086 5664 ἡ
1136 5591 1192 5648 δὲ
1234 5594 1452 5669 πρύμνα
1490 5599 1560 5670 τῇ
1597 5593 1690 5669 βίᾳ
1740 5598 1847 5648 τῶν

207 5681 457 5750 κυμάτων
508 5680 716 5742 ἐλύετο.
772 5684 870 5741 Καὶ
922 5680 1202 5759 βούλευμα
1254 5683 1350 5759 μὲν
1401 5682 1467 5754 ἦν
1527 5682 1664 5759 ξίφει
1721 5679 1844 5738 δια-

1965 4700 2341 4756 auferendam
2373 4699 2706 4756 committit.
2743 4701 2808 4756 Et
2849 4701 3193 4774 priusquam
3228 4701 3610 4766 illucesceret,

1963 4788 2178 4844 Paulus
2209 4804 2434 4859 omnes,
2467 4797 2528 4844 ut
2568 4790 2764 4845 cibum
2811 4791 3062 4861 capiant,
3095 4791 3380 4861 hortatur,
3415 4809 3486 4847 ne
3517 4809 3613 4848 ca-

1963 4877 2166 4949 pillum
2205 4878 2440 4949 quidem
2494 4878 2734 4936 unicum
2787 4895 2816 4934 e
2857 4880 3044 4952 capite
3093 4896 3294 4936 eorum
3343 4881 3612 4936 omnium

1961 4970 2287 5025 decisurum
2341 4969 2641 5041 pollicens.
2698 4970 2946 5042 Ipseque
3004 4971 3228 5042 primus
3289 4971 3399 5026 Deo
3458 4986 3606 5042 quas

1961 5057 2200 5114 decebat
2228 5057 2430 5128 gratiis
2460 5058 2716 5127 sacratis,
2751 5058 2946 5114 cibum
2979 5061 3160 5116 sumit
3187 5075 3201 5116 :
3224 5060 3378 5131 quod
3404 5059 3604 5116 itidem

1961 5151 2214 5204 vectores
2265 5147 2494 5220 reliqui,
2544 5149 2646 5220 qui
2689 5148 2922 5204 ducenti
2971 5154 3027 5205 et
3077 5150 3448 5222 septuaginta
3506 5166 3605 5207 sex

1959 5241 2145 5303 erant,
2179 5236 2418 5292 faciunt.
2471 5237 2540 5294 Ut
2587 5242 2778 5294 autem
2825 5239 2947 5295 dies
2981 5239 3188 5310 illuxit,
3221 5242 3433 5295 terram
3468 5240 3606 5312 qui-

1960 5325 2089 5382 dem
2120 5325 2456 5394 dignoscere
2487 5330 2783 5399 nequeunt
2808 5343 2822 5384 :
2848 5329 3046 5383 sinum
3071 5344 3204 5384 vero
3232 5328 3608 5400 conspiciunt

1955 5413 2116 5471 littus
2146 5415 2479 5472 habentem.
2514 5417 2830 5473 Subductis
2878 5416 3075 5486 itaque
3107 5418 3356 5486 ancoris,
3387 5419 3604 5491 guber-

1957 5503 2414 5578 naculorumque
2446 5506 2708 5563 remissis
2733 5507 3050 5578 juncturis,
3087 5512 3141 5562 et
3172 5516 3468 5566 artemone
3496 5510 3597 5566 ali-

1955 5595 2305 5666 quantulum
2332 5596 2583 5665 sublato,
2613 5595 2895 5668 spirantis
2925 5597 3076 5653 venti
3099 5597 3150 5652 vi
3176 5599 3247 5655 ad
3277 5598 3441 5656 littus
3476 5607 3602 5656 ten-

1953 5683 2116 5743 dunt.
2149 5684 2218 5740 Et
2265 5701 2436 5757 prora
2487 5687 2723 5760 quidem
2776 5686 2998 5762 integra
3027 5693 3351 5763 permanet,
3384 5690 3598 5764 puppis
