4070 6274
477 346 596 409 839

472 575 620 632 illud
649 573 878 632 consilii
909 572 1166 645 capiunt,
1199 575 1264 629 ut
1292 571 1513 629 vinctos
1535 589 1735 630 omnes
1758 575 2115 646 interimant,

475 681 549 722 ne
591 682 658 720 ex
706 665 788 719 eis
819 663 1131 734 quisquam
1173 662 1426 718 natando
1458 663 1686 719 evadat.
1719 665 1987 722 Centurio
2018 684 2123 723 au-

472 761 616 825 tem,
650 759 884 828 propter
916 753 1180 822 Paulum,
1214 755 1429 810 caedem
1459 771 1587 810 eam
1620 755 1846 812 inhibet
1879 775 1892 813 :
1927 761 1986 814 et
2017 774 2119 832 pro

472 862 536 903 se
566 859 877 919 quemque,
913 849 978 900 ut
1007 847 1225 917 posset,
1261 843 1564 900 consulere
1593 843 1704 900 sibi
1729 845 1918 916 jubet.

1048 951 1282 1008 CAPUT
1320 951 1535 1007 XXXII.

475 1046 537 1103 Ut
589 1045 648 1100 in
705 1041 890 1097 insula
946 1041 1404 1114 Melitaimanum
1462 1042 1629 1114 Pauli
1689 1044 1876 1114 vipera
1931 1061 2115 1100 morsu

632 1115 854 1171 violarit
885 1131 902 1170 :
933 1113 997 1168 de
1027 1113 1251 1181 Publio,
1279 1113 1412 1169 aliis
1453 1113 1614 1169 Pauli
1642 1113 1950 1171 miraculis.

536 1282 604 1337 Et
650 1280 955 1337 confestim
1013 1294 1218 1336 omnes
1269 1278 1328 1334 in
1379 1278 1542 1334 littus
1588 1280 1862 1336 evadunt.
1898 1281 2110 1338 Insulae

465 1387 678 1427 nomen
710 1369 904 1427 Melita
935 1373 1055 1425 erat
1088 1384 1100 1424 :
1154 1368 1325 1440 cujus
1374 1368 1576 1424 incolae
1615 1369 1845 1424 barbari
1877 1372 2109 1442 quidem

464 1460 574 1529 illi,
606 1478 721 1516 non
753 1475 959 1531 parum
986 1464 1176 1514 tamen
1209 1475 1364 1514 curae
1389 1463 1446 1514 et
1467 1457 1844 1528 benignitatis
1878 1461 2108 1516 naufra-

462 1553 553 1625 gis
593 1551 887 1608 exhibent.
920 1552 1119 1620 Itaque
1152 1552 1385 1619 propter
1419 1547 1668 1603 imbrem
1700 1548 2104 1619 copiosiorem,

461 1648 519 1698 et
549 1641 734 1712 frigus
762 1639 1189 1708 vehementius,
1221 1653 1421 1709 pyram
1462 1636 1549 1691 illi
1581 1637 1874 1708 ingentem
1904 1656 2104 1696 accen-

461 1734 627 1800 dunt,
680 1734 737 1786 et
787 1727 1164 1785 circumcirca
1213 1727 1536 1782 consident.
1591 1726 1675 1782 Ibi
1725 1742 1857 1782 cum
1891 1728 2103 1786 Paulus

458 1822 646 1879 multa
693 1823 985 1877 sarmenta
1031 1821 1307 1890 congesta
1355 1834 1505 1888 pyrae
1552 1817 1894 1888 imponeret,
1928 1823 1984 1874 et
2015 1819 2100 1874 vi-

457 1928 618 1984 pera,
651 1926 780 1981 quze
811 1909 868 1962 in
903 1907 1095 1962 dumis
1141 1906 1224 1962 eis
1268 1905 1504 1975 latebat,
1535 1903 1726 1960 calore
1756 1921 1822 1962 eo
1854 1906 2102 1964 excitata

459 2001 812 2072 proreperet,
871 2011 1113 2051 manum
1171 1995 1294 2065 ejus
1351 1993 1452 2049 illa
1508 1993 1803 2050 mordicus
1870 1997 2096 2069 arripit.

458 2089 620 2154 Quod
658 2087 755 2144 ubi
793 2084 1048 2156 Barbari,
1083 2085 1164 2139 ita
1192 2082 1413 2140 scilicet
1443 2083 1623 2139 feram
1656 2101 1784 2140 eam
1824 2101 1892 2141 ex
1923 2103 2098 2144 manu

455 2180 615 2236 illius
647 2179 991 2250 dependere,
1021 2175 1408 2247 conspiciunt,
1435 2192 1549 2230 non
1573 2176 1790 2231 bonum
1814 2193 1948 2233 eum
1969 2193 2098 2235 esse

452 2268 663 2336 virum,
714 2267 811 2322 sed
857 2265 1230 2331 homicidam,
1286 2269 1342 2319 et
1374 2264 1695 2320 immanem
1736 2266 2094 2339 quempiam,

453 2357 549 2427 qui
580 2356 754 2412 etiam
780 2355 830 2411 si
861 2371 1021 2409 saevae
1059 2352 1427 2424 tempestatis
1473 2352 1590 2408 vim
1623 2353 1922 2421 evasisset,
1955 2371 2093 2426 pres-

453 2452 677 2503 sentem
707 2450 904 2500 tamen
956 2461 989 2498 a
1033 2458 1321 2498 venenoso
1361 2446 1626 2513 serpente
1665 2442 1839 2511 ictus,
1875 2459 1945 2500 ne
1976 2445 2095 2500 diu-

452 2538 566 2593 tius
594 2535 830 2602 viveret,
862 2531 1176 2588 vindictam
1217 2532 1472 2599 sentiret,
1507 2530 1895 2603 suspicantur.
1935 2533 2087 2590 I81

448 2625 558 2681 Sed
590 2624 749 2681 enim
798 2620 941 2678 nihil
987 2620 1123 2676 inde
1161 2618 1403 2692 periculi
1453 2618 1628 2675 Paulo
1668 2621 1920 2678 accidit:
1954 2639 2090 2679 nam

444 2717 774 2786 serpentem
807 2727 1109 2768 excussum
1140 2710 1198 2764 in
1223 2709 1519 2765 ﬂammam
1545 2709 1800 2781 conjicit.
1837 2710 1924 2767 Illi
1955 2729 2088 2769 vero

443 2803 844 2860 existimantes
877 2816 1011 2857 eum
1034 2798 1311 2870 evestigio
1334 2797 1422 2853 vel
1450 2798 1508 2854 in
1539 2803 1828 2856 tumorem
1861 2809 2086 2858 verten-

440 2895 602 2961 dum,
648 2892 735 2949 vel
783 2891 1178 2946 examinatum
1227 2905 1465 2960 pessum
1521 2889 1763 2958 iturum,
1817 2891 2086 2964 improba

438 2983 704 3040 venenati
739 2997 966 3038 morsus
995 2978 1341 3050 contagione
1369 2994 1381 3034 :
1419 2983 1482 3033 ut
1503 2978 1672 3034 aliter
1701 2996 1823 3036 rem
1856 2983 2085 3042 evenire

440 3073 732 3139 viderunt,
766 3077 1076 3126 retrorsum
1125 3068 1319 3124 navim
1364 3071 1598 3138 agentes
1624 3069 1723 3141 (1),
1758 3071 1907 3140 quod
1939 3071 2084 3127 dici-

441 3166 540 3218 tur
596 3165 652 3218 et
699 3160 758 3216 in
805 3157 1152 3214 contrariam
1203 3161 1424 3227 partem
1479 3160 1862 3226 transeantes,
1913 3158 2080 3230 longe

1783 349 2208 416 NICEPHOHI
2250 357 2600 426 CALLISTI

475 489 674 542 autem
719 485 1005 541 ﬂuctuum
1052 481 1324 540 violentia
1370 481 1634 540 solvitur.
1687 482 1898 540 Milites
1947 502 2082 557 porr

2233 494 2575 570 χειρίσασθαι
2633 499 2760 564 τοὺς

3759 383 3880 444 840

2837 501 3112 580 δεσμίους,
3172 511 3250 582 μή
3329 533 3410 574 τις
3480 509 3879 589 διανηξάμενος

2231 581 2514 682 ἀποδρασςέ
2547 607 2560 620 ⁶
2596 590 2623 644 ὁ
2656 589 2699 645 δ’
2733 594 2957 666 ἡγεμὼν
2990 593 3079 652 διὰ
3109 581 3324 655 Παῦλον
3352 600 3561 657 ἐκώλυε
3603 581 3874 682 τήν-σφα-

2229 673 2356 746 γὴν,
2407 671 2620 735 ἐκέλευέ
2669 700 2727 736 τε
2774 684 2998 758 πάττας,
3029 683 3104 751 ὥς
3151 688 3202 764 γ’
3242 689 3452 765 ἑκάστῳ
3503 688 3732 767 δύναμις
3777 671 3872 766 ἦν,

2229 760 2436 833 ἐξιέναι.

2837 978 3089 1034 ΚΕΦΑΛ.
3133 980 3252 1035 ΛΒ’.

2223 1052 2520 1145 Ὠςῖἐντῇ
2552 1058 3023 1145 νήσῳαῖδίελίτῃ
3061 1059 3298 1145 ἔχιδνα
3325 1079 3444 1141 τῆς
3485 1071 3720 1145 χειρὸς
3748 1077 3863 1127 τοῦ

2297 1090 2318 1113 ιι
2353 1090 2412 1108 ιν
2454 1090 2520 1129 δυ
2555 1090 2729 1130 νιδυψ
2771 1090 3023 1138 ιὶιεΛιτῃ
3061 1090 3444 1142 εχιονατης
3485 1090 3594 1146 χει
3652 1091 3862 1132 οξτου

2293 1125 2570 1215 Παύλου
2592 1133 2932 1215 καθήψέκτο
2967 1139 3128 1215 ’-καὶ
3158 1143 3304 1215 περί
3350 1090 3721 1214 Πουπλίρου,
3751 1145 3862 1200 καὶ

2291 1201 2414 1252 τῶν
2458 1198 2681 1257 ἄλλων
2721 1198 2834 1258 τοῦ
2875 1207 3142 1265 Παύλου
3183 1198 3553 1286 θαυμάτων.

2290 1286 2389 1377 Καὶ
2438 1287 2630 1345 αὐτίκα
2672 1294 2863 1356 πάντες
2912 1295 2996 1351 ἐπὶ
3057 1305 3154 1354 τοῦ
3201 1303 3370 1377 ξηροῦ
3427 1303 3582 1373 ἦσαν.
3643 1304 3857 1376 Μελίτη

2219 1369 2275 1426 δὲ
2305 1376 2339 1444 ἡ
2388 1382 2553 1446 νῆσος
2583 1377 2865 1454 ὠνόμαστο
2900 1403 2914 1419 ⁸
2965 1388 3031 1454 ἧς
3061 1387 3113 1442 οἱ
3157 1369 3368 1446 ἕποῖκοι
3413 1369 3681 1471 βάρϐαροι
3731 1399 3860 1459 τοὺς

2216 1466 2620 1541 ναυαγήσαντος
2695 1469 3024 1544 κατιδόντες,
3105 1478 3167 1533 οὐ
3243 1466 3620 1554 μικρὰν
3703 1486 3860 1560 θεραο

2214 1552 2368 1647 πείαν
2417 1561 2708 1647 παρεῖχον.
2757 1565 2842 1633 Τῷ
2888 1583 2946 1618 τε
3000 1565 3102 1640 γὰρ
3162 1552 3416 1644 ἐπέχοντι
3476 1567 3670 1647 λάϐρῳ
3723 1552 3860 1644 ὑετῷ

2213 1640 2302 1694 καὶ
2345 1647 2424 1715 τῷ
2481 1643 2701 1724 σφοδρῷ
2759 1650 2946 1726 ψύχει,
2996 1655 3168 1730 πυρὰν
3221 1658 3484 1733 μεγίστην
3533 1661 3854 1736 ἀνάψαντες,

2211 1732 2530 1824 περικύκλῳ
2585 1736 2853 1809 ἐκάθιζον.
2908 1745 3210 1819 Φρυγάνων
3268 1732 3327 1802 δὲ
3374 1732 3686 1824 ἀπόδεσμον
3747 1756 3855 1808 ἱκα-

2208 1819 2295 1914 νὸν
2341 1821 2564 1914 Παῦλος
2608 1830 2675 1914 τῇ
2727 1831 2874 1905 χειρὶ
2906 1833 3224 1909 συστρέψας,
3255 1842 3323 1912 τῇ
3374 1845 3519 1914 πυρᾷ
3566 1819 3809 1898 έπετίθει
3838 1861 3853 1874 ·

2210 1910 2297 1964 καὶ
2363 1908 2480 1981 δῆτ’
2540 1912 2728 1988 ἔχιδνα
2775 1917 3029 1997 οἰκουρὸς
3081 1908 3214 1979 οὖσα
3257 1908 3324 2000 τῇ
3384 1908 3510 2002 intra,
3557 1935 3624 2003 τῇ
3682 1933 3854 2007 Θέρμῃ

2213 1995 2622 2093 διαθαλφΔΘεῖσα,
2669 2013 2772 2076 τῆς
2829 1995 3036 2066 ἐκείνου
3092 1995 3336 2083 καθῆπτό
3396 1995 3622 2093 χειρός.Γ
3655 1995 3854 2082 Ὠςμδί

2209 2089 2261 2184 οἳ
2305 2087 2710 2184 ,βάρϐαροιλτὸ
2767 2098 2956 2171 θηριόν
3037 2087 3436 2178 ἀπηρτημένον*
3487 2087 3586 2173 τῆς
3660 2110 3849 2184 χειρὸς

2208 2175 2411 2234 ἐκείνου
2454 2180 2722 2254 κατεῖδον,
2757 2186 2854 2241 οὐκ
2901 2188 3100 2263 ἂγαθὸν
3155 2192 3410 2249 ὑπενόουν
3459 2193 3648 2271 ἄνδρα,
3701 2198 3850 2255 ἀλλά

2203 2288 2323 2323 τινα
2353 2273 2570 2349 φονικὸν
2616 2274 2706 2329 καὶ
2738 2274 3010 2352 ἀνήμερον
3046 2299 3060 2314 ο
3115 2282 3182 2335 οὗ
3224 2284 3386 2361 χάριν
3434 2287 3523 2340 καὶ
3570 2291 3668 2342 τοῦ
3716 2288 3851 2345 πολ-

2205 2355 2305 2412 λοῦ
2361 2357 2642 2424 κλύδωνος
2699 2361 3000 2439 ὑπερϐάντα
3053 2370 3152 2439 τήν
3209 2370 3424 2446 ῥώμην,
3474 2376 3508 2444 ἡ
3571 2373 3698 2451 δίκῃ
3750 2381 3849 2451 ζῇν

2203 2447 2302 2502 οόκ
2356 2447 2444 2503 ε’ία
2495 2455 2575 2523 τῷ
2631 2447 2844 2528 ῒοϐόλῳ
2900 2458 3192 2532 τρωθέντα.
3253 2461 3454 2535 Παύλῳ
3506 2461 3555 2519 δ’
3602 2463 3843 2522 ἐντεῦθεν

2202 2535 2301 2591 οὐκ
2345 2538 2411 2606 ἦν
2462 2537 2704 2616 πονηρόν
2737 2562 2752 2577 ο
2805 2543 2931 2600 ἀλλ’
2979 2547 3067 2602 ἐπὶ
3117 2552 3216 2620 τῇς
3265 2548 3470 2628 φλογὸς
3507 2554 3570 2608 τὸ
3620 2554 3845 2629 ἑρπετὸν

2201 2627 2698 2702 ἀποτινασσόμενος
2781 2627 3050 2710 ἕῤῥιπτεν.
3139 2641 3229 2701 Ὡς
3311 2627 3396 2696 δε
3464 2641 3840 2720 προσδόκιμοι

2197 2716 2387 2780 πάντες
2445 2719 2600 2789 ἦσαν,
2661 2720 2853 2777 αὐτίκα
2911 2729 3100 2782 τοῦτον
3158 2729 3194 2798 ἢ
3253 2730 3753 2806 καταπίμπρασθαι,
3802 2738 3839 2807 ἢ

2195 2807 2381 2881 νεκρόν
2441 2807 2657 2878 ἐξάπινα
2709 2813 2922 2868 πίπτειν
2977 2819 3046 2889 τῇ
3105 2820 3488 2895 κακεντρεχείᾳ
3543 2827 3642 2877 τοῦ
3699 2821 3834 2899 δήγ-

2198 2915 2386 2967 ματος,
2467 2898 2541 2960 ὡς
2616 2900 2932 2958 τούναντίον
3009 2903 3225 2979 μᾶλλον
3301 2908 3507 2984 ἑώρων,
3586 2898 3832 2988 πρύμναν

2191 2987 2553 3060 κρόυσάμενοι
2600 2991 2698 3063 (1),
2748 2991 3004 3048 τάναντία
3063 2994 3318 3071 λέγοντες
3363 2999 3522 3071 ἦσαν,
3573 3001 3659 3056 καὶ
3713 3002 3827 3056 ίσο-

2193 3072 2336 3135 θέοις
2391 3074 2594 3150 ἐτίμων
2651 3085 2861 3152 τιμαῖς.
2924 3083 3108 3157 ’Δγροὶ
3177 3087 3270 3158 μὲν
3345 3089 3436 3143 οὖν
3499 3091 3593 3144 καὶ
3645 3091 3824 3169 χωρία

2193 3161 2363 3220 ἒκεῖσε
2409 3171 2488 3239 τῷ
2535 3175 2634 3237 τῆς
2685 3173 2854 3242 νήσου
2902 3175 3256 3249 πρωτεύοντι,
3308 3180 3592 3244 Πούπλιος
3645 3181 3829 3256 ἐκείνῳ

439 3252 667 3308 diversa
695 3251 764 3305 de
793 3265 858 3305 eo
889 3247 1050 3319 loqui
1082 3247 1391 3318 incipiunt,
1415 3247 1746 3318 divinisque
1777 3264 1906 3303 eum
1942 3267 2073 3322 pro-

2202 3254 2250 3308 τὸ
2325 3253 2517 3328 ὄνομα,
2587 3259 2744 3328 ἦσαν.
2812 3264 2908 3326 *ος
2949 3247 3056 3319 καὶ
3131 3272 3277 3342 τρεῖς
3344 3270 3559 3346 ἡμέρας
3634 3247 3830 3347 tri-{20;

435 3345 764 3414 sequuntur
795 3337 1133 3394 honoribus.
1170 3336 1302 3408 Agri
1352 3350 1405 3391 et
1450 3337 1660 3406 praedia
1691 3336 1896 3393 insulae
1928 3340 2076 3409 ejus,

433 3431 645 3499 Publii,
679 3429 935 3501 primum
967 3426 1047 3482 ibi
1094 3425 1341 3482 tenentis
1390 3425 1582 3482 locum
1631 3436 1812 3494 erant,
1847 3428 1946 3499 qui
1977 3445 2079 3500 per

436 3522 696 3578 triduum
727 3519 796 3574 ad
846 3533 1141 3573 summam
1190 3515 1641 3588 hospitalitatem
1679 3516 1822 3571 nihil
1858 3517 2076 3576 faciens

432 3609 640 3682 reliqui
690 3608 941 3678 benigne
989 3607 1073 3663 eis
1124 3607 1280 3662 facit.
1332 3607 1616 3663 Caeterum
1665 3606 1962 3678 copiosam
2023 3609 2073 3664 is

432 3697 816 3757 humanitatis
848 3696 1139 3767 ejusmodi
1171 3700 1430 3768 reportat
1461 3695 1710 3768 gratiam
1736 3712 1749 3751 :
1776 3696 2073 3755 vehemen-

432 3795 521 3847 tes
570 3790 726 3847 enim
783 3789 997 3856 febres,
1047 3791 1103 3843 et
1153 3787 1496 3859 dysenteria,
1531 3803 1658 3858 qum
1695 3787 1851 3843 mala
1883 3787 2071 3844 Publii

430 3884 657 3951 patrem
688 3877 911 3932 dudum
933 3880 1297 3944 vexaverant,
1323 3880 1541 3932 attactu
1565 3875 1728 3932 Pauli
1751 3876 2065 3948 pelluntur.

423 3968 537 4025 Alii
570 3972 843 4038 praeterea
869 3983 1046 4036 quam
1079 3965 1352 4038 plurimis
1374 3965 1574 4021 afﬂicti
1601 3966 1840 4036 morbis,
1872 3967 2067 4025 dolore

2187 3349 2437 3437 παρεῖχε,
2515 3347 2823 3437 φιλοξενίας
2900 3352 3171 3410 ἐλλείπων
3241 3355 3418 3419 οὐδέν.
3477 3363 3579 3416 Καί
3643 3384 3700 3437 γε
3764 3363 3826 3417 ού

2189 3433 2449 3509 βραχεῖαν
2481 3441 2576 3491 τοῦ
2625 3433 2782 3516 ἔργου
2815 3443 2936 3518 εἶχε
2981 3446 3080 3514 τήν
3119 3443 3358 3520 ἀμοιϐήν
3389 3468 3404 3483 ·
3457 3449 3682 3528 σφοδροὶ
3725 3454 3826 3526 γὰρ

2181 3524 2413 3597 πυρετοὶ
2460 3527 2550 3581 καὶ
2601 3525 2909 3608 δυσεντερία
2958 3531 3240 3592 διελύοντο
3289 3541 3354 3612 τῇ
3413 3524 3524 3615 ἆφῇ
3579 3524 3827 3615 Παύλου,

2178 3611 2349 3668 πάλαι
2381 3615 2471 3670 τὸν
2500 3620 2706 3693 πατέρα
2736 3620 3018 3678 Πουπλίου
3069 3625 3341 3696 πιέζοντα.
3377 3629 3499 3684 Ἑπὶ
3545 3627 3611 3701 δή
3643 3633 3827 3706 τούτῳ

2176 3702 2265 3756 καὶ
2316 3699 2483 3760 ἄλλοι
2530 3706 2811 3773 πλείσταις
2858 3717 2966 3767 τῶν
3011 3714 3182 3769 νόσων
3231 3715 3632 3792 ἐξεταζόμενοι,
3664 3721 3822 3784 εὐθὺς

2173 3793 2236 3848 τὸ
2285 3797 2468 3864 πιέζον
2522 3794 2922 3874 ἀπεϐἀλλοντο,
2973 3803 3137 3879 ῥᾴους
3194 3808 3498 3882 γινόμενοι.
3551 3812 3822 3869 Ἐντεῦθεν

2181 3883 2382 3980 Παύλῳ
2414 3886 2513 3940 οὐκ
2559 3886 2826 3965 ἐλαχίστη
2871 3896 3006 3968 τιμή
3040 3915 3051 3927 ·
3103 3897 3188 3952 καὶ
3240 3899 3306 3952 τὰ
3342 3897 3588 3974 χρειώδη
3624 3903 3828 3980 ἀναγοο

2183 3971 2366 4044 μένοις
2397 3975 2626 4034 πλεῖστα
2657 3979 2880 4039 ἐτίθετο.

427 4065 485 4116 et
515 4058 776 4114 cruciatu
809 4057 1008 4112 statim
1057 4057 1242 4126 omni,
1292 4057 1552 4128 pristinae
1595 4057 1844 4113 restituti
1892 4058 2228 4134 valetudini,
2274 4067 2554 4125 levantur.
2605 4075 2769 4129 Unde
2818 4092 3067 4148 magnus
3117 4078 3294 4137 Paulo
3325 4080 3510 4138 honor
3540 4086 3830 4156 provenit,

426 4149 878 4219 vectoribusque
908 4163 1031 4218 quas
1063 4147 1134 4202 ad
1167 4147 1476 4217 navigandi
1509 4162 1682 4202 usum
1715 4146 2092 4219 pertinerent,
2125 4153 2351 4214 abunde
2383 4159 2918 4222 subministrantur.

992 4253 1222 4310 CAPUT
1261 4253 1506 4310 XXXIII.

434 4353 497 4410 Ut
534 4347 660 4404 inde
706 4348 916 4402 Paulus
971 4344 1104 4400 navi
1151 4345 1564 4412 Alexandrina,
1617 4359 1717 4415 per
1765 4345 2066 4415 Syracusas

496 4423 720 4482 Romam
749 4416 1077 4507 venerithet
1127 4433 1253 4507 cum,
1279 4418 1576 4507 primariis
1611 4415 1693 4472 ibi
1719 4417 1922 4507 lacticis
1950 4434 2066 4473 ser-

2251 4431 2384 4507 uTJv
2410 4415 2848 4507 Συρακουσὶῦν
2893 4436 2988 4498 εἰς
3028 4415 3285 4507 ἔῬώμΓην

493 4508 676 4549 mones
705 4489 1044 4560 disputando
1074 4490 1383 4544 contulerit.
1420 4489 1483 4543 Et
1521 4497 1580 4543 ut
1620 4493 1770 4560 apud
1798 4491 2066 4545 Neronem

489 4582 548 4621 se
574 4562 806 4630 steterit,
839 4572 893 4616 et
925 4567 1038 4618 tum
1069 4561 1290 4632 quidem
1331 4561 1613 4615 absolutus
1661 4563 1832 4631 fuerzl
1861 4579 1882 4615 .·
1906 4562 2068 4617 bien-

489 4639 750 4706 niumque
791 4634 979 4692 Romae
1005 4649 1375 4706 permanens,
1401 4647 1630 4706 regnum
1668 4632 1886 4706 Christi,
1918 4635 2065 4690 citra

490 4705 963 4781 impedimentum,
994 4705 1122 4761 cum
1153 4705 1327 4761 multa
1359 4705 1620 4760 libertate
1647 4705 1988 4777 praedicarit.

490 4874 577 4931 lbi
623 4890 756 4931 vero
809 4873 984 4930 etiam
1034 4871 1191 4928 aliud
1250 4870 1542 4944 navigium
1601 4871 2058 4928 Alexandrinum

417 4964 777 5031 Castoribus,
808 4962 920 5020 diis
951 4960 1136 5028 falsis,
1169 4977 1418 5033 quorum
1446 4960 1730 5030 imagines
1753 4979 1867 5034 prae
1890 4978 1950 5018 se
1984 4962 2058 5018 fe-

415 5055 594 5125 rebat,
623 5055 1020 5110 consecratum
1039 5050 1355 5107 hiemabat.
1381 5051 1874 5117 Quemadmodum
1900 5051 2056 5107 enim

412 5143 798 5204 Christianam
828 5141 1099 5214 pietatem
1144 5139 1398 5197 colentes
1436 5139 1670 5195 navium
1703 5140 2055 5211 gubernato-

411 5251 705 5307 res,naves
725 5251 865 5292 suas
887 5232 1103 5290 sanctis
1125 5231 1478 5303 quibusdam
1493 5231 1784 5299 dedicant,
1809 5230 2056 5302 inscrip-

411 5326 683 5400 tioneque
714 5325 770 5381 id
809 5327 1100 5381 testantur
1133 5338 1146 5378 :
1179 5321 1379 5378 itidem
1428 5319 1590 5389 olim,
1635 5337 1737 5393 pro
1783 5336 1848 5378 eo
1879 5325 2054 5394 atque

483 5469 564 5550 (il)
593 5466 852 5550 Πρύμναν
884 5465 1294 5550 ἀνακρούεσθαι,
1342 5466 1457 5550 hoc
1507 5468 1620 5533 est,
1650 5465 1907 5550 puppim
1940 5464 2054 5548 im-

411 5539 658 5620 pellere,
693 5546 784 5620 est
829 5539 1481 5620 sensim_retrocedere,
1532 5539 1762 5620 navigio
1808 5554 1922 5620 non
1956 5539 2054 5592 in-

409 5611 598 5675 verso.
623 5613 727 5678 Qui
761 5611 916 5667 enim
963 5629 1024 5668 se
1069 5611 1147 5667 ita
1190 5611 1398 5666 cedens
1435 5611 1660 5680 recipit,
1693 5611 1935 5681 puppim
1968 5624 2053 5664 re-

407 5685 681 5758 migando
733 5681 984 5754 impellit
1034 5699 1047 5739 :
1108 5683 1167 5739 id
1217 5683 1368 5753 quod
1413 5687 1716 5754 propterea
1769 5682 1929 5754 facit,
1979 5696 2051 5739 ne

2787 4279 3036 4334 ΚΕΦΑΛ.
3082 4278 3208 4335 AI".

2181 4355 2571 4440 'chxejﬁsv
2613 4359 2834 4440 πλοίῳ
2876 4363 3375 4440 Ἀλεξανδρίνῳ
3412 4367 3679 4434 Παῦλος
3721 4369 3834 4428 διὰ

3415 4390 3679 4434 ιιαυΛος
3721 4390 3830 4428 om

3310 4390 3503 4509 ἴλθε,
3536 4443 3830 4506 καὶτοῖς

2252 4501 2580 4591 Ξτριιὺτοιςι
2614 4509 2738 4561 τῶν
2800 4505 2942 4591 ἐκεῖ
3007 4501 3380 4591 Ἰουδαίων.
3423 4501 3519 4574 εἷς
3555 4512 3832 4591 ’λόγους

2241 4571 2581 4660 ᾖλθεηκαί
2619 4581 2707 4647 τῷ
2761 4579 3022 4660 Νέρωνι
3079 4582 3453 4660 παρ-αστᾷς,
3492 4571 3651 4660 τότε
3683 4571 3826 4660 Ιμὲν

2241 4643 2573 4733 ἀπελύετο
2607 4667 2620 4680 °
2663 4643 2775 4730 καὶ
2818 4643 2932 4704 δύο
2972 4647 3083 4722 ἔτη
3128 4643 3539 4733 stimuli“
3591 4643 3828 4733 .O:t1.7a-

2240 4717 2692 4798 γὼν,ιτήν.τοῦ
2729 4727 3021 4798 Χριστοῦ
3061 4717 3420 4798 βασιλείαν
3458 4717 3826 4795 simiam;

2245 4787 2406 4860 μετά
2443 4787 2658 4866 παρῥη
2679 4787 2824 4856 σίας
2865 4787 3244 4870 ἐκήρυττεν.

2238 4879 2443 4932 Ἐκεῖσε
2493 4877 2549 4934 δὲ
2595 4880 2685 4934 καὶ
2736 4879 2877 4937 ἄλλο
2926 4881 3123 4939 πλοῖον
3183 4890 3680 4967 παρακεχειμακὸς
3737 4892 3825 4958 ἦν,

2167 4960 2540 5040 ’Δλεξανδρείᾳ
2614 4975 2918 5043 προσῆκον,
2998 4960 3350 5049 Διοσκούροις
3411 4960 3828 5050 ⁷ψευδωνύμως

2165 5053 2307 5115 Θεοῖς
2357 5053 2727 5129 ἀνακείμενον,
2773 5059 3049 5124 κᾶκείνους
3099 5059 3186 5116 ἐπὶ
3233 5061 3442 5134 στήλης
3494 5063 3648 5140 ἔχον,
3704 5069 3826 5122 Tch

2166 5140 2493 5216 ναυκλήρων
2529 5145 2642 5220 ’γὰρ
2686 5143 2926 5219 ἕκαστοι,
2979 5147 3158 5223 ὥσπερ
3209 5151 3260 5204 οἱ
3309 5152 3426 5205 καθ’
3473 5153 3624 5224 ἡμᾶς
3674 5154 3831 5212 εὗσε-

2163 5225 2286 5302 6είᾳ
2341 5232 2641 5307 χρώμενοι,
2697 5236 2875 5314 ἁγίοις
2950 5235 3014 5310 δή
3077 5259 3184 5294 τισι
3262 5239 3357 5304 τὰς
3426 5240 3604 5296 αὐτῶν
3685 5251 3825 5308 ναῦς

2160 5320 2533 5399 ἀναφέροντες,
2619 5325 2904 5401 γράμμασι
2987 5328 3490 5403 παρασημαίνονται
3530 5349 3544 5363 °
3634 5333 3824 5396 οὕτως

2157 5466 2482 5544 propalam,
2517 5471 2726 5543 fugere,
2773 5471 2914 5527 dum
2951 5489 3024 5544 se
3072 5474 3348 5543 paulatim
3383 5475 3692 5544 subducit,
3730 5481 3826 5536 vi-

2158 5537 2387 5614 deatur,
2438 5547 2495 5595 et
2545 5537 2614 5598 ne
2669 5537 2897 5614 tergum
2948 5537 3215 5602 hostibus
3263 5547 3541 5604 obvertat.
3576 5537 3831 5608 Prover-

2158 5609 2390 5693 bialiter
2435 5618 2632 5693 autem
2685 5609 2791 5686 est,
2845 5617 3192 5675 sententiam
3244 5617 3557 5693 pristinam
3591 5624 3824 5681 sensim

2160 5689 2404 5742 mutare.
2435 5685 2592 5742 Suid.
