4070 6274
161 368 265 428 841

1161 373 1783 436 ΕοοωειΑεΤιοιΕ
1825 370 2216 432 HISTORle
2259 371 2400 434 LIB.
2451 373 2525 433 ll.

3426 381 3545 447 842

162 500 340 570 πάλαι,
385 503 625 576 καθάπερ
679 501 933 574 ἐπόθουν,
1003 510 1118 567 τοῖς
1185 505 1559 580 ψευδωνύμοις
1625 508 1782 560 ταῦτα

1904 505 2194 573 volebant,
2228 504 2373 560 falso
2411 505 2648 560 creditis
2679 505 2812 573 diis,
2848 506 3086 578 picturis
3125 527 3224 568 eas
3254 513 3544 571 inscribe—

161 610 442 664 γραφοντες
507 595 938 665 παρεσήμαινον.
1008 594 1094 647 Ἐν
1170 595 1352 649 τοίνυν
1407 599 1488 667 τῷ
1553 596 1788 667 τοιούτῳ

162 677 330 750 πλοίῳ
380 681 516 752 μετὰ
570 681 750 754 τρίτον
807 676 1088 743 ἐπιϐάντες
1149 689 1296 755 μῆνα
1381 684 1432 737 o't
1508 685 1631 756 περί
1695 683 1786 736 τὸν

162 771 290 822 θεῖον
343 770 556 824 Παῦλον
617 770 694 835 εἷς
747 772 1086 846 Συρακούσας
1156 776 1459 848 κατήγοντο
1513 795 1528 808 ο
1587 773 1786 829 ἐκεῖθεν

163 855 213 911 δὲ
265 859 337 920 εἰς
390 861 612 935 Ῥήγιον
661 877 677 893 ⁶
737 862 825 915 καὶ
886 859 1184 936 δευτεραῖοι
1254 863 1408 927 αὖθις
1484 861 1658 933 ἦλθον
1714 863 1788 924 είς

163 948 466 1010 Ποτιόλους.
528 950 800 1004 Ἐντευθεν
857 949 914 1005 δὲ
991 950 1064 1014 εἷς
1139 954 1360 1026 Ῥώμην
1438 951 1786 1022 διεσώζοντο,

162 1034 402 1114 ’Δδελφοί
434 1036 490 1092 δέ
537 1059 679 1101 τινες
723 1041 824 1110 τήν
866 1043 1163 1117 παρουσίαν
1210 1041 1515 1117 ᾐσθημένοι
1549 1043 1787 1115 Παύλου,

161 1123 312 1201 ἄχρις
363 1129 556 1182 ’Δπίου
603 1128 786 1205 Φόρου
834 1131 922 1184 καί
985 1135 1158 1204 Τριῶν
1212 1128 1498 1206 Ταϐερνῶν
1575 1133 1787 1208 προῦπ-

162 1216 345 1284 ήντων.
405 1215 678 1291 Ἑμπόρια
749 1214 805 1272 δὲ
879 1223 1049 1274 ταῦτα
1140 1226 1240 1290 τῆς
1307 1222 1534 1294 Ῥώμης
1597 1219 1788 1291 ἔξωθεν

159 1304 388 1378 κείμενα.
439 1304 573 1366 Τοὺς
643 1307 736 1379 μὲν
786 1306 878 1362 οὖν
928 1305 1190 1382 δεσμίους
1238 1307 1532 1385 παρεδίδου
1584 1312 1611 1365 6
1671 1311 1789 1365 έκα-

158 1393 468 1468 τοντάρχης,
516 1395 732 1450 Παῦλον
780 1392 836 1449 δὲ
887 1397 1052 1470 μόνον
1102 1399 1196 1453 σὺν
1245 1398 1391 1471 αὐτῷ
1439 1400 1574 1474 εἶχε.
1614 1399 1785 1474 Τρίτη

159 1482 217 1537 τὸ
243 1481 290 1551 ἐξ
321 1481 525 1537 ἐκείνου
555 1481 734 1556 ἡμέρα
762 1484 830 1553 ἦν
854 1501 866 1515 ⁸
900 1485 990 1540 καὶ
1035 1487 1064 1540 6
1109 1486 1324 1550 Παῦλος
1354 1487 1481 1550 τοὺς
1536 1491 1787 1562 πρώτους

157 1572 255 1625 τῶν
303 1569 580 1628 Ἰουδαίων
635 1571 988 1645 μετεκαλεῖτυ
1041 1595 1056 1610 ο
1104 1575 1194 1632 καὶ
1245 1575 1416 1653 λέγων
1459 1573 1786 1648 διεϐεϐαίου,

162 1657 318 1730 μηδέν
349 1681 400 1714 τι
439 1665 518 1732 τῷ
567 1661 781 1735 πατρίῳ
839 1664 996 1736 νόμῳ
1053 1662 1392 1741 διαμαρτεῖν,
1452 1663 1672 1739 δέσμιος
1731 1665 1788 1723 δέ

155 1748 430 1821 Ῥωμαίων
490 1748 884 1822 παραδεδόσθαι
943 1754 1129 1829 χερσίν
1169 1770 1184 1785 ⁸
1261 1755 1314 1810 οἳ
1388 1757 1477 1811 καὶ
1551 1757 1786 1828 τάληθὲς

159 1835 469 1912 διαγνόντες,
534 1839 678 1895 λύειν
735 1841 942 1917 ἔκρινον
995 1842 1126 1901 δεῖν.
1180 1851 1296 1900 Τῶν
1373 1843 1419 1900 δ’
1490 1847 1787 1922 ὁμοφύλων

160 1927 396 2006 σφοδρῶς
464 1929 805 2004 ἐγκειμένων,
865 1932 934 1987 δι’
989 1935 1230 2010 ἀναγκης
1287 1936 1458 2005 ἦλθον
1536 1935 1787 1992 ἐπικαλέ-

162 2019 336 2072 σασθαι
378 2019 617 2095 Καίσαρα
649 2039 662 2052 ο
726 2021 834 2095 οὐχ
880 2023 956 2086 ὡς
1000 2028 1098 2078 τοῦ
1146 2027 1276 2098 ’μοῦ
1326 2023 1509 2088 ἔθνους
1557 2022 1700 2100 ἔχων
1734 2051 1785 2083 τι

164 2114 441 2178 κατειπεῖν,
495 2109 620 2164 ἀλλ’
665 2111 804 2164 ὥστε
855 2111 1069 2184 μᾶλλον
1115 2113 1256 2187 ῦμάς
1303 2112 1430 2169 ἰδεῖν
1480 2117 1569 2170 καὶ
1626 2137 1790 2190 προσ-

167 2195 413 2268 λαλῆσαι.
468 2203 572 2257 ’Ἢν
619 2204 723 2278 γὰρ
771 2206 930 2279 ὁρᾶτε
980 2204 1362 2278 περικειμένην
1421 2227 1516 2279 μοι
1575 2207 1788 2280 ἅλυσιν,

167 2286 352 2357 ταύτην
401 2285 558 2345 ἕνεκα
603 2299 702 2361 τῆς
757 2296 853 2347 σοῦ
892 2291 1113 2367 Ἰσραὴλ
1177 2291 1400 2359 ἐλπίδος
1453 2297 1789 2370 περίκειμαι.

166 2377 224 2432 Οἱ
273 2374 326 2432 δὲ
363 2386 703 2455 παρῃτοῦντο
763 2383 851 2438 καὶ
921 2383 1098 2454 αὐτοὶ,
1159 2382 1327 2457 μηδέν
1412 2407 1463 2441 τι
1550 2389 1790 2466 φλαῦρον

162 2467 274 2539 περί
329 2469 496 2524 αὐτοῦ
554 2471 588 2539 ἢ
646 2471 785 2546 ἀκοῇ
844 2472 879 2542 ἢ
927 2474 1214 2548 γράμματι
1261 2472 1528 2548 δέξασθαι.
1563 2477 1788 2532 Διοικοῦ-

163 2553 243 2606 σαί
282 2575 338 2630 γε
395 2557 501 2628 μὴν
552 2557 807 2630 ἀξιοῦμεν
853 2561 975 2634 περὶ
1025 2562 1097 2615 ὧν
1149 2560 1328 2638 λέγειν
1379 2560 1552 2638 ἔχοις.
1610 2571 1789 2638 Ίσμεν

161 2643 241 2695 καὶ
299 2645 418 2720 γὰρ,
452 2647 527 2708 ὡς
576 2647 611 2711 ἡ
664 2646 867 2723 α’ίρεσις
915 2647 1051 2720 αὕτη
1102 2651 1136 2720 ἡ
1170 2653 1305 2705 κατὰ
1345 2654 1572 2726 Χριστὸν
1617 2655 1786 2710 ἁπαν-

158 2735 324 2804 ταχοῦ
384 2733 732 2808 ἀντιλέγεται.
795 2738 892 2791 Καί
969 2735 1090 2807 δῆθ’
1164 2740 1373 2812 ἡμέρας
1458 2741 1786 2816 ὁρισθείσης,

159 2825 394 2892 παρῆσαν
450 2825 639 2886 πάντες
674 2843 686 2857 ⁸
737 2825 826 2879 καὶ
889 2823 958 2879 δι’
1015 2824 1154 2896 ὅλης
1230 2825 1438 2901 ἡμέρας
1515 2830 1580 2884 τὰ
1654 2830 1790 2886 κατᾶ

164 2909 382 2979 Χριστὸν
437 2913 520 2967 καὶ
581 2915 678 2982 τήν
736 2915 900 2969 αὐτοῦ
958 2911 1156 2989 διεξῄει
1237 2916 1533 2991 βασιλείαν,
1591 2920 1791 2975 πείθων

163 2989 219 3048 ἔκ
261 3018 314 3052 τε
369 3005 460 3055 τοῦ
517 3001 690 3076 νόμου
748 3004 837 3059 καὶ
897 3008 1007 3058 τῶν
1055 3025 1379 3079 προφητων,
1410 3007 1501 3060 καὶ
1554 3006 1634 3086 ἐφ’
1664 3008 1787 3062 ἑκά-

165 3106 266 3160 στῳ
326 3088 666 3166 ἁρμόζουσαν
735 3095 834 3164 τήν
904 3094 1200 3169 μαρτυρίαν
1273 3098 1608 3169 παρατιθείς.
1690 3100 1785 3153 Καὶ

164 3177 209 3228 οἱ
249 3178 339 3250 μὶν
393 3183 671 3252 πειθήνιοί
726 3204 784 3238 τε
838 3182 974 3252 ἦυαν
1033 3185 1122 3238 καὶ
1179 3183 1360 3259 ἡρέμα
1414 3185 1540 3248 τοὺς
1587 3185 1782 3261 λόγοὺς

160 3262 398 3342 ἐδέχοντο
425 3289 436 3302 ·
475 3271 528 3326 οἳ
563 3269 620 3326 δὲ
649 3273 844 3342 ἥκιστα
876 3272 1031 3328 εἶχον
1078 3278 1195 3336 τοῖς
1247 3273 1559 3348 εἰρημένοις
1610 3297 1782 3351 προσ-
1815 3247 1857 3314 C

157 3353 374 3412 τίθεσθαι
410 3379 424 3394 ο
485 3360 830 3436 ἀσυμφώνως
880 3358 926 3416 δ’
975 3357 1212 3436 ἔχοντες,
1248 3359 1546 3424 διελύοντο.
1587 3370 1703 3420 Τῶν
1731 3363 1788 3419 δὲ

158 3447 480 3520 γραμμάτων
546 3453 771 3520 Φήστου
824 3455 890 3524 τῇ
950 3449 1070 3520 ἑξῆς
1120 3455 1200 3524 τῷ
1259 3451 1465 3523 Νέρωνι
1533 3451 1786 3509 ἀποδεδο-

159 3534 345 3605 μένων,
409 3541 490 3609 τῷ
567 3537 772 3594 ἐκείνου
847 3539 1167 3614 παρίσταται
1254 3540 1490 3616 βήματι.
1551 3541 1784 3598 Ἀπολο-

150 3623 282 3693 γίαις
334 3626 513 3682 τοίνυν
569 3626 818 3704 εὐλόγοις
851 3631 955 3702 ,καὶ
1003 3628 1148 3684 πολύ
1203 3650 1254 3685 τι
1311 3631 1374 3684 τὸ
1425 3629 1700 3706 έπαγωγύν
1728 3653 1784 3687 τε

149 3712 230 3765 καὶ
261 3717 532 3792 πάνσοφον
575 3714 832 3792 ἐχούσαις
862 3718 954 3772 τὸν
1003 3716 1363 3774 πολύπλοκον
1408 3717 1612 3774 ἐκεῖνον
1644 3723 1785 3795 θῆρα

151 3797 432 3881 διαφυγὼν,
466 3802 592 3861 οὕτε
647 3811 754 3861 τῶν
797 3807 1088 3881 ὁμοσύλων
1134 3809 1438 3882 καθήψατο,
1495 3809 1583 3864 καὶ
1622 3809 1780 3865 αὐτὸν

149 3890 217 3952 ὡς
247 3894 360 3968 εἶχε
401 3900 515 3950 τῶν
574 3895 940 3970 ἐγκλημάτων
974 3895 1210 3953 ἀπέλυε.
1273 3896 1375 3952 Καὶ
1431 3898 1494 3952 τὸ
1542 3898 1590 3970 ἐξ
1647 3897 1782 3954 ἐκεί-

147 3999 237 4033 νου
285 3979 494 4046 διετοῦς
546 3986 748 4062 χρόνου
798 3985 1216 4060 παραρῥυέντος,
1250 3983 1338 4040 έπὶ
1384 3988 1607 4060 Ῥώμης
1640 3993 1782 4043 Παῦ-

149 4067 241 4131 λος
271 4075 537 4144 καθῆστο,
569 4072 620 4128 ἐν
654 4072 777 4147 ἰδίῳ
807 4079 916 4130 τῶν
967 4069 1140 4150 ἔργων
1196 4077 1510 4148 μισθώματι
1560 4073 1776 4148 διαζῶν,

146 4158 231 4212 καὶ
287 4161 485 4225 πάντας
545 4165 669 4225 τοὺς
743 4165 878 4238 πρὸς
953 4162 1154 4219 ἐκεῖνον
1215 4164 1470 4236 ἥκοντας,
1530 4165 1780 4239 ἁσμένως

148 4245 572 4326 ὑποδεχόμενος,
630 4251 720 4307 καὶ
782 4251 976 4313 διττῶς
1031 4252 1262 4332 τρέφων,
1321 4255 1411 4308 καὶ
1469 4253 1636 4310 πλέον
1711 4259 1780 4327 τῇ

143 4334 298 4411 ἔνθέῳ
326 4342 413 4396 καὶ
469 4340 706 4415 οὐρανίῳ
752 4343 927 4418 τροφῇ
988 4341 1262 4419 παρρησίᾳ
1309 4363 1368 4398 τε
1415 4342 1504 4398 καὶ
1551 4343 1774 4420 γλώσσῃ

141 4424 304 4501 ἀνέτῳ
361 4430 461 4498 τῆν
521 4433 619 4484 τοῦ
677 4435 810 4485 θεοῦ
870 4429 1150 4504 βασιλείαν
1209 4433 1524 4508 κηφύττων,
1572 4433 1661 4488 καὶ
1710 4436 1776 4490 τὰ

141 4518 265 4571 κατὰ
311 4519 403 4574 τὸν
464 4520 662 4594 Κύριον
714 4521 874 4593 ἡμῶν
922 4521 1132 4591 Ἰησοῦν
1209 4521 1447 4596 Χριστὸν
1525 4521 1775 4598 ἐλευθέρᾳ

1899 595 2058 650 bant.
2089 595 2217 650 Hac
2261 595 2442 665 igitur
2489 594 2641 661 navi,
2687 596 2859 651 tertio
2914 603 3046 668 post
3100 617 3322 670 mense,
3372 603 3544 660 divus

1899 685 2114 740 Paulus
2143 700 2480 750 conscensa,
2513 684 2849 756 Syracusas,
2881 687 3090 745 deinde
3125 690 3432 761 Rhegium,
3465 697 3547 748 at-

1899 789 2012 844 que
2039 772 2176 829 inde
2208 772 2522 845 perendino
2553 773 2646 830 die
2669 773 2934 831 Puteolos
2966 779 3270 847 perfertur.
3305 783 3384 836 Ac
3417 799 3544 853 pos-

1901 869 2080 918 tremo
2109 863 2305 918 salvus
2353 864 2595 918 Romam
2637 865 2914 934 pervenit.
2965 865 3179 923 Verum
3249 870 3543 926 enimvero

1901 951 2108 1006 fratres
2139 950 2402 1022 quidam,
2450 949 2612 1005 Pauli
2670 951 2916 1008 adventu
2971 955 3220 1024 cognito,
3253 973 3438 1028 usque
3468 959 3540 1014 ad

1899 1038 2070 1109 Appii
2106 1039 2314 1093 Forum
2336 1041 2394 1092 et
2423 1038 2564 1093 Tres
2594 1039 2892 1094 Tabernas
2923 1041 3072 1112 (quin
3111 1047 3252 1098 sunt
3280 1045 3539 1116 emporia

1897 1130 2056 1183 extra
2085 1127 2286 1182 urbem
2320 1126 2554 1182 Romam
2597 1126 2732 1197 sita)
2769 1127 2998 1184 obviam
3030 1130 3082 1185 ei
3116 1137 3537 1202 processerant.

1901 1212 2093 1270 Roma
2126 1231 2295 1288 porro
2324 1215 2584 1270 centurio
2612 1223 2844 1271 caeteros
2865 1217 3100 1288 quidem
3132 1219 3376 1289 vinctos,
3417 1222 3542 1293 qui-

1901 1303 2005 1359 bus
2036 1303 2314 1377 oportuit,
2348 1301 2567 1359 tradit:
2602 1303 2853 1360 Paulum
2894 1321 3026 1362 vero
3075 1323 3272 1364 secum
3303 1308 3432 1381 ipse
3464 1327 3541 1367 re-

1897 1391 2060 1448 tinet.
2111 1391 2329 1447 Triduo
2374 1396 2506 1463 post
2546 1392 2760 1448 Paulus
2814 1394 3169 1465 primoribus
3206 1397 3538 1456 Judaaorum

1897 1481 1968 1536 ad
1997 1495 2056 1535 se
2086 1481 2319 1548 vocatis,
2347 1480 2496 1536 188
2528 1481 2786 1538 oratione
2817 1483 3143 1552 conﬁrmat,
3180 1485 3342 1542 nulla
3365 1487 3425 1543 in
3459 1503 3541 1544 re-

1898 1567 2145 1640 patriam
2194 1569 2377 1640 legem
2429 1586 2490 1625 se
2535 1571 2972 1641 praevaricatum
3040 1589 3213 1642 esse;
3263 1583 3539 1632 caeterum

1898 1675 2033 1714 cum
2063 1661 2291 1714 vinctus
2322 1659 2380 1714 in
2416 1659 2809 1716 Romanorum
2844 1677 3058 1718 manus
3085 1670 3236 1719 esset
3267 1665 3536 1734 traditus,

1900 1747 2120 1820 illique,
2153 1764 2329 1805 causa
2348 1749 2599 1819 cognita,
2624 1765 2687 1806 se
2705 1748 3122 1808 absolvendum
3145 1753 3535 1825 judicassent,

1896 1837 2205 1909 populares
2247 1841 2440 1895 autem
2498 1837 2606 1910 sui,
2637 1839 3038 1896 vehementius
3075 1857 3210 1898 eum
3253 1845 3538 1913 persecuti

1895 1931 2107 1996 essent,
2138 1928 2462 1985 necessario
2519 1943 2582 1984 se
2630 1945 2696 1986 eo
2744 1929 3138 2000 descendisse,
3174 1941 3232 1987 ut
3261 1937 3537 1990 Caesarem

1895 2015 2228 2087 appellaret.
2286 2016 2410 2072 Non
2478 2017 2775 2088 equidem,
2823 2019 3029 2090 inquit,
3102 2021 3258 2091 quod
3305 2028 3537 2093 gentem

1899 2120 2079 2161 meam
2109 2105 2169 2160 in
2202 2106 2477 2178 quopiam
2511 2123 2800 2174 accusem,
2850 2109 2951 2164 sed
2995 2109 3207 2180 potius,
3243 2116 3302 2167 ut
3333 2128 3434 2166 vos
3452 2113 3537 2168 vi-

1896 2194 2089 2252 derem
2123 2199 2298 2267 atque
2330 2195 2677 2267 alloquerer.
2708 2198 2892 2261 Quam
2924 2197 3078 2253 enim
3113 2199 3534 2257 circumdatam

1899 2282 2043 2338 mihi
2072 2283 2331 2352 cernitis,
2364 2289 2596 2356 propter
2622 2284 2809 2356 ipsam
2834 2285 3064 2342 Israelis
3093 2304 3255 2358 spem
3279 2305 3412 2358 gero
3442 2306 3537 2346 ca-

1899 2376 2116 2429 tenam.
2150 2373 2253 2438 Qui
2304 2373 2417 2445 ipsi
2476 2389 2701 2446 quoque
2750 2375 3144 2446 suspicionem
3177 2383 3535 2446 amoventes,

1899 2461 2044 2518 nihil
2084 2479 2144 2518 se
2175 2461 2494 2534 quidquam
2526 2462 2665 2518 mali
2695 2462 2782 2518 vel
2811 2463 3181 2521 sermonibus
3214 2465 3300 2521 vel
3323 2466 3536 2525 litteris

1897 2551 1968 2608 de
1996 2567 2062 2608 eo
2115 2549 2428 2623 accepisse,
2469 2556 2818 2623 paratosque
2867 2570 3011 2620 esse,
3065 2570 3176 2624 res,
3213 2557 3282 2611 de
3322 2555 3536 2627 quibus

1898 2641 2165 2697 dicturus
2193 2645 2363 2707 esset,
2397 2641 2618 2708 audire,
2652 2645 2940 2697 testantur
2973 2659 2987 2696 :
3037 2644 3184 2699 scire
3214 2661 3294 2712 se,
3327 2645 3536 2716 ubique

1897 2733 2064 2785 sectas
2109 2730 2445 2786 Christiana:
2499 2729 2838 2797 contradici,
2879 2731 3219 2802 allegantes.
3254 2733 3533 2804 Designa-

1898 2823 1994 2874 tur
2021 2833 2158 2891 ergo
2209 2820 2352 2886 dies,
2401 2823 2458 2875 et
2500 2819 2585 2874 illi
2624 2836 2824 2876 omnes
2872 2819 3105 2876 adsunt.
3147 2821 3297 2877 Tum
3331 2823 3410 2877 ibi
3444 2823 3536 2878 die

1899 2909 2120 2980 integro
2168 2908 2385 2964 Paulus
2414 2909 2485 2964 de
2531 2908 2758 2964 Christo
2805 2914 2980 2980 atque
3027 2911 3152 2980 ejus
3204 2926 3378 2982 regno
3409 2927 3538 2968 ora-

1899 2998 2108 3054 tionem
2143 2997 2355 3054 habet:
2391 3002 2560 3069 atque
2609 3014 2676 3053 ex
2701 2997 2825 3069 lege
2873 3004 2930 3054 et
2979 2999 3298 3071 prophetis,
3332 3002 3400 3056 ad
3452 3001 3544 3056 lo-

1896 3103 2028 3143 cum
2078 3102 2368 3158 quemque
2427 3090 2840 3156 congruentem
2891 3087 3140 3142 atierens
3172 3088 3548 3144 testiﬁcatio-

1898 3192 2052 3246 nem,
2079 3177 2446 3246 probationes
2475 3176 2732 3230 adducit.
2770 3175 2856 3230 llli
2890 3193 3056 3247 porro
3083 3177 3289 3248 partim
3311 3177 3546 3249 quidem

1895 3266 2314 3337 obsequuntur,
2346 3265 2748 3338 paulatimque
2779 3280 3076 3321 sermones
3125 3267 3251 3337 ejus
3281 3266 3547 3338 comple-

1897 3359 2101 3411 tuutur
2133 3372 2145 3409 :
2182 3355 2392 3426 partim
2418 3356 2591 3421 Fvero,
2628 3358 2692 3410 ut
2740 3355 2911 3410 dictis
2961 3355 3088 3424 ejus
3127 3355 3300 3411 ﬁdem
3361 3355 3544 3411 habe-

1897 3448 2046 3513 rent,
2083 3461 2197 3500 non
2249 3444 2639 3510 adducuntur,
2691 3448 2747 3498 et
2786 3443 2870 3499 sic
2924 3443 2982 3499 in
3033 3443 3290 3500 diversas
3345 3443 3540 3515 opinio

1897 3547 1998 3587 nes
2026 3531 2193 3588 scissi
2236 3531 2560 3588 discedunt.
2615 3531 2830 3588 Deinde
2879 3532 3032 3587 Festi
3076 3531 3286 3587 litteris
3328 3532 3534 3587 Neroni

1895 3620 2156 3690 redditis,
2199 3619 2414 3676 Paulus
2444 3621 2511 3675 ad
2546 3619 2800 3676 tribunal
2822 3620 2948 3690 ejus
2980 3619 3243 3676 sistitur:
3278 3619 3538 3676 etdel‘en-

1896 3711 2161 3768 sionibus
2201 3711 2458 3776 disertis,
2491 3711 2926 3783 admodumque
2959 3713 3275 3782 prudenter
3303 3712 3374 3767 ad
3409 3729 3540 3782 per-

1894 3801 2256 3857 suadendum
2273 3799 2974 3865 accommodatis,variam
2991 3799 3151 3856 illam
3175 3804 3231 3856 et
3244 3804 3537 3856 versutum

1892 3889 2096 3957 feram,
2133 3906 2245 3946 non
2279 3889 2374 3945 ille
2432 3888 2668 3961 quidem
2719 3889 3027 3961 populares
3070 3906 3209 3945 suos
3251 3888 3536 3962 perstrin-

1892 3995 2053 4050 gens,
2095 3979 2196 4036 sed
2247 3979 2487 4035 crimina
2536 3983 2762 4034 tantum
2814 3977 2924 4033 sibi
2977 3978 3205 4049 objecta
3245 3977 3535 4046 refellens,

1891 4066 2115 4139 eli'ugit.
2156 4067 2238 4122 Ex
2284 4083 2350 4124 eo
2401 4073 2657 4141 tempore
2715 4069 3016 4125 biennium
3081 4069 3298 4126 Paulus
3348 4069 3541 4125 Rome

1891 4156 2233 4228 permansit,
2268 4159 2559 4214 mercedes
2609 4159 2800 4230 operis
2853 4159 2946 4214 sui
2977 4159 3132 4215 vives
3166 4175 3179 4214 :
3225 4175 3543 4229 omnesque

1889 4247 1960 4302 ad
1991 4261 2053 4302 se
2091 4246 2408 4310 venientes,
2461 4247 2900 4320 perhumaniter
2947 4252 3238 4319 exceptos,
3297 4248 3535 4320 duplici.

1888 4335 1946 4391 in
1980 4335 2182 4408 primis
2213 4340 2408 4392 tamen
2441 4336 2635 4395 divina
2667 4341 2723 4392 et
2752 4337 2968 4394 caelesti
3006 4337 3282 4394 alimonia
3313 4337 3530 4393 fovens.

1886 4426 2070 4496 Atque
2091 4426 2160 4481 ad
2193 4425 2347 4482 hunc
2381 4426 2615 4483 modum
2649 4443 2779 4484 cum
2814 4443 3024 4499 magna
3054 4427 3232 4484 simul
3267 4433 3324 4482 et
3354 4427 3534 4482 animi

1887 4517 1943 4568 et
1971 4514 2178 4586 lingua:
2210 4515 2491 4584 libertate,
2539 4531 2782 4586 regnum
2831 4516 2931 4572 Dei
2969 4521 3026 4572 et
3079 4516 3391 4572 Dominum
3427 4531 3537 4570 no-

140 4607 406 4680 κηρύττων
450 4609 703 4685 γλώσσῃ,
761 4609 850 4663 καὶ
903 4607 1202 4671 ἀκωλύτως
1277 4609 1470 4665 ἅπασιν
1547 4609 1771 4688 εῦαγγε·

1896 4604 2294 4660 atrumJesum
2335 4604 2650 4674 Christum,
2696 4605 2857 4662 nullo
2897 4606 3316 4662 interveniente
3349 4603 3536 4675 impe-

140 4693 441 4769 λιζόμενος.

745 4902 1004 4955 ΚΕΦΑΛ.
1050 4899 1171 4955 ΛΔ’.

138 5004 231 5066 Ὠς
261 5003 440 5077 ,μετᾶ
490 5006 696 5058 ταῦτα
742 5003 927 5075 ἐξιὼν
971 5010 1090 5077 τῆς
1132 5004 1482 5077 Ῥώμης-ὁ
1517 5003 1775 5077 Παῦλος

194 5074 393 5152 π-ἀήλιν
427 5077 710 5152 εἱςτὸκή
733 5074 1360 5152 ρυγμαέπορεύετοξ
1386 5075 1503 5130 αὖο
1527 5074 1771 5152 ιςδ¹έπὶ

197 5147 1268 5225 Ῥώμην-γενόμενος-ὑφίσταται
1290 5147 1768 5225 τδμαρτύριον.

192 5221 298 5273 καὶ
326 5217 477 5294 περὶ
500 5217 635 5275 ’τῶν
665 5217 862 5274 θείων
896 5217 1271 5274 ἐπίστολῶν
1304 5217 1522 5276 αὑτοῦ.

195 5325 275 5382 Τὰ
306 5328 402 5400 μὲν
461 5325 530 5396 δὴ
585 5325 749 5401 μέχρι
794 5330 891 5381 τοῦ
934 5326 1201 5400 παρόντος
1241 5327 1269 5379 ὁ
1322 5325 1465 5399 ἱερὸς
1502 5325 1591 5380 καὶ
1624 5327 1769 5388 θεῖος

125 5411 432 5478 ἀπὸστολος
481 5416 571 5470 καὶ
618 5413 1010 5492 εύαγγελιστὴς
1058 5417 1270 5476 Λουκᾶς
1325 5415 1425 5482 τὴν
1473 5418 1581 5470 τῶν
1635 5415 1768 5470 ἀπο-

125 5502 386 5558 στολικῶν
450 5503 701 5578 Πράξεων
763 5504 1036 5582 ἀφήγησιν
1099 5503 1451 5578 περιέγραψεν
1512 5523 1524 5537 ·
1589 5503 1770 5561 ἐντεῦ-

123 5593 204 5647 θεν
255 5591 312 5648 δὲ
361 5599 485 5657 τοῖς
537 5593 632 5655 τὰς
690 5591 1144 5665 έκκλησιαστικᾶς
1189 5591 1431 5669 ἱστορίας
1489 5591 1770 5668 ἀριδήλως

121 5679 540 5758 ἀναταξαμένοις
593 5683 820 5740 κατόπιν
879 5682 1161 5758 δπόμενοι,
1219 5681 1286 5739 τα
1333 5683 1456 5756 ἑξῆς
1485 5689 1587 5754 τῆς
1617 5685 1766 5739 ἱστο-

443 5787 705 5850 ΡΑτιιοι..
750 5789 863 5849 Gn.
910 5785 1135 5853 CXLV.

1890 4691 2171 4760 dimento,
2205 4691 2545 4764 prmdicans,
2601 4694 2974 4766 Evangelium
3007 4695 3280 4752 omnibus
3314 4709 3541 4750 annun-

1890 4778 2074 4835 tiavit.

2451 4887 2683 4945 CAPUT
2713 4889 2956 4946 XXXIV.

1886 4995 1951 5051 Ut
1997 5001 2180 5066 postea
2229 4998 2396 5052 Roma
2458 4997 2742 5064 excedens,
2797 5013 2986 5052 rursus
3042 4997 3114 5051 ad
3182 4995 3529 5064 praedicandi

1953 5083 2156 5122 munus
2199 5070 2361 5132 ierit;
2402 5074 2453 5123 et
2509 5069 2684 5123 denuo
2738 5071 2970 5123 Romam
3033 5070 3261 5128 venerit,
3311 5072 3524 5137 marty-

1952 5139 2209 5210 riumque
2236 5139 2466 5195 subierit
2496 5157 2518 5202 ;
2547 5143 2598 5195 et
2631 5140 2695 5194 de
2726 5141 2936 5195 divinis
2972 5141 3089 5210 ejus
3119 5139 3390 5211 Epistolis.

1950 5323 2238 5380 Hactenus
2299 5339 2462 5379 sacer
2508 5329 2560 5377 et
2609 5321 2845 5379 divinus
2876 5321 3172 5394 apostolus
3195 5325 3251 5377 et
3279 5336 3532 5393 evange-

1880 5413 2016 5469 lista
2046 5413 2230 5470 Lucas
2261 5410 2564 5467 historiam
2609 5412 2888 5467 Actorum
2923 5410 3376 5483 apostolicorum
3397 5411 3533 5467 scri-

1879 5503 2012 5576 psit.
2064 5501 2346 5574 Deinceps
2397 5517 2564 5573 porro
2637 5500 3158 5558 ecclesiasticorum
3220 5499 3526 5556 historico-

1878 5607 2007 5648 rum
2057 5594 2256 5661 aperta
2301 5589 2548 5661 vestigla
2594 5594 2925 5660 sequentes,
2976 5590 3229 5661 reliquas
3260 5587 3526 5646 Historiae

1877 5683 2090 5738 nostrae
2122 5694 2235 5750 res,
2266 5678 2383 5736 Deo
2437 5677 2591 5733 I89
2642 5678 2870 5750 conﬁsi,-
2901 5693 3283 5751 exponemus,
3311 5682 3367 5734 et
3395 5677 3525 5748 Spi-

3133 5781 3202 5838 27
