4070 6274
499 333 626 396 843

1806 322 2223 392 NICEPHORI
2267 323 2619 385 CALLISTI

3793 329 3926 391 844

507 469 660 525 ritus
682 468 866 525 sancti
898 467 1196 530 instinctu,
1246 479 1370 535 quae
1411 467 1746 534 supersunt,
1783 463 2148 534 adjiciamus.

2267 455 2381 529 ρίας
2425 459 2541 528 Θεῷ
2587 455 2910 531 θαρῥοῦντες
2961 455 3337 530 ἐκθησόμενοι,
3383 459 3474 515 καὶ
3525 458 3593 528 δή
3655 465 3737 533 τῷ
3788 465 3921 533 θείῳ

507 559 589 614 Ae
621 563 746 614 tum
797 555 1030 628 quidem
1080 552 1378 610 absolutus
1410 569 1444 608 a
1473 556 1698 609 Nerone
1729 550 2151 623 Apostolus(t),

507 649 578 703 ad
613 647 953 704 concionum
1003 643 1396 700 ministerium
1439 658 1675 699 rursum
1718 647 1807 698 est
1837 643 2149 712 profectus.

508 737 651 792 Cum
683 739 876 792 autem
905 734 1117 789 iterum
1166 732 1224 787 in
1273 733 1478 788 urbem
1524 735 1844 787 Romanam
1876 729 2152 793 venisset,

510 824 781 896 martyrio
830 823 909 879 ibi
950 823 1124 878 vitam
1174 821 1398 878 {iniisse
1449 821 1706 876 creditur
1753 819 1848 890 (2).
1895 819 2021 874 Non
2049 816 2156 872 mi-

506 930 635 970 rum
669 914 883 986 quippe
912 915 1054 983 erat,
1085 912 1396 978 Neronem,
1447 911 1599 981 quod
1650 910 1723 966 ab
1754 909 1917 964 initio
1949 907 2155 962 huma-

511 1003 695 1060 nitate
744 1003 1000 1074 quadam
1049 1001 1331 1072 praeditus
1388 1003 1556 1070 esset,
1612 999 1776 1055 facile
1836 996 1998 1053 Pauli
2053 1011 2154 1066 pro

515 1092 781 1150 doctrina
826 1089 1107 1148 institute:
1157 1089 1481 1146 defensioni
1539 1088 1906 1160 acquiescere
1940 1103 1954 1142 :
1987 1090 2155 1158 post-

506 1197 683 1254 quam
707 1185 902 1238 autem
951 1181 1106 1236 idem
1152 1179 1211 1234 in
1243 1179 1424 1250 impia
1474 1181 1648 1249 atque
1687 1177 1905 1232 nefaria
1935 1175 2156 1246 ﬂagitia

507 1279 780 1342 tanquam
811 1270 871 1325 in
929 1267 1201 1341 scopulos
1232 1267 1594 1338 impegisset,
1625 1267 1697 1322 ad
1730 1265 1878 1322 alias
1906 1264 2152 1320 aliorum

507 1361 692 1417 cedes
741 1374 972 1432 quoque
1017 1357 1417 1431 apostolorum
1470 1356 1740 1426 adjicere.
1786 1355 1985 1426 Itaque
2025 1358 2155 1409 tum

506 1450 782 1522 primum,
828 1450 984 1506 sicut
1024 1448 1245 1504 dictum
1295 1449 1401 1512 est,
1433 1444 1740 1512 dimissus,
1781 1445 2028 1516 priorem
2082 1443 2154 1498 ad

505 1538 880 1595 Timotheum
929 1535 1161 1608 scripsit
1201 1535 1531 1605 epistolam,
1591 1548 1764 1606 quem
1814 1532 2153 1604 episcopum

507 1632 681 1685 antea
725 1625 936 1698 Ephesi
984 1623 1366 1682 constituerat
1410 1624 1505 1695 (3).
1547 1623 1614 1678 ln
1653 1622 1762 1678 hac
1789 1624 2064 1693 tanquam
2096 1621 2152 1676 in

508 1718 698 1774 forma
725 1715 1092 1782 adumbrata,
1125 1714 1410 1770 rationem
1445 1720 1499 1768 et
1529 1712 1708 1766 vitam
1733 1710 2154 1767 hierarchicam

2262 547 2521 618 ἑπόμενοι
2571 544 2862 617 Πνεύματι,
2913 551 3029 608 τοῖς
3079 547 3266 625 ἐφεξῆς
3343 545 3740 623 ἐπιϐαλλομεν.
3788 552 3920 606 Τότε

2265 637 2360 708 μέν
2409 633 2502 688 οὗν
2553 635 2689 708 πρὸς
2741 635 2988 709 Νέρωνος
3037 633 3248 712 ἀφεθεὶς
3313 639 3342 692 ὁ
3404 637 3775 708 Ἀπόστολος,
3833 639 3920 693 ἐπὶ

2262 726 2361 792 τὴν
2407 729 2504 780 τοῦ
2559 723 2918 800 κηρύγματος
2977 723 3247 782 διακονίαν
3318 728 3473 790 αὖθις
3561 728 3861 784 ἐατέλλετο
3901 751 3915 761 ο

2265 811 2509 889 δεύτερον
2567 811 2613 867 δ’
2671 809 2932 869 ἐπιϐαντα
2984 818 3053 888 τῇ
3113 816 3279 871 αὐτοῦ
3336 817 3519 886 πόλει,
3579 824 3662 891 τῷ
3720 841 3917 893 μαρτυ-

2263 902 2364 978 ρίῳ
2419 900 2780 972 τελειωθῆναι
2839 902 3002 980 λόγος
3057 910 3288 980 κρατεῖ·
3346 907 3433 962 καὶ
3491 909 3594 982 γὰρ
3653 909 3721 977 ἦν
3774 911 3917 973 εἰκὸς

2261 995 2357 1046 τοῦ
2434 991 2678 1066 Νέρωνος
2771 993 3050 1070 καταρχὰς
3140 995 3450 1070 ἠπιώτερον
3546 993 3910 1071 διακειμένου,

2265 1082 2390 1155 ῥᾷον
2441 1082 2538 1150 τήν
2595 1082 2727 1157 ὑπὲρ
2780 1086 2877 1137 τοῦ
2927 1080 3198 1160 δόγματος
3258 1084 3566 1162 ἀπολογίαν
3631 1091 3908 1161 προσήιε.

2265 1172 2385 1226 σθαι
2439 1170 2660 1227 Παύλου
2697 1189 2710 1204 ·
2775 1173 2850 1234 εἰς
2913 1171 2960 1226 δ’
3019 1173 3310 1247 ἀθεμίτους
3366 1175 3714 1246 ἐξοκείλαντα
3775 1178 3910 1252 πρα-

2265 1260 2395 1331 ξεις,
2431 1261 2702 1334 μετὰτῶν
2750 1259 2936 1317 ἄλλων
2981 1263 3071 1317 καὶ
3118 1265 3214 1326 τὰς
3260 1269 3368 1320 τῶν
3413 1265 3739 1321 ἀποστόλων
3802 1269 3910 1322 ἐπει

2267 1351 2546 1425 τολμῆσαι
2595 1353 2826 1429 σφαγάς.
2883 1352 3014 1407 Τότε
3092 1354 3188 1428 μὶν
3257 1353 3349 1410 οὖν
3427 1357 3738 1430 ἀφειμένος,
3814 1361 3910 1426 τῆν

2265 1440 2401 1513 πρὸς
2455 1442 2719 1514 Τιμόθεον
2785 1442 3008 1517 πρώτην
3055 1444 3250 1521 γράφει
3307 1443 3628 1518 ἐπιπολήν,
3689 1448 3751 1501 ὃν
3804 1447 3914 1502 ἐπί-

2265 1549 2464 1584 σκοπον
2543 1529 2763 1604 Ἐφέσου
2847 1531 3108 1606 πρότερον
3195 1536 3599 1605 καταστήσειεν,
3688 1537 3766 1597 ὡς
3865 1537 3910 1591 ἐν

2262 1618 2419 1691 τύπῳ
2473 1618 2566 1674 τὸν
2624 1620 2942 1696 ἱεραρχικὸν
3003 1619 3121 1696 βίον
3193 1623 3282 1677 καὶ
3359 1624 3522 1700 λόγον
3600 1626 3910 1701 ἀναγκαίως

2263 1704 2476 1781 διεξιών
2511 1725 2524 1739 ·
2558 1707 2749 1764 ὁποῖόν
2797 1731 2912 1764 τινα
2965 1711 3082 1785 βίον
3136 1713 3314 1788 χρεὼν
3359 1713 3590 1786 μετιέναι
3623 1721 3748 1780 τοῖς
3779 1718 3914 1771 κατὶ

507 1806 737 1877 copiose
764 1803 1057 1876 exprimit,
1090 1801 1366 1874 qualibus
1402 1801 1664 1857 moribus
1692 1815 1820 1857 esse
1849 1801 2149 1857 conveniat

2270 1800 2498 1875 Χριστὸν
2571 1800 2813 1875 ἱερᾶσθαι
2877 1800 3242 1876 βουλομένοις
3312 1806 3754 1884 καθυπογρᾶφων
3839 1814 3913 1880 τῷ

507 1912 628 1960 eos,
661 1893 760 1965 qui
788 1892 1136 1949 Christianis
1158 1892 1339 1948 sacris
1371 1905 1620 1962 praeesse
1641 1889 1865 1958 volunt,
1899 1889 2152 1961 Spiritus

508 1982 707 2040 aﬂlatu
738 1981 1021 2038 scribens.
1082 1980 1207 2035 Non
1257 1979 1440 2035 solum
1492 1984 1692 2035 autem
1739 1978 2064 2047 Timotheo,
2099 1988 2153 2033 et

512 2089 611 2145 per
641 2071 804 2127 illum
837 2070 1092 2126 ecclesiis
1123 2069 1338 2124 Christi
1384 2069 1674 2137 omnibus,
1708 2069 1805 2124 sed
1847 2068 2018 2124 etiam
2051 2085 2153 2124 sa-

510 2179 605 2218 cro
657 2162 785 2216 Tito
833 2159 1006 2215 aliam
1037 2158 1346 2229 epistolam
1377 2157 1652 2229 scripsit;
1703 2174 1876 2228 quem
1909 2158 2152 2214 antehac

509 2249 713 2308 insulae
743 2251 922 2307 Cretae
953 2248 1291 2321 episcopum
1324 2247 1777 2317 ordinatum,ibi
1813 2248 2150 2318 reliquerat,

508 2345 576 2396 ut
619 2340 665 2396 si
711 2339 851 2411 quid
902 2339 960 2394 in
1009 2337 1339 2410 evangelica
1388 2336 1794 2408 praedicatione
1826 2353 1931 2392 sua
1963 2337 2153 2392 adhuc

509 2432 755 2499 deesset,
813 2428 911 2485 ille
989 2428 1355 2500 adimpleret.
1415 2428 1498 2483 Ad
1577 2426 1906 2483 Corinthios
1954 2427 2150 2495 etiam,

509 2518 810 2592 Ephesios,
840 2518 1100 2588 Galatas,
1126 2516 1954 2588 Colossenses,Philippenses,
1984 2516 2153 2572 Thes-

509 2607 919 2675 salonicenses,
970 2609 1247 2680 praeterea
1303 2607 1374 2661 ad
1431 2606 1681 2675 Judreos,
1730 2610 1788 2661 et
1834 2606 2151 2673 Romanos,

508 2700 568 2752 et
597 2695 905 2768 plerosque
935 2694 1078 2752 alios
1125 2711 1274 2766 quos
1309 2710 1443 2749 eum
1483 2694 1642 2750 adire
1670 2693 1926 2765 Spiritus
1964 2694 2151 2749 sancti

506 2785 594 2858 vis
633 2789 691 2841 et
720 2783 926 2857 gratia}
949 2785 1223 2855 jusserat,
1264 2799 1526 2855 quosque
1557 2798 1658 2854 per
1687 2782 1858 2838 ﬁdem
1890 2781 1949 2837 in
1980 2781 2152 2838 Chri-

509 2880 666 2932 stum
714 2873 1108 2946 evaugelicam
1139 2872 1460 2944 [magniﬁce
1516 2875 1972 2943 regeneraverat,
2023 2889 2150 2942 quis

511 2980 762 3034 presens
793 2963 1052 3018 oratione
1083 2979 1187 3017 sua
1218 2962 1470 3017 dilucide
1497 2961 1792 3030 docuerat,
1813 2961 2025 3016 'eadem
2053 2977 2152 3032 per

507 3054 919 3124 compendium
970 3053 1180 3108 absens
1219 3051 1278 3105 in
1328 3050 1666 3106 memoriam
1698 3066 1994 3118 revocans,
2029 3051 2148 3122 epi-

508 3143 689 3200 stolas
725 3142 902 3198 dedit.
955 3143 1039 3197 lta
1085 3157 1221 3196 vero
1273 3157 1341 3196 ea
1389 3155 1621 3211 quoque
1668 3157 1794 3211 quae
1824 3141 2145 3197 secretioris

2269 1890 2563 1962 Πνεύματι.
2599 1890 2687 1944 καὶ
2720 1887 2788 1944 δι’
2837 1889 3042 1946 ἐκείνου
3099 1894 3296 1955 πάσαις
3351 1900 3470 1956 ταῖς
3530 1897 3772 1970 Χριστοῦ
3831 1898 3916 1951 ἐκ-

2263 1975 2537 2046 κλησίαις.
2589 1977 2662 2031 Οὐ
2723 1980 2876 2052 μόνῳ
2936 1976 2992 2034 δὶ
3037 1978 3306 2055 Τιμοθέῳ,
3339 1981 3482 2037 ἀλλὰ
3529 1983 3617 2038 καὶ
3670 1989 3750 2056 τῷ
3782 1987 3914 2060 ἱερῷ

2263 2065 2405 2137 Τίτῳ
2434 2064 2614 2136 ἄλλην
2665 2062 2889 2122 ἔστελλε
2936 2069 3198 2144 γράφων·
3255 2072 3313 2124 ’ὀν
3359 2071 3618 2145 πρότερον
3665 2077 3769 2137 τῆς
3818 2077 3912 2144 γή-

2265 2174 2359 2208 σου
2395 2157 2613 2228 Κρήτης
2663 2158 3002 2227 καταστήσας
3053 2157 3350 2214 ἐπίσκοπον
3399 2157 3657 2238 διαφῆκεν
3713 2163 3912 2227 ἐκεῖσε,

2262 2244 2327 2298 τὰ
2379 2243 2513 2299 κατᾶ
2568 2245 2629 2299 τὸ
2714 2245 3041 2320 Εὐαγγέλιον
3114 2248 3277 2303 αὐτοῦ
3341 2250 3686 2324 ὑστερήματα
3744 2251 3913 2326 ἀνορ-

2263 2335 2526 2389 θώσοντα.
2591 2335 2690 2390 Καὶ
2761 2337 2898 2411 πρὸς
2976 2338 3288 2412 Κορινθίους
3343 2337 3398 2393 δὲ
3453 2341 3542 2393 καὶ
3599 2341 3914 2417 Euserio-3:,

2265 2422 2508 2484 Γαλάτας
2546 2445 2605 2478 τε
2659 2425 2749 2479 καὶ
2806 2425 3160 2500 Κολασσαεῖς,
3218 2425 3633 2502 ψιλιπμησίους
3694 2451 3750 2485 τε
3823 2436 3914 2486 καὶ

2264 2513 2672 2577 Θεσσαλονικεῖς
2704 2532 2718 2546 °
2765 2512 2842 2570 ἔτι
2893 2513 2949 2570 δὲ
2994 2517 3084 2570 καί
3123 2518 3259 2582 πρὸς
3307 2515 3598 2580 Ἰουδαίους
3629 2521 3719 2575 καὶ
3775 2526 3916 2576 Ῥω-

2266 2601 2481 2676 μαίους.
2538 2605 2627 2657 καὶ
2667 2603 2868 2666 πάντας
2913 2605 2994 2680 ἐφ’
3053 2605 3146 2668 οὕς
3216 2607 3375 2662 αὐτὸν
3445 2610 3578 2681 μετὰ
3646 2611 3912 2682 σώματος

2261 2694 2296 2762 ἡ
2345 2697 2441 2748 τοῦ
2488 2692 2642 2768 ἁγίου
2691 2695 3006 2769 Πνεύματος
3075 2693 3298 2768 δύναμις
3359 2697 3449 2751 καὶ
3519 2701 3681 2772 χάρις
3749 2699 3912 2756 ἐπελ-

2261 2784 2370 2836 θεῖν
2426 2781 2814 2857 παρεσκεύασεν
2847 2804 2861 2817 ·
2917 2783 3009 2845 οὕς
3048 2784 3136 2838 καὶ
3195 2782 3283 2839 διὰ
3337 2793 3438 2856 τῆς
3516 2787 3592 2848 εἷς
3667 2793 3907 2863 Χριστὸν

2260 2871 2490 2934 πίστεως
2547 2877 2627 2944 τῷ
2684 2871 3006 2951 Εὐαγγελίῳ
3091 2873 3360 2946 λαμπσῶς
3447 2876 3817 2952 ἀνεγέννησεν,
3882 2880 3912 2934 ἃ

2261 2962 2446 3036 παρὼν
2493 2959 2582 3016 δια
2630 2963 2899 3036 στόματος
2947 2964 3301 3042 κατεφώτιζε,
3359 2969 3528 3021 ταῦτα
3573 2965 3641 3020 δι’
3680 2966 3908 3023 ἐπιστο-

2262 3052 2370 3106 λῶν
2420 3053 2839 3125 συντετμημένῳ
2897 3051 3052 3129 λόγῳ
3113 3054 3567 3128 ὑπομιμνήσκων.
3615 3062 3652 3110 Α
3705 3053 3760 3110 δέ
3805 3068 3908 3120 καὶ

2258 3140 2333 3201 ὡς
2395 3138 2749 3213 μυστηριώδη
2807 3161 2864 3195 τε
2921 3142 3011 3195 καὶ
3069 3140 3324 3216 ἀνέφικτα
3383 3140 3558 3198 ἒδίδοε
3603 3148 3670 3217 τῇ
3715 3151 3906 3212 σιωπῆ

508 3231 782 3305 mysterii,
809 3230 1106 3302 magisque
1136 3209 1607 3285 abstrusa—antea
1635 3209 1865 3284 silentio
1898 3232 2148 3299 praeteri-

2259 3229 2543 3304 πρότερον,
2598 3229 2817 3306 ὕστερον
2884 3228 2972 3285 διὰ
3022 3235 3131 3286 τῶν
3187 3232 3350 3306 ἰερῶν
3415 3233 3584 3286 αὐτοῦ
3641 3238 3906 3309 γραμμα-

507 3325 652 3388 erat,
692 3325 895 3392 postea
939 3334 1036 3390 per
1057 3335 1222 3374 sacra
1270 3319 1487 3390 scripta
1517 3333 1643 3384 sua,
1691 3325 1789 3373 aut
1820 3318 2145 3389 grandioris

505 3411 801 3484 sapientiae
844 3409 1033 3466 verbis
1080 3413 1346 3464 accurate
1408 3411 1466 3462 et
1513 3407 1766 3462 dilucide
1813 3406 2142 3473 declaravit,

504 3505 604 3558 eut
652 3500 858 3557 saltem
908 3500 998 3569 (ut
1045 3498 1126 3554 ita
1177 3498 1394 3569 dicam)
1438 3496 1838 3569 parabolarum
1889 3512 2042 3554 more
2088 3503 2146 3553 et

503 3592 695 3664 specie
722 3595 1003 3662 tanquam
1059 3605 1160 3659 per
1197 3587 1502 3659 aenigmata
1533 3586 1925 3653 adumbravit;
1956 3603 2146 3659 neque

502 3689 735 3753 propter
781 3694 879 3735 eos
927 3678 1026 3750 qui
1074 3678 1146 3734 ad
1197 3693 1285 3732 res
1331 3676 1556 3734 divinas
1597 3677 1920 3732 audiendas
1950 3676 2142 3732 idonei

503 3770 683 3826 futuri
716 3772 900 3836 erant,
951 3783 1018 3823 ea
1065 3767 1387 3831 occultans,
1431 3781 1620 3836 neque
1651 3769 1882 3837 prepter
1912 3766 2143 3837 inepros

505 3863 677 3928 atque
698 3857 990 3927 indignos,
1031 3856 1280 3912 dilucide
1312 3871 1550 3927 prorsus
1578 3859 1636 3910 et
1664 3859 1878 3926 aperte,
1909 3855 1980 3910 ad
2012 3871 2145 3909 con-

503 3946 786 4016 templum
811 3945 1497 4016 evitandum,exponens.
1530 3947 1671 3998 Cum
1704 3948 1898 3999 autem
1931 3944 2142 4012 denuo,

504 4035 570 4088 ut
614 4032 835 4088 dictum
868 4035 975 4099 est,
1020 4037 1151 4100 post
1193 4031 1426 4101 longam
1471 4031 1807 4101 variamque
1837 4031 2141 4101 profectio-

505 4135 640 4176 nem
672 4125 728 4176 et
753 4136 1014 4187 cursum,
1047 4120 1284 4176 Romam
1318 4118 1492 4180 venit,
1523 4123 1706 4174 morte
1735 4119 1815 4173 ibi
1848 4135 1950 4190 pro
1979 4119 2142 4175 Chri-

503 4214 594 4265 sto
623 4216 706 4265 est
739 4208 1022 4264 multatus
1055 4225 1068 4264 :
1104 4224 1217 4279 quo
1248 4212 1506 4278 tempore
1536 4223 1663 4262 cum
1698 4207 1888 4263 adhuc
1918 4208 2144 4262 vinctus

502 4302 680 4365 esset,
715 4297 1090 4369 posteriorem
1121 4297 1193 4352 ad
1241 4296 1610 4351 Timotheum
1642 4297 1969 4367 composuit
2010 4297 2142 4368 Epi-

502 4387 733 4448 stolam.
767 4387 826 4442 in
859 4403 997 4459 qua,
1045 4401 1178 4442 cum
1228 4385 1476 4456 priorem
1526 4385 1921 4440 defensionem
1973 4402 2142 4440 suam

502 4477 776 4543 ostendit,
797 4480 923 4532 tum
954 4491 1080 4532 eam
1113 4491 1240 4548 quis
1265 4475 1388 4546 jam
1423 4474 1532 4531 sibi
1565 4474 1910 4530 imminebat
1941 4483 2144 4546 marly.

2250 3318 2449 3388 των,ἢ
2498 3317 2700 3380 τελέως
2753 3321 3001 3392 μείζονος
3047 3319 3238 3396 λόγοις
3288 3323 3578 3399 θεοσοιρίας
3625 3324 3906 3381 ἆνεκὶοαι-

2254 3428 2364 3481 ρεν,
2475 3405 2794 3483 ὁλοσχερῶς
2845 3409 2921 3471 ὡς
2969 3408 3030 3463 ἄν
3074 3431 3155 3471 τις
3205 3408 3345 3465 εἷ’ποι
3395 3409 3448 3464 ἐν
3491 3411 3625 3467 εἴδει
3658 3412 3909 3487 παραϐο-

2255 3496 2357 3561 λῆς
2413 3496 2751 3571 ὑπῃνίσσετο,
2789 3499 2928 3571 μήτε
2967 3495 3055 3552 διὰ
3094 3498 3222 3561 τοὺς
3283 3497 3444 3569 ἀξίως
3491 3500 3713 3556 ἀκούειν
3765 3503 3910 3576 μέλ-

2254 3584 2449 3646 λοντας
2509 3588 2575 3640 τα
2631 3588 2745 3641 θεῖα
2809 3586 3310 3661 ὑποκρυπτόμενος,
3387 3591 3526 3660 μήτε
3595 3587 3685 3645 διὰ
3773 3593 3910 3654 τοὺς

2255 3674 2499 3746 ἀναξίους
2545 3679 2712 3730 ταῦτα
2769 3679 2911 3752 σαφῆ
2969 3673 3144 3746 πάντη
3200 3677 3288 3731 καὶ
3345 3673 3639 3752 πρόχειρα,
3668 3677 3761 3733 ’ἱνα
3829 3685 3906 3752 μή

2253 3769 2661 3842 περιφρονοῖτο,
2721 3761 3075 3834 ηαραδιδούς.
3137 3763 3294 3827 Αὖθις
3350 3765 3553 3837 τοίνυν,
3614 3769 3690 3829 ὡς
3752 3769 3910 3843 εἴρη-

2251 3873 2361 3920 ται,
2397 3853 2530 3926 μετᾶ
2575 3854 2673 3921 τήν
2738 3853 2954 3922 πολλὴν
2996 3851 3247 3928 περίοδον
3291 3853 3378 3909 ἐπὶ
3426 3855 3644 3931 Ῥώμην
3700 3856 3913 3928 ἐληλα-

2251 3942 2384 4012 κὼς,
2423 3945 2504 4013 τῷ
2553 3942 2684 4015 ὑπὲρ
2729 3943 2964 4015 Χριστοῦ
3006 3941 3150 3998 τελει
3198 3941 3473 4020 ἐχρήσατο
3508 3962 3521 3974 ·
3577 3944 3668 3998 ὅτε
3710 3943 3780 4015 δὴ
3817 3949 3911 4001 καὶ

2254 4030 2474 4106 δεσμοῖς
2525 4032 2808 4105 ἐχόμενος,
2838 4034 2938 4102 τήν
2996 4034 3132 4108 πρὸς
3179 4034 3440 4106 Τιμόθεον
3489 4031 3742 4108 δευτέραν
3795 4059 3914 4092 συν-

2250 4123 2429 4176 τςὶττει
2479 4119 2820 4191 ἐπιστολήν·
2879 4120 2932 4176 ἐν
3079 4124 3179 4192 τήν
3247 4144 3305 4178 τε
3379 4126 3648 4198 προτέραν
3735 4127 3914 4182 αὐτοῦ

2249 4209 2554 4286 ἀπολογίαν
2606 4209 2877 4287 ἐμφαίνει,
2926 4211 3017 4265 καὶ
3081 4211 3182 4280 τὴν
3239 4213 3387 4286 παρα
3445 4211 3616 4275 πόδας
3676 4215 3912 4270 τελείω-

2253 4321 2356 4356 σιν.
2408 4301 2606 4373 Ἐντῇ
2656 4300 2888 4373 πρώτῃ
2946 4302 3048 4375 γάρ
3105 4321 3252 4372 μου,
3312 4302 3502 4378 φηαῖν,
3564 4301 3913 4380 ἀπολογίᾳ

2254 4386 2471 4449 οὐδείς
2547 4409 2655 4461 μοι
2689 4388 3276 4464 ,συμπαρεγέ-ιετο,
3324 4389 3496 4445 ἀλλὰ
3537 4392 3784 4454 πάντες
3841 4414 3913 4466 με

2257 4477 2724 4554 ἐγκατέλιπον.
2760 4479 2857 4548 Μὴ
2891 4476 3118 4540 αὐτοῖς
3168 4477 3546 4553 λογισθείη.
3581 4485 3648 4534 ‘0
3683 4477 3746 4534 δὲ
3785 4484 3912 4538 Κύ-

501 4567 573 4623 rii
611 4565 1181 4623 consummationem
1239 4563 1512 4620 declarat.
1580 4563 1735 4619 I90
1786 4564 1909 4618 «In
1957 4563 2143 4635 prima

2259 4567 2394 4639 οιός
2428 4587 2540 4640 μοι
2573 4568 3028 4641 συμπαρέστη,
3075 4567 3183 4622 καὶ
3235 4565 3614 4641 ἐδυνάμωσέ
3672 4570 3909 4641 με,’ίνα

2257 4652 2281 4672 ".\

501 4659 668 4720 enim,
701 4655 914 4727 inquit,
946 4654 1257 4724 defensione
1299 4671 1426 4710 mea
1455 4670 1626 4710 meme
1654 4654 1794 4709 mihi
1829 4651 2019 4726 aﬂuit,
2050 4653 2143 4709 sed

501 4761 692 4802 omnes
731 4760 816 4800 me
835 4744 1198 4800 destituerunt
1235 4762 1249 4798 :
1281 4761 1350 4799 ne
1388 4744 1442 4798 id
1473 4743 1588 4799 illis
1617 4744 1936 4815 imputetur.
1961 4745 2150 4799 Domi~

500 4851 606 4890 nus
637 4840 821 4889 autem
849 4833 994 4888 mihi
1013 4839 1217 4904 praesta
1245 4836 1378 4905 fuit,
1411 4836 1461 4888 et
1490 4834 1816 4904 ron/orlnvit
1844 4847 1951 4900 me,
1977 4841 2034 4887 ut
2053 4847 2152 4904 per

502 4940 588 4979 me
621 4925 934 4993 prmdicatio
994 4924 1217 4994 impleta
1264 4924 1634 4994 perﬁceretur,
1692 4937 1916 4993 eamque
1963 4937 2147 4977 onmes

500 5015 688 5082 gentes
719 5012 978 5068 audirent
1011 5028 1023 5068 :
1057 5016 1107 5067 et
1143 5013 1405 5068 liberatus
1445 5028 1567 5068 sum
1591 5028 1663 5066 ex
1692 5027 1782 5067 ore
1815 5010 1987 5067 leonis
2016 5010 2060 5045 ³⁸
2093 5032 2142 5064 ››.

500 5101 785 5158 Neronem
818 5102 916 5168 ita,
949 5106 1186 5173 propter
1217 5118 1435 5157 saevum
1489 5106 1547 5157 et
1578 5102 1824 5157 ferocem
1862 5103 1988 5171 ejus
2021 5100 2143 5155 ani-

503 5207 686 5252 mum,
729 5191 1062 5262 designans.
1095 5191 1322 5246 Etcum
1356 5190 1413 5246 in
1447 5192 1656 5262 spiritu
1689 5189 1883 5254 sciret,
1909 5189 2146 5260 jamjam

573 5356 672 5412 3‘11
697 5357 846 5413 Tim.
880 5372 957 5426 ιν,
983 5357 1069 5412 17.

577 5497 657 5621 (6?
695 5499 960 5554 Secundo
1014 5499 1356 5572 imperantis
1412 5500 1654 5558 Neronis
1700 5516 1853 5558 anno
1892 5500 2149 5573 primum

577 5585 625 5621 tu
661 5583 730 5621 us
761 5569 997 5621 Romam
1029 5573 1185 5621 venit
1215 5576 1255 5621 A
1290 5589 1406 5621 nnn
1436 5575 1610 5621 etiam
1656 5578 1780 5621 tum
1807 5578 1895 5621 est
1924 5570 2149 5621 absolu-

509 5569 997 5650 _Paulus_Roma_m
1029 5569 1255 5650 venit‘A
1290 5575 1612 5650 qu_o_et_iam
1656 5569 2153 5650 tum_est:absolu-

507 5648 627 5712 tus,
674 5643 827 5695 intra
857 5643 1323 5714 quinquennium
1362 5644 1526 5713 illud,
1571 5661 1686 5716 quo
1717 5645 2031 5702 tolerabilis
2062 5649 2153 5716 ιγ-

2254 4655 2342 4709 δι’
2373 4655 2536 4729 ἐμοῦ
2564 4656 2636 4710 τὸ
2666 4658 2980 4732 κήρυγμα
3006 4655 3526 4734 πληροφορηθῇ,
3560 4659 3668 4712 καὶ
3713 4659 3907 4714 ἐικού-

2257 4743 2946 4815 σωσιπάντατᾶἔθνη
2983 4766 2994 4778 ·
3028 4744 3135 4799 καὶ
3186 4743 3519 4820 έρρύσθην
3571 4745 3642 4800 ἐκ
3691 4750 3907 4820 στόμα

2253 4851 2362 4892 τος
2396 4830 2670 4893 λέοντος
2695 4851 2708 4863 ο
2743 4832 2834 4886 τὸν
2863 4831 3084 4909 Νέρωνα
3115 4829 3204 4888 διὰ
3233 4835 3294 4888 τὸ
3325 4835 3606 4907 ὁμόουμον
3639 4835 3791 4889 οὕτω
3824 4858 3908 4889 κα·

2255 4920 2388 4976 λῶν.
2444 4917 2620 4983 Εἲδώς
2678 4942 2740 4996 γε
2799 4923 2907 4996 μὴν
2968 4921 3020 4976 ἐν
3081 4921 3353 4996 ῐΙυεῦματι
3411 4923 3510 4991 τήν
3561 4922 3687 4977 ὅσον
3751 4925 3909 4978 οῧπω

2252 5008 2516 5083 ἐσομένην
2575 5010 2742 5064 αὐτοῦ
2803 5011 2932 5085 ὑπὲρ
2993 5014 3231 5085 Χριστοῦ
3299 5011 3588 5080 τελευτὴν,
3659 5011 3906 5090 ἐπιφέρει

2251 5097 2633 5173 παραπλήσιόν
2661 5121 2712 5154 τι
2748 5119 2760 5131 °
2798 5099 2913 5154 Καὶ
2947 5099 3216 5175 ῥύσεταί
3268 5121 3342 5173 με
3399 5101 3428 5154 ὁ
3490 5101 3742 5175 Κύριος
3794 5103 3911 5157 ἀπὸ

2253 5189 2507 5252 παντὸς
2537 5185 2739 5264 ἔργου
2791 5194 3088 5267 πονηροῦ
3122 5212 3133 5225 ·
3188 5191 3292 5244 καὶ
3325 5191 3520 5244 σώσει
3558 5211 3635 5264 με
3669 5193 3767 5253 εἷς
3802 5195 3910 5260 τὴν

2264 5516 2484 5558 rannus
2514 5503 2564 5559 is
2598 5504 2774 5560 fuisse
2814 5504 3046 5562 dicitur.

2331 5574 2412 5650 (ἓ)
2440 5574 2779 5650 ᾞΓοᾱοοίωο
2818 5577 3044 5650 imperii
3073 5577 3315 5650 Neronis
3336 5595 3510 5634 anno.

2334 5644 2416 5716 (3)
2449 5646 2487 5700 E
2517 5646 2796 5705 Laodicea
2829 5644 3087 5723 Phrygia
3123 5649 3439 5707 Pacatlanaa
3471 5647 3811 5723 metropoli.
