4070 6274
141 379 267 438 815

1165 377 1786 442 ECCLESIASTICIE
1831 380 2225 442 HISTORle
2270 378 2414 441 LIB.
2463 381 2543 440 Il.

3439 383 3564 444 846

145 511 506 588 βασιλείαν
545 512 744 568 αὐτοῦ
783 514 899 582 τὴν
941 511 1373 588 ἔπουρανιονο
1403 513 1468 568 τὸ
1496 510 1802 588 παραυτίκα¹

1915 516 2067 587 ἰρευὶ
2118 532 2221 588 pro
2251 514 2479 572 Christo
2528 514 2733 569 adesse
2761 517 3031 582 mortem,
3064 513 3250 570 simile
3279 513 3560 586 quiddam

147 601 456 677 μαρτύριον
484 601 874 675 αἰνιττόμενος,
908 603 936 655 '6
971 603 1059 656 καί
1108 603 1430 680 σαφέστερον
1483 600 1535 656 ἔν
1563 606 1630 673 τῇ
1661 602 1798 676 αύτῇ

143 685 514 767 προφοιϐάζει
544 689 832 762 ἐπιστολῇ,
868 692 1030 766 Ἐγὼ
1080 692 1198 766 γάρ
1247 689 1374 760 ⁸ἤδη
1412 690 1797 764 σπένδομαι,

145 780 352 856 λέγων,
409 782 514 834 καὶ
585 781 612 834 ὁ
677 781 911 854 καιρὸς
985 784 1106 846 τῆς
1179 779 1346 853 ἐμῆς
1424 779 1802 842 ἀναλύσεως

146 868 535 945 ἒιρέστηκεν.
599 870 982 942 Ἐπισημαίνει
1061 869 1246 942 μέντοι
1320 869 1374 924 ἐν
1447 874 1515 935 τῇ
1572 871 1798 946 τοιαύτῃ

149 954 382 1031 δευτέρᾳ
437 958 572 1029 πρὸς
628 957 887 1031 Τιμόθεον
940 959 1029 1013 xxi
1111 957 1304 1032 ὑστέρᾳ
1378 957 1640 1032 ἐπιστολῇ
1710 962 1803 1014 τὸν

149 1051 372 1100 Λουκᾶν
409 1046 559 1118 αύτῷ
613 1052 971 1121 συμπαρεῖναι
1014 1067 1026 1081 ·
1088 1049 1226 1103 κατά
1275 1045 1330 1102 δὲ
1386 1049 1485 1117 τήν
1541 1049 1805 1124 προτέραν

148 1133 462 1208 ἀπολογίαν
537 1132 662 1189 ούδὶ
725 1139 939 1192 τοῦτον.
1005 1137 1166 1193 ’Όθεν
1225 1135 1450 1199 εἰκότως
1525 1139 1801 1213 συνάγεται

147 1225 249 1286 τὰς
290 1228 400 1278 τῶν
451 1224 775 1280 ἀποστόλων
821 1226 1047 1300 Πράξεις
1111 1228 1202 1282 τὸν
1263 1229 1405 1282 Θεῖον
1460 1231 1671 1283 Λουχᾶν
1720 1228 1804 1283 ἐπ’

149 1313 368 1368 ἐκεῖνον
418 1316 750 1392 περιγράψαι
797 1317 889 1370 τὸν
934 1318 1131 1392 χρόνον
1157 1337 1171 1350 ο
1204 1319 1292 1372 καὶ
1323 1319 1422 1387 τὴν
1453 1319 1572 1373 κατ’
1604 1316 1805 1381 αὐτοὺς

150 1403 403 1478 ἱστορίαν
455 1403 726 1480 λαμπρῶς
771 1404 1295 1483 ὑφηγήσασθαι,ἓως
1350 1408 1411 1461 οὗ
1469 1411 1548 1479 τῷ
1601 1406 1804 1480 Παύλῳ

150 1501 319 1564 συνῆν
375 1495 659 1571 πρότερον.
702 1496 802 1549 Καὶ
856 1500 1028 1551 ταῦτα
1085 1494 1410 1571 διήλθομεν,
1458 1495 1626 1566 δεῖξαι
1682 1517 1803 1550 πειο

152 1585 421 1658 ρώμενοι,
459 1585 534 1658 μή
576 1585 638 1639 τὸ
680 1583 975 1661 μαρτύριον
1024 1590 1104 1659 τῷ
1153 1585 1358 1658 Παύλῳ
1402 1589 1642 1662 γενέσθαι
1687 1586 1805 1641 καθ’

149 1674 218 1741 ἣν
280 1674 310 1726 ὁ
368 1679 579 1736 Λουκᾶς
635 1671 932 1747 ἐπιδημίαν
988 1678 1086 1730 τοῦ
1156 1675 1374 1731 Παύλου
1435 1675 1520 1730 ἐπὶ
1578 1676 1801 1748 Ῥώμης

149 1763 477 1836 ἀνέγραψεν,
538 1761 663 1817 ἀλλ’
728 1763 782 1825 ἐς
863 1764 1106 1840 ὕστερον.
1183 1769 1358 1818 Πᾶσαν
1430 1766 1534 1840 γάρ
1605 1764 1800 1839 σχεδὸν

148 1852 251 1918 τήν
296 1858 405 1926 γῆν
448 1849 697 1922 διελθὼν,
726 1855 814 1907 καί
867 1851 956 1907 ἐπὶ
1002 1855 1157 1908 πέντε
1203 1853 1293 1908 καὶ
1323 1856 1616 1927 τριάκοντα
1667 1853 1799 1926 ὑπὲρ
1837 1885 1884 1950 Β

156 1945 397 2013 Χριστοῦ
470 1947 550 2014 τῷ
610 1940 921 2018 Εὗαγγελίῳ
986 1939 1307 2006 διαθλεύσας
1373 1943 1664 2006 ἐνιαυτοῖς.
1717 1965 1806 2000 τε-

155 2030 408 2084 λευταῖον
470 2029 560 2085 ἐπὶ
619 2032 838 2105 Ῥώμης
889 2034 953 2088 τὸ
1003 2029 1248 2108 δεύτερον
1294 2035 1550 2109 γεγονὼς,
1580 2033 1670 2087 καὶ
1725 2038 1804 2106 τῷ

153 2117 439 2196 κορυφαίῳ
483 2124 590 2174 τῶν
637 2117 958 2176 ἀποστόλων
1009 2123 1194 2197 Πέτρῳ
1242 2122 1635 2198 ἐντετυχηκὼς,
1694 2121 1804 2177 ἐκεῖ

157 2207 370 2280 σύναμα
431 2214 610 2281 τούτῳ
674 2211 764 2263 τὸν
829 2217 929 2279 τῆς
987 2211 1283 2286 ἀφθαρσίας
1338 2209 1633 2282 ἄνεδήσατο
1689 2213 1805 2265 στέ-

157 2318 254 2374 φαν
264 2320 322 2352 ον
336 2343 347 2352 .

765 2589 1030 2642 ΚΕΦΑΛ.
1074 2588 1199 2644 ΛΕ’.

162 2689 481 2764 Περὶ-τῶν
521 2689 912 2764 ἀποδημιῶν
949 2693 1197 2764 Πέτρου
1235 2696 1350 2748 τοῦ
1388 2692 1800 2749 ἀποστόλουο

232 2713 316 2762 ιρι
356 2713 481 2744 των
521 2713 912 2764 αποοημιων
949 2713 1067 2748 uer
1125 2714 1197 2747 ου
1235 2713 1350 2748 του
1388 2713 1800 2749 αποστοΛουο

232 2761 344 2814 καὶ
384 2764 530 2840 περὶ
567 2766 679 2840 τοῦ
719 2766 907 2840 ἱερορ
962 2713 1354 2840 Κμλτΐμεντος
1391 2767 1514 2840 *καί
1561 2769 1677 2840 τοῦ
1715 2767 1808 2840 γέ-

237 2851 392 2912 νους
433 2833 827 2912 αὐτοῦ’-παῖ⁵
857 2836 942 2898 ὡς
984 2833 1256 2912 ὅστέρον
1296 2836 1406 2892 καὶ
1446 2837 1648 2900 αὐτὸς
1686 2833 1804 2907 τῆν

239 2904 496 2976 Ῥώμην
537 2902 884 2962 κατέλαϐε.

239 3009 348 3066 Ούκ
402 3015 562 3081 ἧττον
620 3016 722 3090 γάρ
777 3015 866 3069 καὶ
923 3018 1120 3091 Πέτρος
1163 3022 1262 3087 τὴν
1297 3024 1398 3095 γῆν
1428 3015 1683 3087 διελθὼν,
1715 3017 1804 3072 κάί

166 3106 282 3162 τοῖς
340 3102 399 3157 ἐκ
465 3111 769 3178 περιτομῆς
827 3105 1042 3175 ἅπασιν,
1103 3104 1154 3161 ἔν
1203 3127 1262 3162 τε
1323 3103 1654 3180 Παλαιστίνῃ
1714 3107 1804 3160 καὶ

171 3191 337 3264 Συρίᾳ
365 3194 457 3245 καί
487 3195 555 3265 τῇ
587 3191 735 3266 ἄλλῃ
786 3191 978 3268 σχεδὸν
1027 3199 1100 3269 γῇ
1150 3195 1214 3250 τὸ
1257 3197 1515 3270 κήρυγμα
1562 3192 1802 3249 διασπεί-

1909 605 2128 661 interit:
2161 607 2228 659 Et
2248 603 2502 659 liberabit
2517 620 2601 658 me
2625 605 2889 659 Dominus
2927 605 2998 658 ab
3029 605 3183 659 omni
3212 620 3377 676 opere
3395 607 3562 674 male,

1909 699 1961 749 et
1987 694 2328 750 conservabat
2341 694 2398 749 in
2414 709 2645 763 regnum
2672 693 3058 748 suumcgzleste
3101 694 3147 727 ³⁸
3186 694 3562 765 ;martyrium

1910 783 2252 854 impendens
2282 782 2719 854 signiﬁcans.ld
2747 782 2901 854 quod
2934 783 3370 852 significantius
3392 783 3451 838 in
3473 800 3562 840 ea-

1912 873 2041 928 dem
2074 872 2201 942 ipsa
2239 872 2432 927 divino
2483 871 2789 938 instinctu,
2835 871 3093 941 praedicit
3147 871 3425 942 Epistola,
3459 874 3564 943 Ego

1911 964 2058 1016 enim
2086 962 2210 1032 jam
2255 960 2550 1033 inquiens,
2589 961 2804 1016 delibor
2860 969 2914 1015 et
2970 961 3187 1031 eleror,
3249 963 3568 1033 tempusque

1911 1051 2260 1107 resolutioni:
2315 1065 2442 1106 mea:
2488 1038 2651 1106 instat
2706 1050 2778 1104 ³⁸.
2830 1049 3057 1105 [ndicat
3114 1066 3282 1120 porro
3338 1051 3397 1105 in
3455 1051 3565 1107 bac

1913 1141 2229 1214 posteriore
2259 1140 2580 1212 ultimaque
2612 1139 2683 1195 ad
2715 1138 3094 1196 Timotheum
3146 1139 3390 1210 epistola
3444 1144 3566 1196 Lu-

1913 1245 2039 1286 cam
2084 1229 2197 1286 sibi
2252 1229 2540 1286 etfuisse:
2589 1228 2648 1282 in
2709 1227 2900 1299 priore
2958 1231 3152 1285 autem
3203 1229 3562 1300 defensione,

1913 1333 1987 1374 ne
2018 1333 2150 1374 eum
2184 1318 2416 1389 quidem
2446 1317 2664 1389 ipsum.
2703 1316 2863 1372 Unde
2895 1317 3090 1388 colligi
3149 1327 3299 1374 recte
3351 1321 3562 1390 potest,

1911 1405 2301 1476 apostolorum
2335 1409 2478 1462 Acta
2499 1407 2693 1463 divum
2727 1405 2936 1461 Lucam
2970 1421 3159 1478 usque
3181 1407 3248 1462 ad
3283 1408 3338 1462 id
3374 1407 3561 1478 ipsum

1912 1500 2144 1568 tempus
2177 1497 2605 1568 perscripsisse,
2639 1496 3064 1568 bisloriumque
3102 1512 3336 1552 omnem
3397 1498 3474 1568 (t)
3509 1503 3564 1554 ot

1912 1589 2044 1640 acta
2071 1601 2269 1641 eorum
2305 1585 2634 1657 magnifice,
2676 1583 2952 1656 tantisper
2983 1585 3120 1640 dum
3166 1586 3346 1641 Paulo
3398 1588 3562 1658 prius

1912 1675 2118 1744 adfuit,
2153 1680 2524 1746 prosecutum
2557 1689 2701 1730 esse.
2734 1676 2919 1745 Atque
2941 1673 3061 1729 hac
3092 1674 3330 1746 quidem
3365 1692 3562 1734 recen-

1912 1763 2026 1833 sui,
2060 1763 2203 1819 illud
2247 1765 2550 1820 ostendere
2592 1762 2812 1820 volens.
2845 1762 3089 1819 Paulum
3149 1765 3555 1823 testimonium

1912 1869 2111 1919 suum,
2144 1853 2299 1926 quod
2333 1853 2500 1908 Lucas
2533 1853 2817 1925 perhibet,
2851 1869 2966 1909 non
2999 1853 3070 1908 ad
3111 1853 3167 1909 id
3200 1855 3350 1925 quod
3374 1855 3469 1912 ille
3493 1858 3562 1910 ale

1913 1943 2161 1999 adventu
2186 1941 2348 1998 Pauli
2381 1942 2622 1999 Romam
2651 1942 2712 1999 in
2735 1943 2888 1999 Actis
2921 1943 3046 1998 suis
3078 1943 3330 2015 scripsit,
3367 1947 3465 2001 sed
3501 1947 3558 2001 in

1915 2031 2202 2103 posterius
2226 2034 2458 2103 tempus
2504 2032 2733 2088 referre.
2767 2033 2907 2087 Toto
2930 2031 3085 2088 enim
3113 2033 3228 2088 fere
3259 2035 3398 2088 orbe
3432 2051 3560 2106 per-

1915 2125 2138 2192 agrato,
2169 2126 2343 2192 atque
2374 2121 2618 2192 triginta
2647 2125 2708 2175 et.
2737 2121 2996 2192 quinque
3026 2122 3196 2178 annis
3234 2124 3564 2194 evangelica

1916 2227 2018 2282 pro
2065 2211 2293 2267 Christo
2323 2210 2644 2267 certamine
2678 2219 2929 2282 peracto,
2969 2227 3102 2267 cum
3139 2216 3428 2282 postremo
3460 2213 3561 2268 ite-

1917 2319 2042 2356 rum
2079 2303 2270 2358 Romae
2301 2306 2454 2358 esset
2479 2302 2576 2374 (2),
2608 2304 2743 2357 etin
2775 2301 3146 2374 coryphaeum
3171 2303 3563 2374 praecipuum-

1916 2407 2026 2465 que
2053 2393 2451 2466 apostolorum
2483 2394 2716 2450 Petrum
2767 2392 3074 2458 incideret,
3108 2409 3224 2448 una
3269 2409 3406 2450 cum
3467 2394 3564 2447 illo

1914 2483 1994 2538 ibi
2029 2483 2485 2540 immortalitatis
2516 2499 2789 2540 coronam
2821 2483 3060 2555 accepit.

2494 2590 2730 2647 CAPUT
2761 2590 2980 2647 XXXV.

1917 2700 1989 2755 De
2044 2698 2591 2768 peregrinationibus
2650 2698 2803 2756 Petri
2849 2699 3132 2770 apostoli:
3185 2708 3241 2754 et
3289 2698 3356 2754 de
3409 2713 3563 2753 sacro

1989 2771 2284 2836 Clemente,
2316 2778 2369 2826 et
2393 2787 2588 2840 genere
2616 2771 2732 2842 ejus
2753 2788 2774 2824 .·
2794 2774 2845 2825 et
2871 2769 2930 2825 ut
2953 2769 3066 2842 ipse
3112 2786 3323 2843 quoque
3374 2777 3561 2840 postea

1990 2843 2216 2898 Romam
2235 2845 2468 2900 venerit.

1984 3023 2108 3080 Non
2133 3023 2328 3079 minus
2359 3023 2558 3080 etenim
2581 3026 2788 3080 Petrus
2812 3039 3046 3096 quoque
3066 3025 3202 3079 orbe
3231 3029 3555 3096 peragrato,

1913 3119 1971 3171 et
1999 3115 2070 3170 iis
2101 3115 2199 3186 qui
2230 3131 2295 3169 ex
2329 3113 2768 3171 circumcisione
2797 3117 2982 3182 erant,
3015 3113 3288 3169 omnibus
3335 3113 3392 3168 in
3449 3113 3556 3168 Ριι-

1914 3205 2137 3261 lmstina
2167 3205 2408 3276 otSyria
2440 3207 2492 3258 et
2528 3203 2741 3274 ubique
2777 3204 2892 3259 tere
2938 3211 3220 3258 terrarum
3284 3204 3560 3272 praedica-

170 3298 281 3352 ρας,
330 3280 430 3335 κᾶν
488 3286 607 3344 ταῖς
666 3282 867 3357 ἀρχαῖς
922 3283 1163 3356 Νέρωνος
1222 3290 1291 3358 τῇ
1348 3284 1638 3358 Ῥωμαίων
1683 3283 1802 3337 ἐπι-

1916 3296 2068 3351 tione
2100 3294 2485 3365 promulgata,
2501 3309 2634 3348 cum
2651 3293 2762 3347 sub
2778 3292 3019 3350 Neronis
3036 3292 3275 3362 imperio
3289 3291 3528 3347 Romam
3543 3337 3556 3361 ,

169 3365 442 3442 δημήσας,
502 3368 591 3425 διὰ
664 3373 758 3426 τὸν
818 3371 1057 3447 μυσαρὸν
1135 3374 1352 3447 Σίμωνα
1428 3376 1558 3429 Θεὸν
1615 3374 1805 3429 ἑαυτὸν

165 3457 560 3536 ἀναγράφοντα,
613 3461 702 3514 καὶ
771 3462 834 3516 τὸ
908 3461 1044 3517 κατά
1126 3463 1353 3537 Χριστὸν
1414 3461 1804 3538 διαστρέφοντα

163 3549 449 3625 κήρυγμα·
483 3547 666 3626 ἔργοις
724 3548 772 3604 δ’
820 3549 910 3606 οὖν
959 3551 1048 3607 καὶ
1094 3551 1277 3629 λόγων
1343 3550 1566 3626 δυνάμει
1615 3555 1804 3606 τοῦτον

161 3633 394 3710 ἐλέγξας,
439 3638 540 3709 τήν
595 3657 654 3692 τε
707 3639 992 3712 Ῥωμαίων
1052 3640 1382 3712 Ἐκκλησίαν
1447 3644 1636 3715 πρῶτα
1706 3640 1801 3712 μὶν

161 3723 325 3798 Λίνῳ,
357 3726 458 3781 εἶτ’
503 3726 854 3800 ’Δνεγκλήτω
903 3726 1028 3789 δοὺς
1077 3726 1317 3784 διέπειν
1364 3730 1536 3803 τρίτῳ
1583 3727 1640 3782 δὲ
1688 3728 1804 3801 μετ’

158 3813 377 3882 αὐτοὺς,
406 3816 543 3892 πρὸς
597 3814 759 3879 τέλος
814 3818 988 3888 ἥκων,
1028 3821 1108 3890 τῷ
1165 3820 1467 3895 σοφωτάτῳ
1524 3817 1800 3892 Κλήμεντι

158 3903 249 3963 τὰς
305 3902 460 3966 κλεῖς
518 3903 828 3979 ἐπιτρέψας,
901 3903 1181 3979 μετέϐαινε
1236 3909 1372 3982 πρὸς
1429 3907 1579 3963 Θεόν.
1611 3907 1700 3966 Ὧς
1755 3904 1800 3960 δ’

162 3990 248 4046 οὖν
297 3993 436 4066 μετά
479 3994 734 4068 Σίμωνος
785 3995 887 4051 ὑπὸ
962 3995 1210 4072 Νέρωνος
1259 3999 1353 4051 οἷα
1409 3998 1646 4072 τεράτων
1704 3996 1803 4050 αύ-

159 4083 380 4160 τουργοὶ
459 4086 544 4138 καὶ
619 4083 787 4160 ἄμφω
853 4092 953 4155 τῆς
1004 4087 1225 4160 Ῥώμης
1282 4086 1608 4157 ἠλαύνοντο,
1667 4086 1802 4160 πρὸς

159 4173 254 4240 τήν
286 4171 692 4250 Ἱεροσολύμων
749 4175 898 4239 αὖθις
953 4177 1043 4232 καὶ
1080 4179 1176 4238 τάς
1232 4185 1331 4247 τῆς
1372 4181 1508 4251 ἑῴας
1539 4179 1566 4232 ὁ
1599 4178 1801 4251 Πέτρος

160 4257 357 4334 ἐχώρει
409 4261 642 4328 πόλεις·
690 4265 779 4320 καὶ
831 4267 928 4335 τήν
991 4266 1224 4345 ὑφήλιον
1279 4269 1627 4343 καταυγάζων
1685 4271 1803 4328 τοῖς

162 4349 417 4424 θαύμασι,
485 4353 774 4424 Φαυστίνῳ
849 4355 939 4409 καὶ
1015 4360 1391 4428 Φαυστινιανῷ
1465 4355 1800 4431 ἐντυγχάνει,

164 4437 332 4495 εῗτουν
394 4443 604 4514 Νικήτᾳ
678 4444 767 4498 καὶ
829 4443 1071 4516 Ἀκύλᾳ·
1133 4446 1184 4500 οἳ
1233 4443 1298 4514 δὴ
1353 4447 1486 4508 υἱεῖς
1551 4447 1645 4518 μὲν
1700 4449 1802 4500 τοῦ

160 4527 447 4604 περιδόξου
523 4531 779 4588 Φαύστου
855 4533 907 4588 ἐν
984 4535 1170 4610 Ῥώμῃ
1241 4535 1397 4607 ἦσαν,
1454 4535 1591 4606 πρὸς
1645 4534 1801 4610 γένος

163 4611 305 4682 ὅντες
348 4625 452 4676 τοῦ
499 4622 785 4696 Καίσαρος,
818 4621 1039 4703 ἀδελφὼ
1089 4621 1146 4679 δέ
1199 4623 1533 4698 Κλήμεντος,
1565 4623 1801 4686 Τούτους

163 4702 216 4760 δὲ
261 4715 360 4778 τῆς
406 4710 819 4786 τερατείαςτοῦ
879 4702 1129 4786 Σίμωνος
1177 4715 1515 4784 ἀποπτύσας»
1560 4713 1656 4776 τὰς
1705 4714 1800 4769 τίδ’

165 4793 275 4860 λεις
330 4797 498 4873 διῄει,
530 4799 596 4854 τά
655 4799 909 4873 Σίμωνος
954 4801 1233 4879 σπέρματα
1290 4802 1339 4876 ἐξ
1390 4804 1568 4858 αὐτῶν
1635 4804 1802 4876 ῥιζῶν

162 4883 436 4956 ἀνασπῶν,
496 4886 549 4950 ἐς
599 4890 818 4966 ὕστερον
880 4888 937 4945 δὲ
992 4893 1082 4947 καὶ
1160 4893 1249 4947 τὸν
1309 4893 1452 4966 ἱερὸν
1511 4891 1803 4965 Κλήμεντα

165 4978 532 5050 σαγηνεύσας’
592 4978 682 5032 ἅτε
741 4977 808 5048 δή
865 4985 980 5042 τοῖς
1034 4981 1241 5036 ἐκείνου
1287 4981 1621 5057 ἀπορρήτοις
1679 4980 1798 5056 περί

164 5064 343 5140 ψυχῆς
395 5067 488 5120 καὶ
537 5066 1023 5133 ἀποκαταστάσεως
1080 5071 1170 5124 καὶ
1219 5070 1406 5126 ἄλλων
1469 5073 1802 5143 ζητημάτων

159 5151 218 5205 τὸ
299 5153 505 5230 εὒγενὲς
582 5163 681 5227 τῆς
759 5157 964 5221 λύσεως
1028 5161 1352 5236 παρασχὼν,
1412 5160 1498 5215 καὶ
1561 5161 1796 5234 Θαύμασι

158 5239 388 5307 πολλοῖς
437 5245 525 5300 καὶ
585 5248 776 5324 σοφίας
834 5247 1155 5325 ἀπορρήτου
1233 5246 1457 5324 δυνάμει
1518 5251 1798 5322 ᾠκειωσά-

224 5399 271 5434 ³⁵
301 5401 349 5458 Il
382 5402 539 5458 Tim.
575 5418 652 5474 ιν,
689 5403 776 5471 18,
854 5401 902 5438 ³³
933 5403 1079 5459 Ibid.
1111 5405 1165 5458 6.

223 5553 510 5629 (llLucas
539 5558 680 5613 Acta
699 5573 804 5612 sua
837 5554 1158 5629 apostolica
1205 5555 1278 5629 ad
1327 5554 1576 5628 priorem
1633 5554 1798 5613 Pauli

164 5626 360 5685 urbem
384 5632 554 5687 Rom.
586 5626 902 5685 adventum
933 5627 1312 5684 continuavit.

229 5697 306 5769 (2)
336 5701 459 5766 Quo
489 5699 712 5757 scilicet
767 5704 1028 5772 tempore
1071 5699 1445 5772 posteriorem
1496 5701 1567 5756 ad
1609 5699 1802 5757 Timo-

1914 3387 2147 3455 propter
2173 3383 2578 3438 detestandum
2611 3381 2772 3437 illum
2824 3382 3139 3449 Simonem,
3166 3383 3264 3453 qui
3310 3382 3556 3452 publicis

1911 3473 2394 3544 inscriptionibus
2416 3471 2597 3527 Deum
2639 3487 2944 3538 sevocare,
2984 3470 3130 3525 191
3193 3470 3551 3541 praedicatio-

1913 3578 2166 3634 nemque
2193 3560 2401 3617 Christi
2433 3563 2682 3616 evertere
2714 3564 3030 3626 est,ausus,
3060 3558 3328 3625 venisset,
3362 3559 3554 3614 factis-

1911 3668 2020 3722 que
2045 3650 2209 3706 illum
2241 3649 2416 3705 simul
2447 3652 2504 3704 et
2531 3665 2870 3705 sermonum
2902 3649 2956 3704 vi
2978 3647 3354 3718 coarguisset,
3379 3652 3553 3718 atque

1910 3743 2302 3796 Romanorum
2347 3737 2627 3806 Ecclesiae,
2669 3738 2920 3810 primum
2995 3737 3227 3807 quidem
3262 3736 3420 3804 Lino,
3454 3738 3554 3792 de-

1912 3831 2047 3886 inde
2077 3827 2366 3895 Anacleto,
2399 3831 2455 3883 et
2494 3831 2622 3897 post
2671 3825 2774 3882 hos
2822 3825 3012 3894 tertio,
3044 3827 3114 3881 ad
3164 3829 3407 3882 mortem
3457 3843 3555 3881 va-

1910 3919 2074 3986 dens,
2108 3918 2540 3989 sapientissimo
2587 3916 2864 3972 Clementi
2907 3917 3095 3972 claves
3140 3917 3547 3986 commisisset,

1911 4011 1979 4065 ad
2011 4009 2193 4064 Deum
2228 4006 2516 4078 migravit.
2553 4007 2608 4062 is
2639 4022 2806 4076 porro
2840 4022 2956 4060 una
2976 4021 3107 4060 cum
3142 4005 3397 4072 Simone,
3433 4013 3557 4062 tan-

1911 4115 2086 4171 quam
2120 4096 2517 4170 prodigiorum
2541 4096 2841 4163 etiector,a
2871 4097 3094 4151 Nerone
3126 4095 3309 4151 Roma
3327 4095 3555 4166 pulsus,

1912 4186 2305 4258 Hierosolyma
2336 4201 2569 4242 rursum
2602 4189 2661 4241 et
2689 4184 3005 4240 Orientales
3037 4183 3302 4240 civitates
3351 4187 3514 4256 petiit
3541 4201 3554 4241 :

1912 4280 1968 4332 et
2022 4275 2218 4331 orbem
2274 4273 2574 4330 miraculis
2622 4273 2952 4342 illustrans,
3002 4272 3058 4328 in
3111 4273 3455 4330 Faustinum
3505 4279 3559 4329 et

1914 4363 2522 4431 Faustimianum,sive
2549 4361 2806 4418 Nicetam
2829 4366 2887 4417 et
2909 4361 3179 4433 Aquilam
3204 4362 3428 4429 incidit,
3460 4364 3560 4432 qui

1912 4453 2015 4510 filii
2049 4453 2282 4525 quidem
2313 4451 2620 4508 clarissimi
2669 4451 2776 4506 viri
2827 4451 3023 4506 Fausti
3059 4451 3327 4516 Romani,
3370 4452 3561 4506 Caesa-

1912 4559 2034 4599 rem
2067 4558 2278 4614 genere
2333 4540 2703 4612 attingontos,
2739 4540 2945 4595 fratres
2995 4543 3186 4594 autem
3247 4539 3559 4594 Clementis

1837 4605 1879 4670 D
1911 4605 2233 4690 eranttHos
2255 4645 2386 4686 cum
2440 4605 2515 4684 ab
2561 4605 2818 4684 Simonis
2862 4627 3167 4699 prmstigiis
3214 4625 3558 4697 prodigiosis

1911 4719 2264 4786 abduxisset,
2297 4717 2556 4774 civitates
2603 4717 2848 4784 visebat,
2871 4715 3126 4771 Simonis
3166 4715 3393 4770 semina
3429 4714 3556 4768 ulli-

1913 4825 2025 4880 que
2055 4807 2334 4862 radicitus
2365 4805 2634 4861 evellens.
2667 4806 2878 4860 Deinde
2909 4821 3042 4859 vero
3099 4804 3274 4858 etiam
3325 4820 3554 4859 sacrum

1911 4897 2259 4954 Clementem
2293 4897 2362 4950 ad
2401 4911 2460 4950 se
2511 4894 2804 4964 pertraxit,
2837 4909 3083 4962 rumque
3123 4892 3230 4948 sibi
3280 4892 3350 4946 ad
3397 4909 3557 4946 arca-

1914 5003 2019 5043 nas
2042 4987 2439 5056 obseurasque
2463 4983 2622 5039 illius
2652 4985 2722 5038 de
2754 4983 2949 5038 anima
2979 4986 3036 5037 et
3064 4981 3428 5036 restitutione
3452 4981 3558 5036 tio—-

1914 5075 2090 5131 minis
2134 5073 2384 5146 aliisque
2442 5073 2614 5128 rebus
2666 5071 3002 5143 ingentibus
3052 5070 3419 5141 quaestiones,
3459 5085 3555 5138 per

1908 5165 2198 5236 appositae
2221 5162 2537 5219 solutiones
2567 5161 2676 5216 rite
2706 5165 2761 5214 et
2793 5160 3059 5232 praesenti
3091 5159 3288 5214 animo
3319 5174 3554 5229 respon-

1909 5254 2074 5320 dens,
2109 5258 2281 5326 atque
2310 5253 2552 5322 insuper
2584 5249 2886 5305 miraculis
2911 5248 3108 5305 multis
3137 5251 3194 5303 et
3231 5245 3554 5302 secretioris

1908 5555 2110 5612 theum
2144 5553 2305 5628 dedit
2351 5554 2679 5628 epistolam,
2713 5557 2771 5610 et
2811 5551 3058 5610 vinculis
3090 5569 3120 5606 a
3160 5551 3380 5608 Nerone
3427 5567 3558 5607 ron-

1912 5628 2147 5684 strictus
2172 5627 2296 5683 fuit.
