4070 6274
561 340 680 403 817

1858 333 2279 396 NICEPHORI
2322 333 2673 397 CALLISTI

3838 336 3972 405 .848

563 474 866 548 sapientiae
895 475 952 533 vi
981 474 1323 532 familiarius
1372 473 1655 546 conjunit.
1688 472 1887 529 Multis
1932 485 2065 528 vero
2108 471 2188 528 de-

2318 489 2501 544 μενος.
2551 469 2792 532 Πολλοῖς
2844 469 2891 526 δ’
2950 473 3003 536 ἐς
3056 470 3277 547 ὕστερον
3325 466 3467 528 ἔτεσι
3513 473 3604 528 καὶ
3652 473 3963 546 Πατθιδαν,

562 566 768 637 inceps
796 564 964 621 annis
1001 568 1058 620 et
1096 563 1485 631 Matthidiam,
1510 563 1763 620 nobilem
1818 565 2063 618 matrem
2112 576 2209 617 eo-

562 671 719 724 rum,
748 671 924 726 quam
974 654 1033 711 in
1068 655 1259 711 insula
1308 655 1563 726 quadam
1603 671 1673 710 ex
1722 652 2025 725 naufragio
2069 668 2210 709 aeru-

561 760 767 802 mnose
788 745 1084 802 viventem
1098 745 1341 817 reperit;
1360 744 1578 817 quippe
1597 759 1725 816 quas
1752 743 1935 799 Roma
1954 742 2208 798 Athenas

564 833 883 890 liberorum
924 849 1165 891 suorum
1214 833 1487 890 doctrinae
1517 832 1702 905 gratia
1742 848 1856 888 una
1903 847 2036 887 cum
2091 830 2207 885 illis

560 921 857 992 navigans,
877 920 1247 993 naufragium
1270 938 1445 994 passa
1479 921 1678 977 fuerit:
1703 935 1837 975 cum
1859 919 1944 974 illi
1968 918 2203 990 quidem

559 1009 710 1067 alius
739 1010 853 1067 alio
914 1010 1111 1067 divina
1152 1011 1515 1083 providentia
1570 1011 1891 1067 incolumes
1948 1023 2204 1078 evasere,

557 1098 690 1171 ipsa
715 1115 851 1156 vero
880 1100 939 1156 in
971 1099 1223 1157 insulam
1245 1100 1448 1171 eiecta,
1472 1098 1651 1156 vitam
1682 1098 1938 1155 laniﬁcio
1970 1101 2205 1154 susten-

555 1188 719 1247 tavit.
771 1189 933 1246 Hanc
979 1188 1149 1246 divus
1197 1189 1400 1245 Petrus
1446 1188 1529 1243 ibi
1576 1188 1887 1256 inventam,
1934 1202 2065 1243 cum
2130 1186 2201 1242 ad

555 1278 905 1350 spectandas
933 1278 1189 1335 vitiferas
1224 1278 1532 1335 columnas
1563 1277 1916 1343 divertisset,
1949 1291 2202 1348 emuque

554 1366 726 1439 (quos
756 1365 1036 1439 diximus)
1060 1366 1228 1423 liberi
1276 1365 1436 1421 illius
1480 1369 1601 1422 tres
1646 1368 2051 1438 sequerentur,
2079 1380 2201 1420 ma-

554 1460 816 1529 tremque
843 1472 1013 1514 suam
1035 1459 1238 1528 preter
1261 1471 1424 1526 spem
1465 1457 1524 1512 et
1549 1454 2035 1526 exspectationem
2067 1470 2187 1509 om-

555 1559 691 1602 nem
749 1547 1190 1617 cognoscerent,
1239 1542 1434 1601 divino
1481 1544 1843 1615 regeneravit
1881 1542 2196 1615 baptismo,

555 1632 629 1689 Ut
658 1636 925 1691 autemet
943 1636 1106 1706 pater
1134 1649 1336 1689 eorum
1385 1631 1640 1689 Faustus
1697 1632 1881 1689 Roma
1933 1632 2004 1688 ad
2062 1649 2199 1688 uxo-

554 1739 680 1781 rem
700 1728 759 1781 et
787 1723 1001 1781 liberos
1030 1723 1368 1796 quarendos
1400 1723 1697 1794 profectus
1726 1722 1827 1794 (1),
1855 1725 2197 1795 Egyptum-

2313 559 2413 629 τὴν
2470 560 2659 635 εὐγενῆ
2719 559 2933 616 τούτων
2993 560 3226 637 μητέρα,
3285 558 3336 616 ἔν
3389 583 3500 617 τινι
3554 564 3707 636 νήσῳ
3756 565 3823 618 ἐκ
3868 585 3971 618 πα-

2316 645 2475 702 λαιοῦ
2521 650 2757 723 ναυαγίῳ
2800 651 3323 725 ταγαιπωρουμένην
3370 651 3568 728 εὑρὼν,
3628 654 3721 708 ἅτε
3777 651 3849 723 δὴ
3912 653 3972 708 ἐκ

2314 737 2535 810 Ῥώμης
2586 738 2670 792 ἐπ’
2728 739 2960 810 Ἀθήνας
3014 737 3262 804 παιδείας
3336 739 3499 816 χᾶριν
3568 747 3678 796 τῶν
3752 740 3969 797 παίδων

2314 826 2520 899 σύναμα
2569 827 2785 890 τούτοις
2828 827 2958 901 πλῷ
3021 829 3340 905 χρωμένην,
3389 832 3480 885 καὶ
3545 834 3965 906 ναυαγήσασαν·

2310 915 2590 978 κάκείνους
2624 917 2718 989 μὲν
2771 916 2942 973 ἄλλον
2992 917 3269 993 ἀλλαχόθι
3311 919 3428 991 θείᾳ
3477 916 3545 989 δὴ
3575 921 3815 992 προνοίᾳ
3867 941 3962 975 πε-

2313 1005 2632 1077 ρισωθῆναι,
2690 1006 2860 1076 αὐτὴν
2920 1004 2968 1061 δ’
3024 1007 3101 1067 εἰς
3157 1014 3324 1077 νῆσον
3383 1002 3800 1084 ἐκϐρασθεῖσαν,
3852 1010 3958 1084 ἐρι-

2309 1092 2564 1148 νεύουσαν
2612 1091 2832 1168 διαζῇν·
2892 1096 3096 1167 ταύτην
3157 1094 3224 1165 δὴ
3279 1098 3308 1151 ὁ
3358 1098 3503 1159 θεῖος
3554 1097 3759 1172 Πέτρος
3792 1099 3956 1172 εὑρὼν

2310 1179 2481 1236 ἐκεῖσε
2538 1183 2673 1238 κατὰ
2727 1183 2847 1238 θέαν
2908 1188 3015 1239 τῶν
3090 1182 3409 1258 ἂμπελίσων
3465 1185 3679 1242 στόλων
3736 1185 3915 1241 ἐλθών
3938 1208 3951 1219 ·

2309 1268 2532 1327 εἵποντο
2566 1270 2624 1327 δέ
2654 1273 2706 1327 οἱ
2742 1274 2832 1328 καὶ
2863 1274 2914 1328 οἱ
2943 1274 3145 1346 ταύτης
3172 1272 3362 1341 παῖδες
3395 1281 3543 1350 τρεῖς
3566 1295 3581 1308 ο
3614 1278 3679 1346 ἢν
3736 1274 3810 1347 δὴ
3870 1279 3956 1332 καὶ

2308 1367 2427 1425 τοῖς
2466 1362 2620 1419 παισὶ
2649 1361 2969 1438 παραδόξως
3017 1368 3423 1441 γνωρισθεῖσαν,
3454 1371 3534 1439 τῷ
3579 1368 3713 1440 θείῳ
3760 1369 3959 1444 βαπτίσ

2311 1470 2477 1524 σματι
2522 1450 2896 1529 ἂνεγὲννησεν’
2942 1455 3017 1518 ὡς
3067 1453 3123 1510 δὶ
3169 1456 3261 1511 καὶ
3309 1460 3557 1512 Φαῦστον
3602 1457 3698 1511 τὸν
3741 1456 3957 1512 τούτων

2307 1541 2513 1617 πατέρα
2555 1544 2693 1598 κατὰ
2740 1545 2969 1616 ζήτησιν
3014 1551 3116 1615 τῆς
3171 1547 3426 1621 γυναικὸς
3475 1547 3717 1603 καὶτῶν
3744 1544 3961 1602 παίδων

2305 1632 2405 1697 τῆς
2462 1632 2684 1704 Ῥώμης
2735 1632 2961 1704 ἐξιόντα,
3018 1632 3298 1710 Αἴγυπτόν
3351 1645 3411 1691 τε
3467 1636 3559 1691 καὶ
3612 1638 3821 1711 Συρίαν
3870 1637 3959 1691 καὶ

2305 1718 2564 1791 Φοινίκην
2617 1718 2926 1791 διελθόντα,
2962 1726 3151 1798 Πέτρῳ
3206 1744 3265 1779 τε
3324 1724 3569 1804 ἐντυχεῖν
3624 1730 3763 1781 Θεοῦ
3812 1746 3958 1800 προ-

555 1828 692 1885 que,
723 1814 944 1886 Syriam
975 1817 1034 1870 et
1066 1812 1400 1869 Phoenicem
1442 1829 1783 1886 peragrans,
1815 1812 2012 1869 divino
2052 1831 2188 1884 quo-

2302 1807 2419 1879 νοίᾳ
2476 1812 2760 1887 σοφῇ,καί
2815 1815 2931 1873 τοῖς
2986 1810 3212 1876 οἰκείοις
3271 1819 3610 1890 περιτυχεῖν,
3652 1813 3858 1884 ἐπίσης
3912 1817 3961 1869 τ’

554 1918 671 1976 que
692 1906 836 1959 nutu
866 1903 924 1959 in
957 1903 1188 1959 Petrum
1228 1917 1482 1975 suosque
1511 1902 1738 1971 incidit,
1776 1910 1831 1959 et
1878 1902 2081 1959 itidem
2133 1908 2188 1959 ut

2304 1897 2538 1960 ἐκείνους
2594 1902 2691 1955 τοῦ
2743 1900 2894 1954 θείου
2952 1904 3185 1976 λουτροῦ
3253 1907 3568 1978 μετασχεῖν,
3606 1902 3699 1957 καὶ
3760 1904 3961 1977 σύναμῖ

553 1992 660 2063 illi,
693 2008 923 2049 sacrum
956 1993 1209 2064 suscepit
1261 1992 1574 2054 lavacrum.
1597 2008 1714 2055 una
1743 2008 1876 2048 cum
1907 1992 2025 2049 illis
2054 2010 2195 2064 apo-

553 2081 769 2139 stolum
802 2098 904 2153 per
931 2081 1131 2138 orbem
1162 2082 1476 2137 comitatus
1498 2088 1603 2139 est.
1622 2081 1704 2137 ita
1734 2080 1818 2137 illi
1848 2082 2022 2152 longo
2051 2086 2195 2138 tem-

547 2187 683 2244 pore
712 2172 830 2229 veri
861 2171 1120 2243 certique
1146 2186 1340 2227 rerum
1390 2170 1516 2241 ejus
1564 2176 1853 2242 gestarum
1902 2187 2192 2243 praecones

547 2259 730 2328 fuere,
752 2259 1048 2332 simulque
1074 2274 1208 2316 cum
1240 2275 1306 2315 eo
1335 2258 1630 2315 Christum
1652 2258 2063 2331 praedicarunt.
2086 2259 2188 2315 Pc-

547 2351 676 2405 trus
702 2364 874 2421 porro
898 2349 972 2405 ad
998 2364 1130 2406 eum
1167 2347 1406 2403 modum
1438 2363 1538 2419 per
1565 2347 1767 2404 orbem
1810 2347 2189 2404 habitabilem

549 2437 769 2510 passim
799 2438 1040 2507 vadens,
1070 2436 1345 2494 ecclesias
1379 2435 1588 2508 ubique
1619 2435 1939 2494 constituit.
1972 2437 2039 2492 Et
2068 2437 2191 2492 Ro-

552 2542 809 2596 manam,
838 2543 986 2599 quos
1023 2542 1203 2599 supra
1240 2524 1513 2596 diximus,
1545 2525 1982 2582 successoribus
2036 2527 2187 2584 192

543 2616 865 2677 commisit:
899 2615 1042 2673 Lino
1074 2615 1364 2682 videlicet,
1394 2614 1693 2684 Anaclcto,
1726 2619 1782 2672 et
1821 2616 1991 2671 tertio
2024 2632 2187 2672 sacro

541 2707 844 2765 Clementi.
870 2709 997 2781 Ipse
1018 2709 1254 2780 quidem
1284 2708 1552 2766 Clemens
1582 2723 1644 2763 se
1672 2723 1705 2761 a
1732 2707 1894 2762 Petro
1934 2706 1992 2763 in
2025 2706 2184 2763 obitu

543 2798 667 2868 ejus
695 2796 910 2855 lectum
942 2798 1151 2865 dicere,
1184 2800 1239 2853 et
1260 2814 1294 2853 a
1332 2798 1497 2853 Petro
1527 2796 1850 2852 secundum
1883 2811 2187 2853 numerare

542 2885 788 2945 videtur.
813 2885 923 2942 Alii
954 2892 1146 2942 autem
1180 2890 1452 2958 quartum
1496 2900 1627 2941 cum
1664 2902 1697 2940 a
1728 2888 1893 2941 Petro
1921 2900 2049 2940 esse
2096 2901 2184 2940 re-

542 2975 758 3043 ferunt,
805 2975 866 3031 in
918 2975 1134 3047 quibus
1187 2974 1361 3031 etiam
1409 2978 1500 3031 est
1547 2972 1831 3029 Eusebius
1878 2973 2184 3045 Pamphili.

542 3062 945 3120 Alexandrinas
995 3069 1189 3120 autem
1234 3065 1491 3120 Marcum
1523 3062 1821 3134 praefecit:
1878 3063 1937 3118 in
2012 3064 2184 3134 cujus

544 3169 707 3211 sacro
737 3152 1086 3221 ministerio,
1117 3157 1341 3210 Nerone
1382 3155 1645 3208 octavum
1702 3154 2023 3223 imperante
2079 3170 2186 3209 an-

2301 1982 2529 2050 ἐκείνοις
2585 1992 2667 2060 τῷ
2724 1987 3017 2062 ἀποστόλῳ
3077 1990 3177 2060 τήν
3236 1993 3339 2065 γῆν
3396 1991 3813 2067 περιέρχεσθαι,
3866 1996 3962 2062 κή-

2304 2094 2468 2149 ρυκας
2563 2074 2812 2151 ἀψευδεῖς
2916 2082 3023 2133 τῶν
3118 2077 3305 2152 ἐκείνῳ
3405 2080 3769 2157 εἰργασμένων
3860 2083 3964 2137 οὐκ

2301 2162 2516 2239 ὀλίγοις
2565 2162 2618 2219 ἐν
2670 2167 2890 2240 χρόνοις
2932 2168 3092 2238 εἶναι,
3122 2169 3213 2223 καὶ
3260 2173 3363 2223 τοῦ
3400 2171 3535 2224 κατὰ
3568 2172 3813 2245 Χριστὸν
3862 2194 3964 2240 κη-

2300 2255 2574 2329 ρύγματος
2638 2254 3080 2333 συνεφάπτεσθαι.
3138 2259 3247 2328 Τήν
3298 2278 3360 2333 γε
3418 2259 3525 2332 μὴν
3602 2258 3959 2333 οἰκουμένην

2297 2340 2486 2415 κύκλῳ
2533 2343 2782 2418 περιιὼν,
2824 2345 2920 2407 τὰς
2979 2346 3295 2420 ἁπανταχοῦ
3348 2344 3639 2417 ἐκκλησίας
3689 2351 3959 2419 καθίστα,

2294 2430 2386 2486 καὶ
2443 2432 2666 2505 Ῥώμην
2727 2432 2822 2506 μὲν
2873 2439 2990 2496 τοῖς
3067 2433 3379 2510 εἰρημένοις
3453 2434 3653 2491 ἄνωθεν
3711 2437 3772 2492 ἐκ
3839 2437 3959 2494 δια-

2298 2516 2474 2594 δοχῆς
2531 2517 2800 2581 ἐπεδίδου.
2833 2527 2997 2585 Λῖνος
3056 2524 3218 2588 οὗτος
3271 2525 3361 2580 καὶ
3407 2525 3801 2601 ’Δνὲγκλητος,
3866 2531 3958 2584 καὶ

2296 2609 2478 2683 τρίτος
2554 2608 2790 2683 Κλήμης
2859 2611 2887 2665 ὁ
2942 2612 3108 2687 ἱερὸς,
3169 2612 3258 2668 ὑπ’
3330 2614 3496 2669 αὐτοῦ
3578 2615 3819 2690 Πέτρου,
3881 2619 3957 2679 ὦς

2294 2697 2457 2760 αὐτός
2507 2719 2640 2774 φησι
2692 2699 2948 2773 Κλήμης,
2998 2703 3411 2776 χειροτονηθεὶς
3459 2701 3511 2758 ἐν
3555 2707 3623 2777 τῇ
3682 2703 3950 2781 τελευτῇ,

2296 2789 2310 2810 ε
2436 2788 2453 2805 ς
2577 2785 2605 2807 γ
2686 2785 2709 2805 ο
2753 2789 2765 2807 ι
3092 2792 3104 2809 ε
3219 2789 3230 2808 ν
3548 2793 3563 2809 κ
3650 2791 3675 2811 ν
3902 2797 3914 2812 υ

2313 2790 2353 2840 Ο
2396 2807 2490 2859 μεν
2546 2809 2636 2842 ουν
2681 2804 2930 2863 οευτερον
2979 2811 3113 2863 μετα
3162 2797 3364 2866 Πετρον
3413 2792 3598 2848 ἑαυτον
3648 2813 3802 2848 εοικε
3856 2793 3951 2849 λε-

2293 2894 2441 2952 γειν·
2490 2873 2666 2951 ἕτεροι
2711 2874 2769 2931 δὲ
2833 2879 3086 2954 τέταρτον
3132 2880 3238 2936 ἀπὸ
3286 2879 3493 2955 Πέτρου
3540 2881 3676 2936 εἶναί
3733 2903 3947 2958 φασιν·

2295 2966 2369 3019 ὧν
2401 2964 2512 3020 ἐστι
2562 2967 2652 3020 καὶ
2709 2967 2737 3020 ὁ
2798 2967 3091 3044 Παμφίλου
3145 2964 3427 3032 Εὗσέϐιος.
3465 2970 3659 3043 Μάρκῳ
3717 2968 3779 3024 δὲ
3845 2975 3956 3042 τήν

2292 3057 2410 3110 κατ’
2459 3053 2863 3130 Ἀλεξάνδρειαν
2934 3055 3259 3136 ἐνεχείριζεν
3316 3057 3640 3130 ἐκκλησίαν*
3698 3059 3764 3112 οὗ
3830 3062 3949 3130 τήν

2295 3143 2636 3220 λειτουργίαν
2664 3147 2908 3208 Ἀνιανὸς
2965 3143 3297 3221 διαδέχεται,
3356 3146 3555 3223 ὄγδοον
3604 3143 3723 3210 ’ἑτος
3774 3147 3950 3224 ἆγον.

545 3202 703 3211 _..---
739 3202 1086 3221 _-_-----.-,
1120 3202 1339 3210 -.-ηπ
1386 3202 1645 3208 ---η----
1702 3202 2021 3223 ὠγμπ--
2081 3202 2150 3209 _--

544 3257 713 3311 num,
742 3241 1006 3299 Anianus
1036 3241 1339 3298 successit.
1375 3243 1554 3297 Porro
1602 3239 2020 3297 Antiochenam
2071 3242 2185 3314 pri-

2298 3252 2384 3293 τος
2440 3202 2711 3307 Νιέρωνος.
2744 3235 2832 3290 Ἐν
2891 3202 2939 3289 δ’
2996 3202 3303 3315 Ἀντίοχείᾷ
3359 3202 3576 3309 πρώτον

543 3345 706 3389 mum
734 3330 950 3388 Evodio
971 3330 1183 3389 deinde
1219 3344 1413 3386 revera
1450 3328 1692 3386 numine
1740 3329 1933 3386 al'ﬂato
1972 3335 2184 3387 Deum-

541 3438 657 3495 que
684 3421 892 3478 farenti
924 3421 1143 3494 Ignatio
1174 3422 1487 3492 regendam
1518 3420 1761 3477 tradidit
1785 3437 1799 3476 :
1823 3437 1993 3493 quem
2016 3421 2182 3493 Igna-

540 3512 690 3569 tium
729 3510 1011 3569 tenellum
1057 3511 1404 3580 etiamnum,
1434 3513 1713 3582 tanquam
1759 3509 2089 3582 simplicem
2129 3518 2183 3567 et

540 3601 856 3674 integrum,
902 3599 1169 3657 manibus
1216 3599 1338 3656 suis
1377 3597 1678 3657 sublatum
1721 3597 1987 3656 Christus
2021 3598 2182 3655 exhi-

542 3689 694 3747 buit:
726 3693 901 3763 atque
921 3688 1356 3761 simplicitatem
1390 3687 1903 3760 integritatemque
1932 3688 2159 3760 discipu

541 3779 611 3836 lis
643 3780 947 3837 ostendere
1002 3782 1058 3834 et
1107 3779 1520 3835 commendare
1555 3777 1776 3841 volens,
1808 3776 1922 3833 nisi
1974 3782 2030 3834 et
2067 3777 2180 3849 ipsi

539 3866 762 3924 similes
783 3868 1010 3937 ﬁerent,
1051 3882 1422 3938 nequaquam
1456 3865 1588 3922 illos
1616 3866 1674 3921 in
1724 3881 1993 3938 regnum,
2026 3867 2176 3937 quod

539 3962 660 4012 tum
694 3955 1133 4026 predicabatur,
1159 3960 1539 4027 perventuros
1568 3969 1690 4010 esse
1735 3954 1883 4010 dixit
1912 3955 1977 4010 ³⁷.
2017 3955 2181 4011 Sicu-

536 4042 729 4099 lorum
776 4060 910 4102 vero
950 4044 1204 4100 ecclesiae
1237 4044 1632 4110 Pancratium,
1684 4043 1934 4114 aliisque
1988 4045 2175 4117 regio-

539 4132 735 4202 nibus,
767 4133 995 4201 insulis,
1019 4138 1076 4188 et
1122 4132 1363 4188 urbibus
1405 4133 1711 4205 episcopos
1755 4132 1923 4200 alios,
1966 4134 2067 4205 qui
2107 4136 2178 4189 ab

537 4235 606 4275 eo
637 4235 861 4276 sacrum
894 4220 1108 4277 Christi
1139 4221 1507 4291 disciplinam
1549 4221 1933 4292 accepissent,
1967 4239 2179 4294 praepo-

536 4308 676 4365 suit.
720 4310 807 4364 Ad
859 4309 1009 4366 hanc
1067 4309 1307 4364 modum
1339 4309 1460 4380 ipse
1508 4309 1569 4364 in
1620 4307 1949 4364 Palaestina.
1990 4310 2177 4383 Syria,

534 4399 828 4469 Phoenice,
887 4399 1087 4467 Ponto,
1159 4398 1408 4468 Galatia,
1449 4398 1834 4471 Cappadocia,
1890 4399 2175 4472 Bithynia,

532 4488 781 4547 breviter
807 4489 867 4545 in
910 4488 1095 4545 totius
1136 4488 1280 4545 Asia:
1319 4491 1375 4544 et
1412 4488 1649 4561 Europa:
1696 4487 1835 4557 oris,
1868 4489 2173 4545 omnibus-

2294 3318 2429 3390 διον,
2461 3322 2596 3394 μετὰ
2643 3320 2699 3376 δὲ
2744 3326 2938 3379 τοῦτον
2991 3325 3082 3379 τὸν
3129 3319 3298 3388 ὅντως
3348 3321 3652 3397 θεόληπτον
3683 3324 3779 3380 τὸν
3814 3329 3947 3382 θεο-

2293 3412 2462 3486 φόρον
2518 3410 2680 3467 ἐτίθει
2739 3412 3040 3488 Ἰγνάτιον·
3096 3414 3155 3468 ’ὀν
3223 3411 3301 3470 ἔτι
3374 3417 3569 3488 νήπιον
3645 3413 3802 3486 ὄντα,
3866 3419 3946 3480 ὡς

2290 3500 2500 3558 ἁπλοῦν
2557 3501 2648 3557 καὶ
2700 3501 2948 3578 ἆκὲραιον
3014 3502 3440 3578 ἐνδεικνύμενος,
3497 3505 3545 3561 εἰ
3598 3507 3679 3579 μή
3735 3503 3950 3578 Estis-1;;

2291 3590 2481 3665 ἐκείνῳ
2536 3591 2805 3667 γένοιντο,
2861 3589 3144 3664 διεδείκνυ,
3205 3594 3403 3664 ἥκιστα
3468 3588 3617 3669 ἔλεγε
3675 3602 3782 3666 τῆς
3849 3620 3947 3668 κη-

2293 3681 2622 3756 ρυττομένης
2683 3680 2961 3753 βασιλείας
3018 3681 3419 3759 ἐπιτυχεῖν.Τῇ
3484 3681 3626 3739 δ¹αὗ
3688 3686 3951 3743 Σικελῶν

2291 3771 2624 3846 Παγκράτιον
2654 3772 3022 3850 ἐχειροτόνει·
3055 3773 3146 3827 καὶ
3188 3770 3362 3828 ἄλλον
3410 3770 3590 3844 ἄλλης
3628 3773 3947 3846 ἐκκλησίας

2287 3857 2615 3933 ἐπιστατεῖν,
2673 3861 2860 3936 χώρας
2916 3881 2976 3916 τε
3049 3861 3139 3916 καὶ
3186 3863 3355 3933 νήσου
3400 3864 3488 3918 καὶ
3549 3861 3777 3929 πόλεως
3824 3883 3841 3899 ο
3895 3866 3947 3919 οἳ

2287 3950 2448 4023 ἱερῶς
2506 3951 2683 4022 τούτῳ
2727 3956 2828 4019 τῆς
2892 3949 2947 4005 ἐν
3008 3955 3229 4027 Χριστῷ
3277 3952 3691 4028 μετελαὶγχανον
3745 3957 3950 4027 μαθη-

2284 4038 2452 4102 τείας.
2484 4038 2659 4101 Αὐτὸς
2721 4036 2778 4093 δὲ
2828 4036 3233 4111 Παλαιστίνην,
3257 4040 3454 4115 Συρίαν
3509 4061 3570 4096 τε
3615 4042 3711 4096 καὶ
3758 4042 3947 4098 Φοινῖ-

2285 4150 2407 4200 κην,
2440 4127 2641 4185 Πόντον
2701 4149 2757 4183 τε
2811 4132 2900 4183 καί
2954 4126 3239 4198 Γαλατίαν,
3282 4127 3669 4185 Καππαδοκίαν
3728 4153 3799 4186 τε
3859 4134 3946 4188 καὶ

2287 4214 2561 4280 Βιθυνίδα,
2618 4217 2709 4273 καὶ
2775 4216 3017 4279 συνόλως
3087 4216 3245 4295 φάναι
3307 4216 3407 4273 ὅσα
3480 4239 3540 4274 τε
3590 4221 3791 4283 Ἀσίας
3855 4223 3945 4277 καὶ

2289 4306 2556 4383 Εὐρώπης
2611 4304 2853 4379 κλίματα
2906 4305 3096 4377 ἐπιὼν,
3154 4306 3286 4361 πᾶσί
3336 4327 3395 4362 τε
3449 4312 3566 4370 τοῖς
3618 4309 3673 4362 ἐν
3710 4310 3791 4381 τῇ
3825 4308 3944 4364 δια-

2287 4400 2461 4471 σπορᾷ
2516 4392 2801 4459 Ἰουδαίοις
2859 4416 2918 4451 τε
2972 4395 3063 4451 καὶ
3116 4394 3356 4466 Ἕλλησι
3425 4395 3606 4471 τέρασι
3683 4399 3785 4452 καὶ
3842 4420 3938 4468 ση-

2291 4485 2489 4559 μείοις,
2540 4484 2695 4560 ἰσχύϊ
2747 4505 2806 4540 τε
2855 4483 3028 4562 λόγου
3066 4486 3150 4541 καὶ
3200 4485 3510 4555 πνεύματος
3556 4486 3649 4541 τὸν
3695 4489 3945 4562 Χριστὸν

531 4594 648 4652 que
691 4579 854 4647 adeo,
892 4578 994 4650 qui
1023 4577 1083 4634 in
1115 4578 1478 4650 dispersione
1517 4559 1684 4635 erant
1702 4576 1916 4633 Judzsis
1947 4581 2004 4634 et
2024 4579 2171 4634 Grae-

2298 4574 2796 4653 εὐαγγελισάμενος,
2845 4596 2989 4630 ουτω
3035 4574 3127 4631 καὶ
3171 4575 3327 4636 οὗτος
3372 4575 3508 4629 κατᾶ
3558 4573 3790 4632 Παῦλον
3852 4579 3940 4631 τὸν

529 4667 637 4737 ci,
683 4666 990 4740 Evangelio
1029 4666 1240 4723 Christi
1273 4668 1483 4724 virtute
1505 4671 1563 4723 et
1583 4666 1634 4723 vi
1667 4667 1825 4722 verbi
1858 4666 2066 4740 (signis
2123 4672 2180 4724 et

528 4758 833 4817 miraculis
879 4758 1315 4824 accedentibus)
1346 4757 1730 4829 promulgata,
1762 4759 2036 4820 extremis
2064 4759 2176 4814 Ne-

527 4849 687 4906 ronis
717 4847 1079 4921 temporibus
1109 4847 1379 4917 Romam,
1409 4847 1644 4903 urbium
1703 4847 1966 4902 omnium
2027 4846 2178 4918 regi-

527 4954 688 5009 nam,
719 4954 854 4994 cum
886 4937 966 4994 ibi
998 4952 1227 5009 quoque
1255 4935 1470 4993 Paulus
1500 4940 1679 5005 esset,
1712 4936 2025 5007 pervengit.

593 5080 638 5117 ³⁷
669 5079 872 5137 Malth.
904 5095 1062 5152 xvm,
1092 5080 1147 5135 3.

2289 4667 2431 4721 θεῖον
2475 4663 2530 4721 ἐν
2568 4672 2687 4727 τοῖς
2729 4664 2982 4738 ἐσχάτοις
3033 4667 3283 4738 Νέρωνος
3334 4664 3561 4741 χρόνοις
3612 4667 3717 4734 τὴν
3778 4667 3938 4740 βασι-

2287 4752 2412 4810 λίδα
2443 4754 2663 4827 Ῥώμην
2694 4749 3121 4826 καταλαμϐάνει.

592 5224 692 5296 (1)-
729 5225 916 5296 Divus,
975 5221 1244 5296 Clemeps
1300 5237 1451 5296 cum
1494 5221 1721 5296 duobus
1780 5219 2079 5287 fratribus,
2139 5223 2196 5276 et
2248 5220 2455 5276 deinde
2520 5224 2755 5291 parente
2821 5227 3083 5293 utroque,
3147 5236 3341 5277 comes
3409 5226 3469 5277 et
3522 5223 3719 5278 socius
3796 5225 3939 5282 Petri

521 5292 872 5368 pracdicandi
904 5294 961 5349 in
995 5296 1131 5351 orbe
1162 5292 1475 5364 Evangelii,
1510 5293 1636 5348 fuit.
