4070 6274
142 427 276 486 849

767 573 1017 622 ΚΕΦΑΛ.
1063 569 1209 642 ag".

148 671 1201 747 Περἱ-τῶν-ἐνΡῴμῃλθαυμάτων
1227 680 1351 730 τῶν
1375 675 1806 732 ἀποστόλωνο

219 743 343 797 καὶ
369 744 653 823 περὶτῆς
685 743 1024 823 ἀπωλείας
1052 753 1167 823 τού
1200 750 1811 823 Ἀντμιχρίστου-Σί-

223 835 508 893 μ-ωνοςη·
541 818 644 871 καὶ
669 817 754 878 ὡς
783 818 1029 893 Πέτρος
1059 817 1458 893 καί-Παῦλος
1493 820 1552 874 ἐν
1587 821 1810 893 Ῥώμῃ

219 887 343 941 τὸν
379 891 491 941 τοῦ
526 889 895 963 μαρτυρίου
921 887 1146 966 ’ἀγῶνα
1175 887 1558 966 διέδραμον.

225 1010 488 1084 Θαύμασι
557 1010 603 1066 δ’
661 1012 755 1067 οὖν
809 1013 1063 1082 ἐξαισίοις
1105 1015 1195 1070 καὶ
1245 1014 1411 1096 ἄμφω
1467 1019 1528 1072 τὸ
1592 1017 1806 1086 πλῆθος

149 1099 543 1176 ἐπαγομένων,
593 1102 668 1163 ὼς
727 1102 859 1176 ὑπὲρ
916 1103 1147 1177 ἀριθμὸν
1191 1105 1325 1158 εἶναι
1371 1108 1495 1166 τοὺς
1551 1108 1809 1180 προσιόν-

147 1213 272 1262 τας,
313 1193 342 1246 ὁ
402 1190 591 1264 Νέρων
636 1197 802 1248 ταῦτα
849 1194 1052 1266 μαθὼν,
1107 1195 1181 1258 ὠς
1249 1199 1672 1270 κραταιούμενος
1737 1203 1804 1270 τῇ

147 1279 338 1357 ἀρχῇ,
429 1279 504 1341 εἷς
589 1281 838 1343 ἀνοσίους
926 1281 1317 1357 ἐκτρεπόμενος
1391 1287 1630 1360 πράξεις,
1689 1289 1807 1342 κατ’

148 1370 330 1438 αὐτῆς
383 1377 485 1439 τῆς
553 1366 822 1436 εὐσεϐείας
877 1372 1147 1442 ὡπλίζετο
1181 1394 1196 1409 ·
1245 1376 1334 1429 καί
1383 1375 1625 1449 πέμψας,
1665 1376 1803 1450 ξίφει

145 1456 414 1520 πολλοὺς
484 1459 688 1534 ἀναιρεῖ
767 1464 870 1514 νῶν
951 1463 1387 1518 πεπιστευκότων
1471 1466 1802 1538 Ῥωμαίων·

144 1548 238 1601 καὶ
299 1548 620 1619 τοσούτους,
673 1550 747 1612 ὡς
805 1552 894 1605 καὶ
951 1555 1049 1620 τήν
1103 1554 1410 1627 σύγκλητον
1467 1553 1635 1624 αὐτὴν
1677 1553 1806 1609 δυσ-

144 1641 394 1711 χερᾶναι
449 1643 530 1710 τῷ
581 1644 690 1693 τῶν
747 1640 1092 1715 ἀνῃρσμένων
1168 1642 1335 1720 φόνῳ,
1413 1643 1604 1712 ἀσθενῆ
1682 1643 1805 1699 λίαν

145 1723 261 1795 ἤδη
320 1729 395 1799 τῇ
459 1725 867 1804 ὀλιγανθρωπία
921 1731 1309 1804 γεγενημένην.
1378 1733 1645 1788 Ἐντεῦθεν
1722 1738 1804 1806 τῷ

149 1816 380 1886 Σίμωνι
430 1815 615 1887 πολλή
663 1838 746 1878 τις
795 1817 1053 1893 πάροδος,
1102 1825 1221 1882 τοῖς
1267 1822 1598 1885 ἀποστόλοις
1629 1822 1803 1878 ἐπιτι-

1178 434 1812 522 ΕίῖϐίιῐὲιδΙΑΞΊῚΟΑΞ⁴
1844 433 2234 495 ΗΙΞΤΟΒΙᾹΞ
2277 434 2423 494 LIB.
2471 432 2549 494 II.

1833 572 1889 638 A

3444 435 3564 497 850

2485 566 2719 623 CAPUT
2749 567 3020 625 XXXVL

1919 675 1992 729 De
2039 673 2325 727 miraculis
2357 673 2720 742 apostolorum
2773 674 2945 728 Romae
2984 674 3163 728 editis.
3219 675 3292 729 De
3323 676 3562 731 interim

1987 744 2316 800 Antichristi
2346 744 2581 798 Simonis
2612 762 2629 796 :
2651 753 2699 799 et
2729 751 2785 798 ιιι
2826 746 3020 800 Petrus
3051 755 3105 801 et
3133 746 3343 801 Paulus
3375 747 3559 802 Romae

1987 818 2251 887 martyrii
2279 826 2555 872 certamen
2603 816 2953 872 absolverint.

1988 1020 2096 1075 Sed
2121 1020 2277 1075 enim
2325 1037 2458 1075 cum
2489 1019 2567 1074 ibi
2601 1017 2861 1073 miriﬁcis
2903 1018 3210 1073 amborum
3263 1017 3559 1073 miraculis

1917 1112 2079 1164 tanta
2107 1109 2176 1162 ad
2228 1108 2739 1164 Christianismum
2770 1107 3089 1161 conflueret
3121 1105 3463 1173 multitudo,
3499 1113 3559 1162 ut

1917 1214 2196 1253 numerus
2244 1199 2372 1268 ejus
2449 1196 2582 1252 iniri
2644 1212 2757 1251 non
2843 1200 3032 1265 posset
3091 1210 3106 1253 :
3155 1195 3323 1266 [Nero
3385 1211 3558 1266 penes

1911 1301 2088 1358 quem
2137 1304 2372 1342 summa
2414 1301 2606 1341 rerum
2652 1289 2796 1352 erat,
2837 1287 2909 1340 ad
2959 1284 3225 1354 improba
3254 1284 3558 1357 impiaque

1913 1374 2190 1446 delapsus
2219 1375 2453 1445 ﬂagitia,
2502 1391 2568 1430 ea
2605 1390 2664 1430 re
2693 1373 2946 1444 cognita,
2995 1377 3198 1429 contra
3244 1372 3428 1444 ipsam
3469 1375 3557 1430 di-

1913 1463 2031 1516 vini
2063 1463 2259 1518 cultus
2288 1468 2544 1518 armatur
2600 1463 2870 1534 pietatem
2929 1479 2944 1518 :
2992 1466 3051 1518 et
3108 1462 3556 1534 percussoribus

1913 1554 2229 1625 dispositis,
2291 1559 2376 1612 tot
2437 1555 2636 1610 fideles
2685 1556 2835 1610 ferro
2893 1559 3058 1612 necat
3117 1555 3432 1624 Romanos,
3494 1563 3559 1612 ut

1912 1643 2085 1700 etiam
2128 1649 2370 1701 senatus
2412 1645 2729 1701 admodum
2760 1645 2890 1715 jam
2941 1649 3174 1715 propter
3201 1645 3556 1717 paucitatem

1915 1733 2013 1788 sui
2043 1734 2265 1790 ordinis
2312 1733 2616 1790 hominum
2665 1733 2996 1799 imbecillis,
3029 1734 3171 1790 alias
3203 1749 3380 1806 super
3411 1733 3557 1791 alias

1908 1822 2310 1879 accumulatae
2358 1823 2539 1879 caedes
2585 1839 2733 1892 aegre
2789 1823 2984 1878 ferret.
3017 1823 3156 1879 Inde
3185 1823 3420 1879 ‘Simoni
3451 1824 3557 1878 ad-

145 1903 392 1976 θεμένῳ,
438 1903 490 1960 ἔν
550 1927 607 1961 τε
655 1907 946 1984 συγκλήτῳ
987 1930 1045 1965 τε
1091 1912 1178 1964 καὶ
1226 1911 1374 1983 αύτῷ
1424 1911 1650 1986 Νέρωνι.
1704 1911 1800 1967 Καὶ

1913 1911 2150 1966 modum
2186 1911 2483 1982 apostolos
2500 1911 3104 1984 persequenti,aditus
3134 1911 3278 1967 liber
3305 1913 3374 1968 ad
3398 1927 3558 1968 sena-

147 1993 326 2047 πάντα
390 1993 570 2049 κάλων
628 1996 716 2065 ἦν,
755 1998 817 2052 τὸ
872 2002 967 2052 τοῦ
1025 1997 1216 2074 λόγου,
1274 2005 1458 2071 κινῶν,
1517 1999 1577 2056 ἐκ
1634 2002 1800 2074 μέσου

146 2083 320 2136 θεῖναι
375 2084 471 2145 τὰς
540 2083 763 2155 κλήσεις
847 2086 1044 2160 αὐτῶν,
1104 2090 1178 2151 ὡς
1253 2089 1441 2146 αἰτίων
1525 2090 1804 2154 ἀπωλείας

150 2171 405 2245 τοσούτῳ
460 2172 660 2244 πλήθει
715 2178 1106 2250 γεγενημένων.
1171 2180 1270 2236 Καὶ
1330 2181 1517 2254 Νέρων
1582 2179 1801 2255 ὕστερον

151 2265 543 2336 προσοχθίσας
582 2264 788 2333 αὐτοῖς,
837 2272 916 2339 τῷ
965 2267 1155 2342 πλάνῳ
1205 2269 1417 2343 Σίμωνι
1467 2273 1557 2325 οἷα
1597 2270 1802 2333 πλάνος

156 2349 378 2422 μᾶλλον
438 2356 777 2427 προσέκειτο.
840 2356 1116 2420 Πολλάκις
1173 2359 1268 2412 οὖν
1329 2365 1409 2431 τῷ
1480 2361 1690 2433 Σίμωνι
1774 2363 1802 2415 ὁ

156 2438 364 2514 Πέτρος
429 2443 832 2515 ἀντικαταστάς,
894 2447 1119 2501 ὕστατον
1181 2448 1231 2502 ἐν
1295 2451 1482 2524 Ῥώμῃ
1529 2456 1628 2519 τῆς
1686 2453 1804 2504 ἀσε-

157 2523 309 2589 ϐείας
401 2531 872 2606 ὑπερογκωθείσης
942 2537 1112 2608 αὐτῷ,
1207 2535 1484 2611 παρῥησία
1568 2541 1802 2611 πάντων,

156 2617 364 2680 ἐκεῖνος
419 2625 500 2691 τῷ
560 2623 748 2696 Πέτρῳ
805 2619 904 2701 ἔφη
940 2641 956 2655 ⁸
1015 2628 1090 2680 Σὺ
1123 2624 1179 2680 δὲ
1227 2627 1326 2701 ἄρα
1355 2627 1406 2682 τί
1449 2630 1554 2702 φῄς
1589 2649 1602 2697 ;
1639 2628 1801 2704 μέγας

157 2708 185 2760 ὁ
237 2709 332 2768 σὸς
398 2710 629 2784 Χριστὸς
683 2710 868 2786 ὅτιπερ
921 2716 1086 2788 γῆθεν
1136 2715 1211 2776 εἷς
1269 2715 1524 2791 οὐρανοὺς
1574 2716 1802 2790 ἄνεισις

159 2796 342 2866 Κάμοὶ
395 2795 452 2852 δὲ
496 2801 639 2854 τοῦτ’
687 2799 739 2855 ἐν
784 2802 990 2875 ἑτοίμῳ
1037 2805 1289 2876 πράττειν
1341 2805 1470 2860 ἐστί.
1519 2808 1615 2862 Καὶ
1647 2805 1802 2868 εὐθὺς

157 2883 342 2944 τείνας
399 2884 493 2946 τὰς
547 2894 752 2961 χεῖρας,
809 2892 916 2944 ἅνω
967 2891 1182 2970 ἐφέρετο
1228 2899 1345 2956 τοῖς
1395 2893 1580 2969 ἄγουσι
1612 2892 1804 2968 δαιμο-

160 2972 300 3036 νίοις
349 2974 531 3030 ἑαυτὸν
590 2977 898 3052 ἐπιτρέψας.
957 2983 1154 3056 Πέτρος
1197 2981 1242 3037 δ’
1299 2983 1350 3038 ἐν
1405 2985 1614 3060 ἀγωνίᾳ
1673 2988 1804 3058 μᾶλ-

162 3059 254 3115 λον
287 3064 377 3133 ἦν,
409 3064 500 3119 καί
529 3072 607 3137 τῷ
654 3073 769 3140 Θεῷ
809 3069 862 3123 έν
892 3069 1086 3144 καρδίᾳ
1126 3059 1466 3145 διωμιλεῐτοζ
1505 3073 1602 3129 Καὶ
1637 3076 1806 3130 Πνεύ-

165 3172 331 3221 ματος
380 3152 604 3229 πλήρης
654 3156 944 3232 γενόμενος
995 3160 1221 3234 ἐπετίμα
1270 3167 1388 3224 ταῖς
1446 3165 1806 3239 μετεωριζού-

162 3261 273 3303 σαις
343 3241 659 3317 δυνάμεσιν,
736 3247 1053 3323 ἀποχωρεῖν
1129 3251 1356 3307 ἒκείνου.
1423 3257 1518 3308 Καὶ
1603 3255 1800 3309 αὐτίκα

160 3332 370 3418 πρηνὴς
421 3332 513 3408 ἀφ’
562 3333 732 3407 ὕψους
794 3334 1033 3410 ἐφέρετο,
1097 3340 1185 3393 καὶ
1259 3336 1584 3413 συντριϐεὶς,
1662 3307 1873 3418 διεῤ-Ο

160 3417 290 3492 ῥάγη
327 3422 526 3476 θανών.
560 3421 626 3477 Ο“ί
657 3444 716 3498 γε
751 3426 859 3496 μὴν
891 3430 999 3480 τῶν
1052 3424 1246 3500 δήμων
1295 3431 1386 3482 οἷα
1437 3435 1553 3500 Θεῷ
1601 3432 1663 3485 τὸ
1724 3417 1802 3486 σέ-

154 3501 249 3569 ϐας
353 3509 634 3584 αἰρομένῳ
730 3513 1034 3590 εὐφήμουν,
1124 3516 1374 3587 ἐξαπίνης
1465 3518 1802 3592 παλινῳδίαν

161 3593 373 3664 ᾅδοντες
425 3601 587 3668 ἦσαν,
638 3599 969 3676 διερρωγότα
1018 3607 1250 3678 ὁρῶντες
1285 3626 1297 3639 ·
1351 3613 1555 3686 φῶναῖς
1595 3630 1652 3663 τε
1683 3606 1804 3664 δια-

161 3689 438 3758 πρυσίαις,
490 3692 608 3758 Εἷς,
668 3687 859 3762 ἐϐόων,
909 3696 1036 3756 Θεὸς
1103 3695 1292 3770 μέγας,
1354 3699 1382 3752 ὁ
1439 3698 1541 3753 ὑπὸ
1600 3697 1803 3772 Πέτρου

157 3775 242 3862 καὶ
303 3778 526 3832 Παύλου
565 3786 746 3858 σαφῶς
786 3785 1209 3856 κηρυττόμενος.
1255 3785 1340 3858 Τᾦ
1387 3809 1446 3861 γε
1497 3790 1604 3860 μὴν
1651 3788 1804 3862 τόπῳ

158 3860 236 3934 ἐφ’
293 3867 356 3920 οὗ
440 3867 580 3940 έαμα
650 3867 921 3926 οἷ’κτιστον
998 3875 1302 3946 πέπτωκεν,
1358 3871 1534 3948 ὄνομα
1614 3879 1802 3950 Σιμώ-

157 3972 295 4007 νειον
363 3955 420 4016 ές
482 3954 639 4030 δεῦρο
693 3959 1066 4030 κικλήσκεται,
1125 3965 1222 4031 τήν
1277 3969 1372 4019 τοῦ
1429 3966 1803 4040 ’Δντιχρίστου

163 4041 415 4114 Σίμωνος
469 4043 745 4102 ἀπώλειαν
795 4046 1106 4128 διελέγχον.
1164 4049 1488 4109 Ἀναϐιῶναι
1550 4057 1644 4126 μὲν
1709 4054 1802 4111 οὖν

159 4130 309 4195 αὖθις
351 4133 531 4189 ἐδόκει
579 4158 712 4206 τισι,
761 4139 851 4192 καὶ
899 4138 986 4194 ἐπὶ
1032 4140 1288 4197 πλεῖστον
1324 4143 1613 4217 προῦκειτο
1667 4164 1681 4178 ⁸
1728 4148 1802 4206 ὡς

160 4215 202 4271 ὃς
266 4220 289 4238 n
373 4222 451 4242 ὀι
600 4226 621 4243 ν
666 4227 687 4252 ν
919 4229 932 4245 ς
1030 4226 1052 4246 ἡ
1156 4232 1168 4248 \
1279 4234 1304 4252 γ
1367 4215 1373 4217 ⁷
1583 4233 1594 4250 ο

192 4241 214 4273 ε
262 4239 535 4297 οιαρρεειν
587 4247 788 4300 ηρςατο
844 4249 935 4282 και
992 4227 1237 4301 ὁοωδως,
1272 4254 1361 4301 ην,
1395 4234 1717 4295 ἀπειπόντες
1749 4234 1800 4289 ἒν

159 4306 463 4382 ἀῤῥήιςτοις
521 4309 769 4372 ἔθαπτον.
830 4317 1013 4389 Νέρων
1073 4313 1131 4373 δὲ
1188 4322 1370 4393 μαθὼν
1429 4323 1502 4382 ὡς
1559 4322 1661 4376 ὑπὸ
1704 4323 1802 4378 Πέ-

157 4415 296 4485 τρου
337 4403 433 4456 καὶ
495 4401 714 4458 Παύλου
774 4406 960 4476 Σίμων
1040 4405 1350 4484 διέφθαρτο,
1441 4411 1640 4485 Πέτρον
1709 4413 1803 4485 μὲν

158 4484 452 4564 κύμϐαχον
515 4491 686 4554 οὕτως
748 4494 1061 4564 αἰτήσαντα,
1124 4497 1272 4570 ξύλῳ
1329 4484 1748 4554 ἀνεσκολόπισεν
1783 4521 1798 4534 ⁶

159 4571 364 4648 ἀνάξιον
435 4578 736 4652 ἡγούμενον
791 4580 982 4653 ἐπίσης
1041 4589 1118 4656 τῷ
1174 4584 1493 4660 Διδασκάλῳ
1526 4590 1714 4643 παθεῖν
1759 4588 1812 4645 ἐν

1913 2004 2038 2055 tum
2079 2004 2136 2056 et
2175 2000 2461 2056 Neronem
2502 2001 2696 2057 datus.
2755 2002 2944 2071 Atque
2989 1999 3042 2056 is
3089 2016 3323 2058 omnem
3369 2002 3452 2072 (ut
3496 2000 3555 2055 in

1913 2091 2210 2160 proverbio
2262 2095 2375 2162 eet)
2405 2097 2592 2147 movet
2623 2091 2844 2159 funem,
2878 2095 2939 2148 ut
2967 2091 3208 2148 illorum
3238 2092 3414 2149 etiam
3448 2109 3559 2149 no-

1915 2180 2130 2234 minae
2161 2179 2349 2235 medio
2391 2179 2638 2247 tolleret,
2693 2187 2968 2250 tanquam
3016 2180 3114 2250 qui
3159 2180 3333 2236 caedis
3380 2183 3555 2236 tanta

1913 2268 2310 2325 multitudinis
2366 2274 2633 2326 auctores
2665 2268 2930 2324 fuissent.
2983 2267 3146 2325 198
3176 2269 3376 2341 Itaque
3407 2269 3555 2324 Nero

1913 2357 2190 2428 apostolis
2222 2359 2488 2414 infensus
2540 2360 2777 2429 planum
2827 2357 3123 2415 Simonem
3161 2357 3282 2428 ipse
3320 2373 3556 2430 quoque

1911 2447 2118 2517 planus
2150 2452 2238 2503 est
2285 2449 2638 2518 complexus.
2681 2447 2826 2502 Cum
2867 2446 3039 2518 igitur
3071 2447 3295 2515 Petrus,
3331 2446 3553 2502 Simoni

1912 2537 2208 2597 resistens.
2241 2554 2375 2593 cum
2424 2553 2491 2593 eo
2521 2550 2673 2608 sape
2713 2537 3074 2593 conﬂictatus
3120 2541 3298 2607 esset,
3326 2541 3555 2592 tumor-

1911 2639 2028 2695 que
2059 2624 2378 2695 impietatis
2411 2625 2469 2680 in
2519 2623 2781 2680 maleﬁco
2823 2624 2924 2680 illo
2969 2641 3148 2696 supra
3177 2624 3418 2682 modum
3453 2641 3555 2682 ex-

1910 2713 2206 2782 crevisset,
2239 2719 2530 2784 postremo
2579 2729 2755 2784 quam
2803 2712 3268 2770 licentiosissimo
3319 2714 3378 2769 in
3410 2729 3556 2770 con-

1911 2805 2115 2873 spectu
2162 2802 2424 2858 omnium
2474 2802 2664 2858 Romae
2710 2803 2783 2858 ad
2829 2802 3082 2870 Petrum,
3131 2803 3213 2857 Tu
3247 2817 3382 2858 vero
3413 2801 3553 2872 quid

1911 2890 2043 2946 ais?
2072 2891 2265 2962 inquit
2321 2906 2337 2947 :
2387 2893 2766 2962 proptereane
2806 2890 3074 2947 Christus
3131 2899 3263 2947 tuus
3303 2906 3556 2962 magnus

1915 2988 2019 3047 est,
2052 2982 2206 3051 quod
2241 2999 2273 3036 a
2304 2984 2458 3036 terra
2507 2980 2680 3037 caelos
2725 2980 3112 3037 conscendit?
3148 2979 3292 3054 quin
3319 2985 3378 3037 et
3409 2979 3554 3038 mihi

1912 3068 1969 3123 id
2003 3069 2188 3125 facere
2244 3069 2492 3141 proclive
2529 3074 2638 3127 est.
2681 3070 2748 3125 Et
2795 3069 3102 3127 confestim
3145 3069 3418 3127 manibus
3454 3087 3558 3127 ex-

1912 3159 2113 3225 tensis,
2144 3175 2383 3214 sursum
2435 3174 2689 3222 versum,
2741 3157 3103 3215 daemonibus
3140 3175 3299 3229 eum,
3335 3160 3552 3232 quibus

1912 3263 1971 3303 se
2003 3247 2364 3318 permiserat,
2395 3247 2738 3304 ducentibus
2768 3248 3078 3304 ferebatur.
3122 3248 3329 3304 Petrus
3359 3253 3556 3306 autem

1913 3337 2225 3393 admodum
2258 3336 2464 3393 anxius
2513 3353 2662 3404 esse,
2695 3340 2752 3393 et
2798 3351 2933 3393 cum
2983 3335 3099 3393 Deo
3147 3337 3211 3393 in
3257 3337 3431 3394 corde
3459 3354 3560 3409 per

1913 3425 2303 3496 precationem
2351 3425 2624 3496 colloqui.
2681 3429 2740 3481 et
2784 3425 3016 3482 tandem
3065 3425 3271 3496 spiritu
3323 3425 3558 3497 plenus,

1912 3518 2227 3586 potestates
2257 3513 2385 3568 illas
2418 3531 2544 3585 quae
2575 3513 2862 3570 nefarium
2883 3513 3181 3569 hominem
3212 3514 3270 3568 in
3308 3513 3558 3570 sublime

1911 3600 2270 3669 attollebant,
2316 3602 2635 3674 increpare,
2687 3605 2743 3656 et
2776 3604 2838 3656 ut
2867 3601 2939 3657 ab
2969 3617 3035 3658 eo
3065 3601 3430 3659 discederent
3447 3603 3553 3673 ju-

1912 3690 2064 3747 bere.
2097 3691 2167 3745 At
2208 3689 2304 3745 ille
2333 3691 2531 3746 statim
2566 3706 2820 3761 praeceps
2866 3689 3140 3746 deorsum
3169 3705 3407 3746 versum
3438 3691 3554 3747 fer-

1912 3782 2028 3845 tur,
2061 3782 2117 3833 et
2150 3777 2311 3833 humi
2365 3777 2568 3834 allisus
2619 3782 2997 3848 mortuusque
3018 3778 3329 3848 rumpitur.
3367 3778 3454 3840 lbi
3485 3795 3554 3836 ex

1911 3867 2124 3940 populo
2174 3867 2273 3939 qui
2326 3874 2494 3923 antea
2551 3867 2849 3924 Simonem
2898 3867 3121 3924 divinos
3171 3876 3550 3940 usurpantem

1910 3955 2159 4013 honores
2209 3957 2475 4014 laudibus
2531 3956 2985 4018 celebraverunt,
3045 3957 3244 4014 subito
3300 3957 3382 4014 ita
3411 3975 3552 4030 pro-

1909 4053 2154 4105 stratum
2185 4048 2473 4116 videntes,
2527 4049 2845 4121 laudesque
2894 4047 3168 4119 pristinas
3198 4065 3298 4121 per
3327 4048 3554 4120 palino-

1909 4137 2060 4193 diam
2094 4141 2478 4202 recantantes,
2497 4138 2719 4210 ingenti
2753 4137 3023 4210 claraque
3055 4154 3188 4194 voce
3219 4155 3234 4196 :
3270 4139 3438 4195 Unus
3468 4147 3555 4196 est

1911 4243 2162 4298 magnus
2211 4227 2384 4295 Deus,
2433 4226 2778 4294 acclamant,
2811 4243 2986 4298 quem
3020 4227 3223 4284 Petrus
3253 4231 3309 4284 et
3336 4228 3552 4284 Paulus

1910 4324 2102 4386 aperte
2149 4323 2203 4372 et
2267 4315 2418 4372 clare
2467 4315 2798 4388 praedicant.
2860 4316 3044 4372 Locus
3099 4333 3235 4372 sane
3294 4316 3436 4389 ipse,
3489 4319 3550 4375 in

1909 4420 2085 4475 quem
2114 4405 2470 4462 luctuoslum
2502 4405 2610 4461 hoc
2631 4409 3009 4476 spectacuum
3042 4404 3264 4474 incidit,
3287 4405 3361 4463 ad
3388 4406 3549 4463 hodi-

1907 4509 2113 4550 ernum
2149 4510 2332 4564 usque
2362 4495 2516 4551 diem
2559 4495 2885 4552 Simonium
2917 4500 3170 4564 vocatur,
3203 4495 3549 4553 etiammum

1909 4581 2162 4638 Simonis
2194 4583 2530 4638 Antichristi
2582 4584 2898 4654 perniciem
2929 4589 2986 4640 et
3014 4583 3313 4640 interitum
3353 4583 3548 4640 decla~

159 4660 322 4737 ὀρθίῳ
370 4672 455 4738 τῷ
501 4671 747 4743 σχήματι
782 4690 794 4702 ·
827 4672 916 4726 καὶ
973 4674 1050 4736 ὡς
1098 4673 1159 4729 ἄν
1191 4697 1253 4749 γε
1281 4676 1499 4749 κούφως
1527 4672 1650 4751 ἔχοι
1681 4677 1800 4750 τρέ-

1913 4687 2046 4728 rans
2077 4673 2175 4744 (1).
2204 4672 2270 4728 Et
2298 4680 2460 4728 erant
2493 4673 2571 4729 ibi
2603 4673 2996 4744 nonnulli,qui
3027 4689 3161 4730 eum
3193 4673 3544 4730 revicturum

157 4767 270 4823 χειν
303 4756 378 4818 εἰς
416 4755 639 4830 οὐρανόν
672 4779 683 4789 ·
722 4759 938 4815 Παῦλον
990 4759 1045 4817 δὲ
1088 4769 1168 4835 τῷ
1216 4764 1352 4840 ξίφει
1397 4765 1584 4839 ἀνῄρει
1625 4765 1711 4820 ἐπί
1742 4787 1803 4822 τι

155 4848 326 4915 ταυτῷ
369 4851 548 4919 καιρῷ
587 4849 678 4902 καὶ
721 4851 903 4922 ἡμέρᾳ
955 4856 1072 4924 μιᾷ.
1134 4854 1419 4923 Ἐτέθησαν
1471 4853 1528 4910 δὲ
1577 4853 1629 4910 ἐν
1687 4853 1800 4927 ὁδῷ

220 4969 290 5055 (ί)
321 4993 349 5020 ‹‹
389 4973 564 5055 Dicat
585 4975 781 5032 Simon
819 4978 1012 5055 qui.se_
1054 4997 1326 5055 magnam
1363 4981 1629 5037 virtutem
1671 4982 1788 5055 Dei,

153 5041 665 5123 stimeretriculam
701 5041 864 5104 suam
916 5041 1196 5120 Spiritum
1229 5057 1496 5108 sanctum
1529 5041 1790 5123 appella;

153 5113 252 5198 vit,
281 5117 573 5198 quomodo
600 5123 867 5198 tempore
895 5113 1048 5198 certo
1075 5123 1267 5178 Romae
1281 5126 1541 5198 debitum
1567 5113 1786 5198 natura:

153 5192 717 5269 ger’suc'cessionem
732 5194 798 5269 ad
832 5209 893 5247 se
920 5192 1175 5269 delatum
1195 5197 1788 5269 persolverit,quan_do

153 5262 211 5333 εξ
243 5257 428 5333 [pedis
481 5259 606 5330 ipsa
665 5263 808 5317 urbe
856 5265 1170 5320 concidens
1195 5257 1548 5323 .exstinclus
1577 5257 1717 5322 last?
1758 5288 1786 5316 ››

150 5318 456 5443 ngiphan.
505 5318 789 5389 adversus
837 5318 1178 5392 Simon-iam.
1235 5318 1550 5410 hEéé'éiiﬁf)
1585 5318 1790 5392 (Cum

194 5407 340 5443 “non
376 5416 440 5443 an
493 5404 787 5443 nhs-intum
822 5407 1030 5443 Ait-nmo
1089 5413 1141 5443 οι
1175 5416 1432 5443 Ini-annum
1482 5412 1665 5443 an...“
1721 5410 1785 5443 οδ

194 5407 343 5479 tr‘non
376 5416 440 5455 se
493 5404 788 5479 Christum
822 5407 1056 5471 diceret,
1089 5413 1145 5462 et
1175 5416 1434 5479 tanquam
1482 5404 1667 5466 {illum
1719 5410 1787 5464 ad

152 5466 365 5547 ραιτθᾳι
384 5487 461 5547 se
492 5474 656 5531 volan
675 5479 747 5531 do
778 5466 1060 5532 assereret
1092 5494 1256 5547 posse
1271 5466 1676 5544 conscendere,
1700 5484 1786 5536 at-

151 5548 257 5621 que
285 5538 471 5621 elatus
500 5548 694 5621 subito
728 5549 967 5619 magicis
1021 5538 1246 5604 artibus
1287 5561 1472 5608 volare
1503 5538 1787 5621 coepisset,

153 5605 515 5696 ξξηξς-Ρθίῐςαε
564 5618 694 5675 ﬁxis
740 5605 986 5696 genibus
1026 5627 1291 5696 precatus

153 5680 555 5768 fligfecatione
613 5680 815 5768 sancta
843 5691 977 5768 vicit
1026 5680 1315 5768 magicam
1357 5695 1682 5768 ,levitatem,
1733 5680 1790 5749 et

151 5745 298 5805 velut
343 5755 601 5818 vinctum
649 5745 817 5821 mea
857 5745 1702 5840 assue'niai"(esseesset
1733 5745 1790 5822 ἐι

1911 4775 2039 4816 esse
2069 4761 2530 4832 opinarentur,et
2558 4762 2629 4817 ob
2660 4762 2715 4818 id
2746 4761 2966 4817 diutius
2987 4761 3046 4816 in
3079 4760 3310 4831 publico
3335 4762 3540 4832 jacuit.

1909 4849 2189 4906 Caeterum
2223 4851 2319 4906 ubi
2356 4851 2479 4922 jam
2509 4852 2750 4908 cadaver
2779 4851 3062 4920 difﬂuere,
3095 4851 3362 4922 maleque
3390 4849 3545 4907 olere

1940 4972 2217 5044 moipitio
2249 4974 2305 5028 in
2331 4991 2466 5030 saxo
2494 4975 2716 5031 elidens
2737 4991 2904 5030 crura
2933 4975 3061 5045 ejus
3089 4973 3538 5045 confregit,»etc.

1923 5045 2308 5118 Augustinus,
2340 5046 2398 5101 in
2431 5046 2812 5118 Sermonibus
2838 5049 2910 5118 De
2928 5047 3172 5115 sanctis.)
3203 5046 3360 5102 ldcm
3390 5049 3538 5118 Aug.

1899 5115 2072 5188 epist.
2123 5117 2214 5176 86,
2265 5118 2336 5172 de
2393 5118 2621 5188 jejunio
2658 5117 2769 5173 diei
2814 5117 3053 5188 Sabbati
3100 5134 3320 5187 agens:
3365 5139 3393 5166 ‹‹
3437 5115 3541 5173 Est

1901 5185 2159 5260 quidem,
2193 5185 2470 5260 inquinet
2484 5190 2603 5244 haec
2629 5188 2823 5260 opinio
2856 5185 3538 5260 plurimorum,quamvis

1898 5272 2027 5331 eam
2061 5258 2317 5331 plerique
2367 5259 2570 5315 falsam
2634 5258 2990 5330 perhibeant,
3023 5261 3198 5331 quod
3235 5258 3536 5331 apostolus

1899 5327 2101 5383 Petrus
2119 5327 2314 5385 Romae
2343 5347 2473 5386 cum
2491 5327 2724 5386 Simone
2747 5347 2955 5403 magno
2977 5327 3077 5385 die
3091 5327 3390 5403 Dominico
3413 5346 3536 5386 cer-

1901 5404 2633 5482 _taturus,_propteripsum
2696 5401 2917 5482 magna:
2967 5401 3287 5482 lectationis
3310 5403 3534 5482 pericu-

1900 5471 2021 5526 lum
2055 5471 2238 5542 pridie
2259 5471 2390 5527 cum
2423 5471 2683 5544 ejusdem
2715 5471 3140 5544 urbisecclesia
3161 5471 3532 5544 jejunaverit,

1899 5545 1954 5596 et
1985 5548 2292 5616 consecuto
2343 5549 2461 5600 tam
2505 5559 2778 5616 prospero
2836 5543 3203 5616 gloriosoqu’e
3226 5543 3529 5616 successu,

1895 5613 2163 5688 eumdem
2228 5631 2441 5670 morem
2493 5613 2771 5688 tenuerit,
2812 5613 3064 5688 eumque
3107 5613 3355 5674 imitatae
3412 5615 3531 5672 sint

1897 5685 2188 5740 nonnullae
2227 5687 2612 5744 occidentale
2652 5686 2936 5745 Ecclesiae.
2967 5685 2997 5737 ὖ
