4070 6274
495 373 607 434 851

1788 368 2206 428 NICEPHORI
2249 367 2343 427 CA
2355 366 2606 428 LLlSTI

3779 378 3914 438 852

503 510 696 582 cmpit,
728 526 786 564 re
815 509 1117 580 desperata
1146 505 1203 560 in
1263 503 1503 561 occultis
1550 503 1712 558 illum
1747 502 2021 574 sepeliere
2053 501 2125 558 lo-

2249 504 2318 574 τῇ
2377 500 2646 577 λεγομένῃ
2699 503 3007 578 Ὀστηνσίᾳ,
3072 504 3224 571 ἔτους
3282 505 3520 583 ἑϐδόμου
3575 510 3669 566 καὶ
3748 533 3913 585 τρια-

501 601 604 656 cis.
637 598 783 654 Nero
825 601 1022 653 autem
1058 595 1270 651 certior
1321 595 1527 662 factus,
1583 610 1616 648 a
1673 593 1838 649 Petro
1868 596 1924 649 et
1965 592 2138 650 Paulo

497 690 788 746 Simonem
819 690 1184 758 peremptum
1227 699 1376 752 esse,
1431 684 1666 739 Petrum
1711 682 1945 754 quidem
1975 682 2138 754 pedi-

499 779 610 833 bus
639 792 876 832 sursum
909 790 1140 830 versum
1183 772 1426 829 sublatis
1464 773 1625 844 (nam
1656 771 1714 828 id
1744 772 1826 828 ita
1849 771 2088 843 petierat
2119 787 2133 839 ;

499 866 675 922 simul
707 865 860 936 quod
894 881 957 921 se
1010 863 1321 934 indignum
1361 865 1656 933 reputaret
1694 861 1792 932 qui
1845 860 2046 916 itidem
2076 867 2136 915 ut

497 954 775 1026 Magister
803 969 942 1010 suus
973 957 1126 1009 recto
1157 949 1414 1022 corporis
1446 953 1600 1006 statu
1618 953 1929 1022 pateretur,
1960 946 2136 1004 simul

495 1048 560 1100 ut
591 1042 769 1100 levior
823 1041 1252 1114 expeditiorque
1291 1040 1343 1096 ei
1388 1039 1447 1093 in
1484 1039 1697 1094 omium
1727 1040 1880 1094 esset
1907 1037 2139 1109 cursus)

491 1136 552 1193 in
581 1149 814 1193 crucem
845 1133 986 1206 egit.
1017 1131 1257 1188 Paulum
1285 1146 1420 1188 vero
1441 1129 1625 1200 gladio
1659 1129 1869 1185 feriens
1906 1127 2134 1195 occidit,

494 1225 696 1282 eodem
726 1228 1006 1296 tempore,
1034 1223 1352 1291 eodemque
1373 1220 1484 1275 die.
1517 1217 1737 1290 Sepulti
1769 1221 1967 1274 autem
2001 1221 2141 1274 sunt

495 1315 552 1370 in
582 1312 856 1378 Ostiensi,
889 1327 1017 1383 quia
1047 1310 1279 1377 dicitur,
1296 1309 1380 1363 vir
1410 1307 1703 1363 tricesimo
1730 1307 1978 1376 septimo
2007 1309 2140 1378 post

491 1403 849 1460 salutiferam
880 1399 1091 1455 Christi
1125 1399 1457 1470 passionem
1477 1397 1664 1468 tanno.
1698 1396 1912 1451 Ferunt
1939 1399 2135 1451 autem

494 1491 739 1548 Paulum
771 1488 982 1547 Neroni
1015 1491 1184 1543 antea
1230 1491 1503 1542 testatum
1551 1500 1701 1549 esse,
1735 1501 1797 1540 se
1842 1483 1926 1539 illi
1965 1483 2134 1540 tertio

2245 592 2446 643 κοστοῦ
2497 588 2630 660 μετά
2684 591 2746 644 τὸ
2804 594 3074 666 σωτήριον
3129 596 3299 657 πάθος
3349 596 3586 670 Χριστοῦ
3647 596 3914 674 διαγενο-

2247 679 2427 750 μένου.
2461 677 2602 732 Φασί
2649 700 2711 754 γε
2772 682 2880 753 μην
2946 682 3157 738 Παῦλον
3213 684 3476 760 πρότερον
3527 688 3617 742 καὶ
3669 685 3912 764 διαμαρ-

2243 766 2501 841 τύρασθαι
2560 767 2790 840 Νέρωνι,
2843 771 2916 832 ὡς
2980 773 3114 844 μετά
3171 775 3365 848 τρίτην
3414 775 3626 850 ἡμέραν
3674 783 3779 846 τῆς
3811 777 3909 833 ἐκ-

2243 863 2422 928 τομῆς
2466 857 2772 932 παρασταίη
2821 860 2969 932 αὐτῷ
3023 864 3152 931 ζῶν.
3186 864 3250 918 Ὅ
3310 860 3378 932 δὴ
3436 865 3528 918 καὶ
3576 865 3906 940 γενόμενον.

2245 948 2319 1010 εἰς
2375 945 2633 1021 ἔκπληξιν
2685 951 2840 1025 ἦγεν.
2902 951 3049 1008 Ἐπεὶ
3126 954 3252 1030 γὰρ,
3327 954 3402 1018 ὡς
3477 958 3514 1026 ἡ
3591 957 3907 1033 πρόρῥησις

2244 1037 2381 1111 εἶχε,
2433 1038 2567 1110 μετά
2615 1039 2785 1114 μόρον
2835 1038 2976 1112 ὕπαρ
3045 1039 3232 1115 ἐκείνῳ
3292 1045 3614 1120 παρίστατο,
3680 1045 3908 1123 παρῥη-

2246 1127 2334 1198 σίᾳ
2364 1148 2420 1182 τε
2449 1127 2541 1181 τὸν
2593 1128 2822 1201 Χριστὸν
2861 1128 3042 1202 ἀληθῆ
3102 1132 3230 1188 Θεὸν
3290 1133 3598 1211 ὡμολόγει,
3649 1139 3742 1191 καὶ
3805 1139 3908 1206 τήν

2244 1215 2426 1285 ἀληθῆ
2488 1217 2761 1290 σωτηρίαν
2825 1219 2902 1289 μὴ
2961 1217 3014 1273 ἐν
3071 1219 3229 1293 ἄλλῳ
3279 1222 3509 1295 ὀνόματι
3584 1224 3621 1294 ἣ
3703 1225 3763 1280 ἐν
3836 1232 3905 1295 τῇ

2245 1305 2426 1374 Ὶησοῦ
2483 1305 2830 1380 προσηγορίᾳ
2885 1303 3110 1365 ἐδείκνυ.
3169 1310 3266 1365 Τὸν
3326 1308 3383 1366 δὲ
3449 1316 3739 1387 πειρᾶσθαι

2246 1394 2321 1454 ὡς
2379 1393 2562 1467 λόγος,
2605 1400 2841 1467 κρατεῖν,
2873 1396 3067 1464 ἥκιστα
3125 1394 3182 1453 δὲ
3237 1396 3515 1469 δύνασθαι,
3564 1409 3667 1471 τῆς
3712 1402 3909 1476 ὅψεως

2246 1483 2437 1536 αὐτίκα
2467 1487 2576 1537 τῶν
2609 1482 2814 1538 ἐκείνου
2841 1484 3220 1562 ἀφιπταμένης
3255 1493 3480 1562 χειρῶν.

493 1600 528 1639 a
555 1584 709 1638 caede
737 1598 842 1637 sua
873 1579 966 1635 die
993 1578 1184 1634 vivum
1217 1579 1792 1648 repraesentaturum.
1843 1574 2004 1638 Quod
2038 1574 2135 1629 ubi
2185 1581 2270 1630 est
2327 1575 2563 1643 factum,
2623 1575 2680 1630 in
2746 1579 3276 1636 consternationem
3317 1579 3484 1636 illum
3534 1583 3815 1653 oonjecit.
3847 1585 3914 1640 Et

491 1690 626 1728 cum
657 1680 788 1744 post
821 1673 1064 1726 mortem
1091 1669 1325 1736 Paulus,
1359 1669 1440 1723 ita
1471 1671 1534 1722 ut
1555 1665 2074 1738 praedixerat,certo
2105 1667 2163 1720 et
2193 1680 2317 1721 vere
2349 1663 2430 1719 illi
2461 1664 2760 1735 assistens,
2794 1665 2970 1724 libere
2999 1668 3294 1727 Christum
3319 1687 3450 1728 esse
3477 1689 3678 1728 verum
3707 1673 3909 1732 Deum

488 1765 875 1836 profiteretur,
909 1776 1101 1831 neque
1151 1775 1343 1814 veram
1404 1757 1650 1814 salutem
1692 1756 1749 1810 in
1808 1753 1923 1810 alio
1978 1771 2167 1824 quam
2199 1754 2339 1811 Jesu
2374 1754 2611 1812 nomine
2659 1772 2790 1813 esse
2821 1759 3151 1815 ostenderet
3182 1774 3197 1816 :
3227 1760 3392 1817 illum
3423 1762 3661 1834 quidem
3689 1764 3913 1822 dicunt

490 1859 760 1909 conatum
791 1866 939 1916 esse,
972 1848 1207 1904 minime
1241 1853 1428 1903 autem
1461 1846 1640 1916 (quod
1672 1844 1814 1901 visio
1844 1861 1910 1900 ea
1942 1848 2176 1915 repente
2207 1843 2532 1915 evanuerit)
2561 1845 3051 1918 comprehendere
3077 1849 3330 1907 Paulum
3361 1851 3640 1923 potuisse.

941 1939 980 1996 Ι
995 1941 1098 1996 94
1127 1937 1357 1994 CAPUT
1377 1935 1672 1992 'XXXVIl.

490 2035 566 2088 De
593 2031 913 2088 crudelitate
939 2037 988 2084 et
1035 2026 1372 2098 turpitudine
1401 2027 1669 2082 Neronis:
1692 2025 1882 2098 qualia
1909 2023 2133 2098 quidam

561 2119 633 2160 ex
668 2100 1050 2158 ecclesiasticis
1105 2095 1469 2170 scriptoribus
1504 2095 1713 2153 nostrii
1759 2097 1824 2152 de
1851 2095 1934 2170 eo,
1965 2095 2134 2166 deque

557 2190 712 2232 sacro
760 2175 908 2230 obitu
937 2167 1250 2229 sanctorum
1295 2170 1661 2242 apostolorum
1688 2167 1968 2242 memoria:
2004 2183 2130 2242 pro.

557 2246 800 2302 diderint
841 2251 941 2315 ,-et
988 2244 1051 2300 de
1079 2243 1268 2299 divina
1297 2238 1485 2298 eorum
1528 2240 1710 2296 vultus
1749 2238 2032 2312 fucieique
2067 2239 2131 2310 ﬁ-

555 2333 719 2391 gura.

558 2489 627 2540 Et
673 2482 854 2539 divini
910 2481 1146 2554 quidem
1199 2479 1445 2552 apostoli
1493 2477 1575 2534 ita
1603 2475 1860 2549 martyrii
1892 2491 2129 2532 cursum

488 2574 798 2647 perfecere.
852 2571 1002 2630 Nero
1051 2573 1246 2626 autem
1301 2585 1419 2640 quo
1487 2565 1675 2639 magis
1723 2566 1949 2636 imperii
1999 2565 2130 2636 ejus

486 2677 716 2723 crevere
743 2661 917 2731 vires,
963 2677 1030 2716 eo
1065 2658 1316 2716 deterior
1344 2657 1549 2724 factus,
1600 2656 1673 2712 ad
1705 2653 2129 2711 nefandissima

485 2769 725 2826 quaaque
756 2749 976 2808 scelera
1020 2753 1110 2806 est
1139 2748 1472 2820 prolapsus,
1505 2744 1686 2802 armis
1728 2744 1903 2800 etiam
1929 2747 2128 2799 contra

486 2851 616 2896 eam
647 2853 776 2911 quae
808 2837 922 2894 Deo
975 2840 1278 2908 praestatur
1323 2833 1594 2904 pietatem
1642 2831 1922 2901 sumptis.
1965 2829 2127 2885 Illius

485 2945 617 2984 vero
683 2927 1144 2999 improbitatem,
1210 2937 1554 2992 morumque
1620 2918 2122 2992 importunitatem

486 3031 841 3088 percurrere,
903 3028 1268 3084 nequaquam
1326 3010 1630 3083 praesentis
1722 3009 1949 3064 videtur
2001 3023 2127 3063 esse

487 3103 1076 3177 operm.;Quicunque
1122 3105 1316 3157 autem
1366 3099 1615 3155 nominis
1664 3097 2126 3168 perversitatem,

487 3199 867 3266 apertumque
919 3193 1172 3246 furorem
1233 3189 1558 3261 perspicere
1614 3185 1768 3254 velit,
1820 3187 1868 3242 is
1916 3203 2123 3242 monu-

2857 1942 3111 1995 ΚΕΦΔΛ.
3155 1939 3275 1997 ΛΖ’.

2241 2023 2394 2097 Περὶ
2427 2023 2942 2107 τῆςὶώμότητος
2981 2029 3092 2107 καὶ
3135 2029 3626 2107 αἰσχρουργίας
3667 2034 3906 2107 Νέρω-

2305 2049 2394 2097 ερι
2427 2049 2544 2085 της
2575 2049 2942 2094 ωμοτητος
2983 2049 3092 2083 και
3135 2051 3243 2084 αισ
3309 2051 3626 2106 ρουργιας
3667 2049 3905 2107 Νερω-

2305 2096 2698 2173 νοςομκαξοζά
2725 2118 2902 2162 τινες
2927 2049 3439 2173 τῶν-καθ’ξμᾶς
3473 2103 3905 2171 ἐκκλησιασ-

2307 2171 2509 2250 τικῶν
2542 2165 2794 2250 ἃνδῌρῶν
2823 2171 2972 2250 περὶ
3004 2170 3206 2250 ἀύτοῦ
3253 2165 3360 2250 κξάἰ
3401 2182 3517 2243 τῆς
3565 2165 3759 2250 ἱερᾶς
3796 2198 3907 2232 τε-

2307 2236 2548 2327 λευτῆς
2591 2236 2717 2294 τῶν
2766 2236 2976 2368 ἁγίων
3026 2241 3420 2301 ἀποστόλων
3463 2236 3852 2321 ίστόρηααν
3887 2291 3902 2305 .

2307 2329 2410 2362 και
2451 2311 2601 2368 περὶ
2653 2317 2770 2368 τῆς
2863 2311 3162 2368 εοειδοῦς
3211 2315 3426 2368 αὐτῶν
3453 2326 3716 2368 αοοωῆε
3787 2321 3902 2368 καὶ

2305 2311 2410 2400 καὶ
2451 2311 2601 2400 περὶ
2653 2317 2770 2380 τῆς
2818 2311 3162 2378 θεοειδοῦς
3211 2315 3426 2373 αὐτῶν
3451 2311 3716 2396 μορφῆς
3787 2321 3905 2376 καὶ

2306 2377 2760 2447 διαπλάσεως.

2305 2469 2464 2526 Οὕτω
2520 2471 2614 2544 μὲν
2671 2473 2725 2527 οἱ
2767 2473 3069 2530 ἀπόστολοι
3107 2477 3170 2531 τὸ
3213 2481 3311 2532 τοῦ
3359 2480 3660 2553 μαρτυρίου
3705 2478 3908 2550 διήνυ»

2234 2579 2328 2613 σαν
2361 2558 2600 2615 στάδιαν.
2636 2562 2822 2637 Νέρων
2853 2560 2910 2618 δὲ
2951 2562 3075 2620 ὅσον
3123 2567 3184 2621 τὸ
3233 2569 3430 2638 κράτος
3471 2573 3657 2641 μεῖζον
3705 2569 3901 2642 ἐλάμ-

2233 2643 2381 2718 ϐανε,
2431 2649 2566 2705 κατά
2611 2656 2872 2707 τοσοῦτον
2924 2651 3010 2708 ἐπὶ
3046 2655 3108 2710 τὸ
3158 2661 3344 2730 χεῖρον
3406 2657 3736 2732 προέκοπτε,
3793 2662 3894 2715 καί

2231 2736 2318 2793 ἐπὶ
2370 2739 2464 2801 τάς
2542 2740 2907 2805 ἀνοσιωτάτας
2991 2748 3098 2798 τῶν
3161 2747 3403 2819 πράξεων
3485 2747 3888 2822 ἀπωλίσθαινε,

2229 2828 2320 2882 καὶ
2377 2828 2512 2884 κατά
2552 2833 2650 2899 τῆς
2699 2832 2773 2892 εἰς
2826 2833 2955 2888 Θεὸν
3001 2830 3270 2897 εὐσεϐείας
3334 2836 3642 2911 ἐπιμᾶλλον
3689 2839 3889 2894 ὡπλί-

2233 2923 2370 2987 ζετο.
2431 2919 2507 2976 Τὸ
2569 2921 2664 2992 μὶν
2719 2921 2811 2975 οὖν
2870 2924 2970 2992 τήν
3027 2921 3229 2979 ἐκείνου
3292 2928 3624 3003 μοχθηρίαν,
3676 2928 3885 2990 ὁποῖός

2229 3027 2286 3060 τε
2317 3007 2380 3062 τὸ
2428 3009 2562 3077 ἦθος
2611 3011 2698 3079 ἦν,
2730 3010 2791 3066 τό
2837 3033 2898 3086 γε
2943 3017 3035 3066 νῦν
3083 3010 3385 3091 διατρὲχειν
3431 3017 3614 3085 ἥκιστά
3664 3036 3763 3089 μοι
3795 3024 3880 3092 τῇ

2229 3098 2477 3172 παρούσῃ
2522 3097 2706 3173 σχολῇ
2755 3108 3033 3174 προσῆκον
3092 3102 3412 3180 λελόγισται
3461 3125 3474 3139 ⁸

3521 3107 3628 3178 δτψ
3661 3127 3721 3181 γε
3756 3111 3886 3179 μὴν

2231 3185 2390 3261 φίλον
2449 3189 2750 3259 σκαιότητα
2801 3187 3052 3264 τάνδρὸς,
3104 3193 3192 3248 καὶ
3268 3195 3368 3264 τὴν
3434 3194 3631 3270 ἐναργῆ
3709 3216 3892 3252 κατα-

485 3287 680 3340 menta
712 3280 1106 3346 historiarum,
1140 3293 1267 3350 quas
1298 3276 1482 3332 multa
1528 3294 1561 3332 a
1607 3275 1808 3332 multis
1847 3276 1918 3331 de
1948 3275 2121 3332 rebus

2241 3277 2505 3349 θεωρῆσαι
2559 3276 2770 3351 μανίαν,
2820 3280 3077 3354 πάρεστιν
3140 3281 3385 3338 ἐντυχεῖν
3451 3285 3699 3357 ἱστοριῶν
3752 3283 3886 3356 διη-

484 3374 612 3444 ejus
657 3388 788 3426 cum
817 3370 950 3426 ‘ﬁde
996 3373 1054 3425 et
1084 3384 1219 3423 cura
1257 3371 1393 3422 sunt
1430 3365 1768 3438 composita,
1819 3366 2123 3422 consulere

484 3462 715 3536 poterit.
771 3460 913 3516 Cum
966 3459 1119 3514 enim
1160 3456 1579 3530 permultorum
1612 3455 1881 3512 interitus
1925 3463 2124 3511 auctor

482 3552 819 3618 exstitisset,
845 3549 986 3605 adeo
1015 3564 1077 3604 se
1107 3548 1352 3603 caedium
1403 3544 2120 3617 piaculisIcontaminavit,

481 3642 626 3700 nihil
658 3656 848 3698 rerum
878 3638 1142 3696 omnium
1175 3653 1304 3694 cum
1329 3636 1562 3708 :ratione
1604 3639 1660 3690 et
1692 3635 1863 3691 modo
1903 3635 2121 3690 faciens

483 3736 547 3788 ut
571 3735 866 3804 postremo
909 3745 980 3784 ne
1011 3727 1367 3784 cbarissimis
1398 3727 1633 3798 quidem
1667 3725 1957 3796 capitibus
1989 3741 2122 3795 par-

481 3826 634 3876 ceret
666 3837 682 3876 :
715 3823 773 3875 et
801 3818 1039 3874 citharae
1073 3818 1424 3888 musicusque
1478 3817 1839 3873 carminibus
1885 3829 2118 3886 operam

483 3924 725 3976 navans,
776 3911 950 3978 atque
1007 3906 1415 3962 indecentibus
1478 3922 1739 3978 prorsus,
1802 3904 2120 3961 infamibus

481 4003 538 4056 et
568 3995 904 4052 meretriciis
934 3995 1188 4051 motibus
1233 3994 1462 4062 ludens,
1493 3996 1850 4065 ridiculeque
1881 4011 2120 4068 prorsus

482 4089 543 4144 in
592 4087 815 4142 theatro
863 4084 1092 4155 publice
1148 4085 1391 4150 saltans,
1426 4102 1612 4156 neque
1643 4087 1960 4157 quidquam
1992 4102 2120 4141 om-

483 4178 647 4238 nium
673 4192 795 4248 quas
844 4180 957 4230 Deo
987 4175 1223 4245 ingratae
1280 4174 1595 4246 invisaaque
1633 4181 1770 4232 sunt
1798 4192 1992 4232 rerum
2024 4177 2121 4233 in-

481 4270 772 4326 tentatum
825 4262 1186 4334 relinquens,
1239 4265 1464 4336 primus
1529 4265 1655 4336 ipse
1705 4265 2119 4323 acerbissimos

479 4357 639 4415 verbi
668 4373 815 4414 vera:
862 4358 1090 4430 pietatis
1120 4357 1300 4413 hostis
1343 4359 1593 4411 exstaret
1623 4371 1637 4411 :
1671 4363 1724 4412 et
1751 4357 2121 4426 {denuntiatis

479 4448 530 4506 ei
563 4463 692 4520 quae
723 4452 923 4506 contra
945 4447 1112 4504 illum
1144 4449 1372 4504 structas
1394 4449 1559 4503 erant
1586 4445 1842 4513 insidiis,
1875 4449 2118 4502 matrem

479 4539 606 4610 ipse
660 4553 849 4606 suam,
920 4538 1157 4594 fratrem
1231 4541 1290 4593 et
1329 4537 1634 4608 conjugem
1692 4536 1842 4592 ferro
1873 4535 2117 4592 sustule-

479 4629 557 4684 rit
587 4642 605 4686 :
644 4631 702 4685 et
729 4625 1188 4684 innumerabiles
1218 4631 1500 4700 presteres
1526 4641 1595 4681 ex
1624 4624 1967 4682 clarissimis
1997 4629 2118 4680 Ro-

479 4733 668 4774 mana:
697 4715 854 4773 urbis
883 4716 1129 4784 civibus,
1161 4716 1260 4789 qui
1287 4715 1461 4772 etiam
1493 4729 1702 4787 genere
1741 4714 1852 4772 sibi
1885 4714 2117 4786 propin-

477 4807 572 4878 qui
596 4814 808 4874 rvscnt,
839 4805 1016 4863 variis
1047 4805 1468 4878 suppliciorum
1510 4803 1818 4878 generibus
1838 4808 2118 4877 perquam

478 4897 790 4956 crudeliter
820 4896 1201 4954 interemerit.
1234 4897 1316 4952 Ad
1357 4912 1484 4968 quas
1524 4896 1725 4952 omnia
1773 4893 1917 4951 illud
1946 4894 2120 4950 etiam

479 4985 723 5054 addidit,
774 4989 839 5041 ut
911 4985 1137 5058 primus
1188 4986 1313 5056 ipse
1379 4985 1798 5057 imperatorum
1861 4982 2122 5040 omnium

479 5076 797 5146 impietatis
829 5075 956 5146 ejus
998 5091 1127 5146 quis
1185 5077 1456 5132 adversus
1507 5074 1689 5132 Deum
1722 5082 1985 5146 suscepta
2013 5080 2120 5142 est,

479 5165 768 5238 primitias
797 5163 1010 5222 tulerit.
1037 5166 1236 5237 Itaque
1251 5165 1320 5221 ad
1352 5181 1641 5222 summam
1673 5166 1799 5235 ejus
1830 5163 2120 5221 insaniam

479 5254 589 5311 hoc
622 5255 728 5311 fuit
770 5253 1082 5326 reliquum,
1138 5259 1202 5311 ut
1233 5259 1424 5312 mente
1456 5272 1560 5327 per
1585 5255 1959 5326 intemperiae
1990 5270 2124 5325 cap-

478 5348 598 5412 tus,
630 5359 840 5404 manus
872 5345 1103 5401 tandem
1135 5345 1256 5418 ipse
1276 5345 1660 5402 sibiatierret:
1685 5344 2121 5416 quatuordecim

481 5435 676 5492 annis.
714 5439 924 5506 prater
979 5452 1197 5506 paucos
1243 5435 1558 5491 admodum
1595 5451 1846 5500 menses,
1882 5434 2122 5505 imperio

480 5539 617 5582 cum
676 5524 998 5597 ignominia
1040 5527 1117 5594 jet
1167 5526 1376 5597 probro
1434 5542 1664 5581 summo
1689 5524 2118 5580 administrato.

481 5613 655 5683 Cujus
686 5612 862 5671 etiam
907 5613 1326 5683 Tertullianus,
1360 5616 1659 5672 Romanus
1689 5616 1942 5687 scriptor
1965 5629 2126 5668 men-

480 5703 700 5763 tionem
728 5701 867 5762 facit
912 5703 1071 5762 hisce
1096 5705 1322 5762 verbis:
1364 5727 1393 5756 «
1435 5702 1727 5763 Consulite
1765 5705 2121 5761 commenta-

2233 3369 2442 3439 γησεσι,
2488 3368 2715 3423 πολλῶν
2765 3369 2832 3424 τά
2880 3374 2998 3427 κατ’
3048 3372 3210 3428 αὐτὸν
3253 3371 3491 3448 ἀκριϐῶς
3523 3372 3887 3432 διελθόντων.

2237 3455 2466 3511 Πολλῶν
2515 3458 2620 3533 γὰρ
2655 3457 2935 3522 ἀπωλείας
2983 3459 3160 3525 αἶ’τιος
3208 3464 3494 3531 καταστὰς,
3545 3464 3633 3518 ἐπὶ
3679 3466 3890 3520 τοσαῦο

2230 3566 2328 3614 την
2361 3546 2533 3614 ἤλατε
2561 3549 2660 3614 τήν
2723 3550 3060 3625 μιαιφονίαν,
3110 3549 3262 3606 οὐδὲν
3321 3575 3373 3608 τι
3411 3551 3664 3628 λογισμῷ
3693 3557 3887 3627 πράτ-

2230 3655 2357 3705 των,
2409 3636 2482 3697 ὡς
2535 3632 2674 3708 μηδὲ
2719 3641 2828 3692 τῶν
2877 3637 3153 3712 φιλτάτων
3199 3639 3252 3703 ἐς
3303 3640 3520 3714 ὕστερον
3563 3644 3884 3720 φείσασθαι.

2232 3722 2590 3798 Κιθαρῳδίαις
2645 3725 2748 3800 γάρ
2805 3727 2896 3782 καὶ
2954 3729 3210 3802 ἀσὲμνοις
3267 3730 3356 3786 καὶ
3431 3739 3716 3807 πορνικοῖς
3791 3733 3886 3790 λι-

2229 3815 2466 3888 γύσμασι
2518 3817 2828 3890 χρώμενος,
2877 3815 3112 3892 γελοίως
3179 3840 3238 3874 τε
3321 3821 3419 3875 ἀνᾶ
3497 3823 3560 3876 τὸ
3644 3821 3886 3897 θέατρον

2228 3902 2648 3978 ἐξορχούμενος,
2699 3913 2787 3958 κκὶ
2843 3903 3011 3977 μηδὲν
3059 3927 3111 3962 τι
3168 3911 3276 3962 τῶν
3327 3911 3630 3985 θεοστυγῶν
3695 3907 3886 3988 ἔργων

2229 3991 2543 4060 ἀπολιπὼν,
2577 3995 2794 4066 πρῶτός
2859 4015 2917 4050 τε
2975 3993 3214 4066 ὃιώκτης
3275 4003 3372 4053 τοῦ
3436 4007 3535 4069 τῆς
3591 3998 3889 4064 εὐσεϐείας

2229 4081 2414 4156 λόγομ
2460 4081 2788 4157 πικρότατος
2845 4084 3103 4160 γεγονὼς,
3154 4082 3456 4158 ἐπιϐουλῆς
3503 4090 3651 4160 αὐτῷ
3703 4112 3891 4162 μηνυ-

2227 4173 2434 4242 θείσης,
2465 4175 2565 4244 τήν
2621 4194 2680 4228 τε
2739 4176 2948 4249 μητέρα
3001 4175 3091 4230 καὶ
3149 4174 3388 4254 ἀδελφὴν
3443 4179 3531 4234 καὶ
3583 4181 3686 4249 τήν
3732 4183 3891 4256 ὁμό-

2229 4268 2385 4338 ζυγον
2416 4266 2494 4333 τῷ
2520 4262 2658 4336 ξίφει
2705 4263 2905 4337 ὑπῆγε.
2937 4264 3179 4338 Μυρίους
3239 4263 3297 4321 δὲ
3352 4267 3441 4323 καὶ
3498 4265 3705 4330 ἄλλους
3766 4275 3889 4327 τῶν

2227 4353 2365 4426 γένει
2421 4353 2809 4425 προσηκόντων
2875 4352 2930 4408 ἐκ
3006 4356 3115 4408 τῶν
3194 4353 3480 4428 ἐπισήμων
3556 4360 3892 4429 Ῥωμαίων,

2228 4439 2507 4502 ποικίλαις
2553 4442 2796 4496 θανάτων
2837 4439 3004 4507 ἰδέαις
3057 4441 3372 4516 ὗποϐαλὼν,
3419 4445 3637 4516 ἀπηνῶς
3668 4446 3888 4504 ἀνεῖλε.

2231 4530 2372 4603 Πρὸς
2411 4527 2457 4584 δ’
2503 4527 2568 4583 αὖ
2613 4535 2731 4594 τοῖς
2777 4537 2907 4586 πᾶσι
2953 4533 3041 4586 καὶ
3091 4534 3237 4587 τοῦτ’
3285 4531 3474 4602 ἐνέδει,
3505 4535 3578 4597 ὡς
3631 4534 3693 4590 ἂν
3727 4543 3892 4611 πρῶ-

2227 4638 2320 4678 τος
2379 4617 2794 4693 αὐτοκρατόρων
2857 4625 2958 4689 τῆς
3041 4621 3177 4675 κατά
3253 4623 3315 4678 τὸ
3392 4628 3544 4679 Θεῖον
3623 4620 3889 4688 ἀσεϐείας

2231 4706 2555 4781 άπάρξηται.
2606 4707 2806 4769 Μανίας
2859 4706 2906 4763 δ’
2964 4710 3040 4772 είς
3093 4707 3257 4784 ἄκρον
3314 4710 3533 4782 ἐλάσας,
3588 4711 3887 4771 κάντεῦθεν

2227 4797 2322 4858 τάς
2382 4796 2578 4875 φρένας
2631 4793 2970 4866 διασεισθεὶς,
3004 4797 3140 4876 ξίφει
3196 4800 3260 4854 τὸ
3325 4799 3636 4856 τελευταῖον
3686 4802 3894 4860 ἑαυτὸν

2233 4883 2584 4961 διεχρήσατο,
2643 4887 2890 4960 τέσσαρσι
2957 4888 3093 4964 πρὸς
3147 4893 3264 4943 τοῖς
3315 4887 3442 4945 δέκα
3500 4891 3725 4965 χρόνοις
3788 4897 3892 4963 τὴν

2236 4973 2537 5049 βασιλείαν,
2572 4979 2759 5048 μηνῶν
2820 4973 3046 5032 δεόντων
3105 4981 3288 5049 τινῶν,
3356 4977 3566 5042 ἀκλεῶς
3613 4976 3894 5045 διιθῦνας.

2231 5066 2433 5118 Τούτου
2483 5060 2540 5118 δὲ
2596 5064 2684 5118 καὶ
2763 5065 2946 5138 μνείαν
3024 5067 3053 5121 ὁ
3123 5067 3396 5139 Ῥωμαῖος
3481 5068 3897 5144 Τερτυλλιανὸς

2231 5151 2338 5208 ὦδὲ
2386 5175 2502 5215 πως
2557 5155 2775 5233 γράφων
2836 5160 3070 5210 ποιεῖναι
3104 5174 3119 5189 ·
3178 5180 3206 5207 ι(
3239 5157 3518 5231 Ἐντῦχετε
3571 5164 3689 5221 τοῖς
3744 5162 3896 5218 ὑπο-

2236 5245 2511 5315 μνήμασιν
2557 5243 2732 5314 ὑμῶν.
2789 5244 2937 5300 Ἐκεῖ
2975 5241 3042 5312 δή
3098 5243 3351 5319 εὑρήσετε
3380 5251 3598 5321 πρῶτον
3631 5250 3895 5324 Νέρωνα,

2231 5336 2390 5387 τοῦτο
2439 5333 2500 5386 τὸ
2551 5329 2754 5406 δόγμα,
2788 5333 2947 5400 ἡνίκα
2997 5333 3235 5406 μάλιστα
3265 5333 3316 5388 ἐν
3359 5337 3574 5410 Ῥώμῃ,
3605 5339 3704 5406 τήν
3744 5340 3894 5395 ἀνα-

2231 5420 2399 5488 τολὴν
2451 5427 2620 5475 πᾶσαν
2689 5421 2974 5492 ὑποτάξας,
3025 5423 3176 5493 ὠμὸς
3223 5426 3288 5490 ἦν
3333 5423 3408 5484 εἰς
3464 5426 3692 5492 πάντας,
3749 5425 3890 5484 διώ-

2234 5512 2411 5581 ξαντα.
2474 5511 2714 5581 Τοιούτῳ
2769 5517 2869 5576 τῆς
2929 5512 3207 5572 κολάσεως
3265 5515 3424 5584 ἡμῶν
3481 5513 3714 5590 ἀρχηγῷ
3752 5537 3898 5572 sua-

2234 5599 2480 5674 χώμεθα.
2533 5600 2590 5654 Ὀ
2633 5598 2731 5672 γάρ
2783 5595 2939 5660 εἶδὼς
3000 5596 3201 5652 ἐκεῖνον
3251 5606 3439 5668 νοῆσαι
3511 5598 3761 5671 δύναται,
3822 5609 3898 5669 ὡς

2235 5686 2329 5744 οὖν
2389 5687 2474 5758 ἂν,
2533 5688 2578 5743 εἴ
2630 5689 2706 5762 μὴ
2769 5687 2904 5762 μέγα
2960 5708 3012 5742 τι
3069 5687 3268 5762 ἀγαθὸν
3327 5689 3418 5759 ἦν,
3478 5690 3584 5746 ὑπὸ
3633 5693 3904 5768 Νέρωνος
