4070 6274
185 393 315 458 853

1197 400 1833 466 ECCLESIASTIGIE
1876 405 2270 468 HISTORIA?
2308 406 2456 469 LIB.
2499 405 2577 468 Il.

3485 398 3605 464 854

187 529 586 602 κατακριθῆναι
633 528 769 605 εἶχε.
830 532 1009 606 Ταύτῃ
1087 536 1218 606 γοῦν
1269 534 1428 598 οὗτος
1482 537 1511 591 ὁ
1573 537 1842 613 θεομάχος

1960 539 2075 597 rios
2104 544 2323 598 vestros
2353 560 2368 612 ;
2400 541 2518 598 illic
2547 540 2846 613 reperietis
2888 538 3138 611 primum
3195 537 3482 594 Neronem
3538 533 3603 591 in

184 619 415 689 πρῶτος
494 616 919 693 ἀνακηρυχθεὶς,
1005 619 1092 675 ἐπὶ
1174 621 1270 684 τὰς
1331 626 1440 677 τῶν
1521 622 1844 682 ἀποστόλων

184 701 408 779 ἐπήρθη
442 706 683 781 σφαγάς·
737 707 827 761 καὶ
880 706 1097 771 Παῦλος
1145 707 1211 780 δή
1243 713 1330 765 νῦν
1375 709 1459 766 ἔπ’
1503 712 1670 783 αὐτῆς
1701 716 1842 768 Ῥώ-

188 817 308 869 μης
358 796 459 864 τῆν
505 795 745 872 κεφαλῆν
802 798 1209 874 ἀποτμηθῆναι,
1264 801 1354 856 καὶ
1404 803 1606 877 Πέτρος
1657 804 1837 859 ὡσαύ-

184 905 302 947 τως
387 883 918 956 ἀνασκολοπισθῆναι
995 889 1130 946 κατᾶ
1204 892 1394 946 ταυτὸν
1467 892 1836 968 ἱστοροῦνται.

192 972 298 1029 Καὶ
344 979 630 1030 πιστοῦται
672 995 735 1051 γε
785 978 885 1047 τὴν
938 977 1177 1052 ἱστορίαν
1223 981 1259 1049 ἡ
1302 981 1507 1054 Πέτρου
1560 983 1648 1037 καὶ
1703 984 1840 1038 Παύ-

190 1062 306 1118 λου
335 1062 412 1125 εἷς
459 1061 617 1138 δεῦρο
665 1068 982 1139 κρατήρασα
1029 1068 1118 1122 ἐπὶ
1162 1073 1271 1125 τῶν
1322 1070 1507 1126 αὐτόθι
1557 1093 1840 1144 κοιμητη-

188 1151 332 1225 ρίων
385 1152 705 1227 πρόσρησις.
748 1175 773 1207 s
835 1155 893 1209 '0
952 1156 1046 1229 μὲν
1092 1153 1161 1226 δὴ
1209 1157 1608 1233 Τερτυλλιανὸς
1647 1165 1834 1218 ταῦτα.

191 1237 371 1297 Οὐδὲν
416 1237 475 1294 δὲ
528 1244 690 1309 ἧττον
758 1242 851 1297 καὶ
916 1242 1363 1317 ἐκκλησιαστικὸς
1430 1249 1566 1323 ἀνήρ
1627 1247 1838 1325 ἕτερος,

184 1331 356 1392 Γάϊος
422 1325 615 1405 ὄνομα,
679 1332 816 1387 κατά
881 1339 1170 1410 Ζεφυρῖνον
1257 1338 1543 1411 Ῥωμαίων
1599 1341 1838 1417 γεγονώς

186 1417 520 1491 ἐπίσκοπον,
551 1420 610 1482 ’ὸς
644 1420 711 1490 δὴ
744 1422 978 1497 Πρόκλῳ
1004 1427 1102 1493 τῆς
1133 1426 1268 1482 κατά
1306 1426 1520 1502 Φρύγας
1570 1440 1837 1502 προϊστα-

187 1508 343 1580 μένῳ
396 1511 625 1584 γνώμης
673 1508 1007 1587 διαλεχθεὶς,
1056 1512 1189 1569 αὐτά
1243 1512 1310 1585 δὴ
1342 1520 1509 1571 ταῦτα
1552 1517 1675 1591 περὶ
1724 1523 1833 1572 τῶν

183 1596 398 1665 τόπων,
465 1597 596 1653 ἀνθα
658 1603 766 1656 τῶν
831 1600 1135 1676 εἰρημένων
1197 1603 1520 1660 ἀποστόλων
1584 1608 1651 1661 τά
1717 1608 1835 1681 ἱερά

187 1687 532 1759 σκηνώματα
568 1691 959 1760 κατατέθειται,
1000 1692 1163 1768 φησίν
1189 1710 1202 1725 ·
1247 1718 1274 1746 ‹‹
1305 1696 1457 1768 Ἐφὼ
1496 1692 1552 1750 δὲ
1590 1696 1655 1751 τὰ
1703 1698 1834 1771 τρό-

184 1796 327 1830 παια
355 1779 465 1831 τῶν
518 1776 837 1835 ἀποστόλων
888 1774 1004 1855 ἔχω
1053 1778 1259 1852 δεῖξαιο
1309 1780 1398 1839 ἐὰν
1443 1783 1545 1858 γὰρ
1592 1783 1832 1860 θελήσῃς

1955 629 2107 687 hanc
2129 635 2347 688 sectam
2376 635 2501 687 tum
2536 629 2786 687 maxime
2824 631 3018 685 Romae
3072 627 3380 695 orientem,
3410 625 3604 681 Casa-

1953 719 2119 776 riano
2146 719 2334 792 gladio
2376 719 2689 776 ferociissc.
2722 719 2876 774 195
2934 717 3044 772 Sed
3086 713 3185 771 tali
3268 712 3603 770 dedicatore

1952 811 2344 868 damnationis
2398 817 2598 867 vestrae
2650 809 2825 865 etiam
2886 805 3226 879 gloriamur.
3275 802 3383 868 Qui
3440 803 3600 859 enim

1952 899 2065 957 scit
2094 900 2282 971 illum,
2314 900 2636 973 intelligere
2668 900 2877 970 potest,
2909 913 3025 953 non
3065 895 3179 950 nisi
3227 893 3449 964 grande
3495 892 3603 948 ali-

1952 992 2108 1062 quod
2135 993 2353 1046 bonum
2377 989 2651 1046 aNercne
2680 989 3048 1043 damnatum.
3066 985 3149 1040 Ad
3183 984 3340 1039 hunc
3362 981 3606 1039 modum

1952 1080 2176 1152 primus
2204 1081 2313 1137 iste
2333 1080 2436 1137 Dei
2468 1082 2836 1152 oppugnatur
2874 1073 3261 1142 renuntiatus,
3284 1072 3356 1128 ad
3386 1071 3601 1128 cadem

1948 1168 2342 1241 apostolorum
2382 1172 2468 1226 est
2506 1172 2694 1224 actus.
2727 1166 2797 1221 Et
2842 1163 3055 1221 Paulus
3111 1162 3351 1235 quidem
3411 1163 3600 1217 Romae

1947 1259 2136 1332 capite
2158 1260 2375 1331 plexus.
2405 1260 2612 1314 Petrus
2642 1259 2837 1313 autem
2867 1253 3180 1311 cruciﬁxus
3217 1252 3349 1308 esse
3394 1250 3601 1307 eodem

1949 1354 2204 1420 tempore
2234 1348 2565 1404 traduntur.
2609 1346 2749 1402 Rern
2801 1344 2950 1399 banc
2980 1342 3285 1400 conﬁrmat
3338 1338 3493 1396 Petri
3548 1334 3608 1392 et

1946 1428 2110 1492 Pauli
2140 1436 2449 1508 hucusque
2477 1436 2655 1492 etiam
2702 1434 2974 1491 obtinens
3021 1447 3223 1488 eorum
3271 1446 3398 1501 qua:
3455 1427 3605 1492 inibi

1946 1530 2087 1583 sunt
2123 1526 2586 1582 cmmeteriorum
2644 1523 2978 1596 appellatio.
3002 1542 3031 1572 »
3062 1522 3253 1592 Atque
3299 1519 3425 1575 haec
3469 1515 3606 1588 qui-

1943 1617 2099 1681 dem.
2131 1631 2304 1688 quem
2335 1614 2509 1686 paulo
2557 1618 2691 1670 ante
2743 1612 3143 1685 allegavimus.
3186 1607 3580 1666 Tertullianus

1940 1708 2049 1763 Sed
2101 1722 2217 1762 non
2266 1705 2465 1760 minus
2523 1706 2581 1759 et
2638 1702 2790 1759 alius
2843 1701 3092 1773 scriptor
3147 1695 3597 1768 ecclesiasticus_

1942 1794 2115 1851 Caius
2172 1794 2426 1861 nomine,
2488 1792 2590 1864 qui
2651 1790 2962 1865 Zephyrini
3038 1786 3289 1847 Romani
3344 1784 3603 1858 episOOpi

183 1863 448 1921 ἀπελθεῖν
506 1865 594 1923 ἐπὶ
648 1870 739 1924 τὸν
807 1872 1117 1941 Βατικανὸν,
1174 1874 1210 1944 ἢ
1256 1872 1344 1928 ἐπὶ
1393 1875 1491 1943 τῆν
1551 1872 1673 1930 ὁδὸν
1730 1878 1830 1946 τήν

187 1957 331 1979 ,nim,
385 1957 449 1979 ,AI
624 1959 637 1977 Ρ
703 1961 716 1979 1
921 1962 933 1977 η
1075 1962 1087 1979 1
1308 1968 1333 1978 υ
1512 1963 1525 1979 Ι
1682 1963 1735 1979 οδ

1952 1894 2198 1956 tempore
2226 1883 2447 1949 vivens,
2479 1863 2685 1938 contra
2722 1863 2986 1939 Proclum
3030 1877 3434 1979 Cataphrygas
3480 1872 3606 1929 bie-

187 1957 536 2027 Ὀσ-τηνσίαν,
589 1959 835 2033 εὑρήσεις
879 1962 945 2015 τὰ
990 1962 1234 2038 τρόπαια
1267 1968 1374 2019 τῶν
1430 1963 1632 2035 ταύτην
1682 1963 1832 2040 ἱδρυο

188 2047 445 2118 σαμένων
486 2048 586 2117 τὴν
639 2049 985 2120 Ἐκκλησίαν.
1020 2074 1046 2105 ι
1106 2056 1193 2114 Ὡς
1245 2049 1302 2108 δὲ
1348 2055 1483 2108 κατά
1528 2057 1619 2110 τὸν
1673 2056 1835 2109 αὐτὸν

186 2134 361 2215 ἄμφω
418 2138 605 2211 καιρὸν
661 2138 1063 2214 ἐμαρτύρησαν,
1113 2143 1141 2197 ὁ
1193 2142 1472 2217 πρόπαλαι
1538 2146 1835 2220 Κορινθίων

190 2225 495 2288 ἐπίσκοπος
528 2227 809 2290 Διονύσιος
839 2228 1126 2307 ἐγγράφως
1156 2232 1454 2305 Ῥωμαίοις
1484 2235 1700 2307 ὁμιλῶν
1732 2232 1839 2290 ὦδε

181 2315 487 2387 παρίστησι
517 2336 531 2351 ⁸
583 2322 803 2374 Ταῦτα
830 2321 938 2375 καὶ
970 2320 1162 2394 ὑμεῖς
1202 2319 1311 2377 διὰ
1340 2330 1459 2392 τῆς
1498 2323 1837 2395 τοσαύτης

184 2404 548 2469 νουθεσίας
604 2408 724 2477 τήν
769 2406 899 2463 ἀπὸ
947 2406 1204 2485 Πέτρου
1248 2416 1355 2466 και
1407 2410 1671 2469 Παύλου
1721 2435 1837 2490 φυ-

185 2492 380 2550 τείαν
428 2498 1271 2572 γεννηθεῖσανῬωμαίων
1319 2522 1387 2556 τε
1428 2504 1537 2557 καί
1587 2509 1839 2578 Κοριν-

190 2584 358 2637 θίων
390 2585 907 2659 συνεκεράσατε.
943 2589 1062 2642 Καὶ
1090 2588 1212 2663 γάρ
1240 2588 1435 2661 ἄμφω
1464 2589 1569 2645 καί
1600 2592 1693 2653 εἰς
1722 2592 1838 2660 τήν

190 2671 527 2747 ἡμετέραν
557 2672 888 2746 Κόρινθον
939 2674 1384 2755 φυτεύσαντες
1431 2682 1628 2753 ἡμᾶς,
1682 2682 1845 2753 ὀμο-

197 2760 313 2821 ίως
347 2758 690 2835 ἐδίδαξανο
732 2765 989 2837 ὁμοίως
1023 2762 1222 2822 δὲκαὶ
1254 2767 1351 2830 εἰς
1382 2769 1503 2837 τὴν
1536 2769 1840 2826 Ἰταλίαν

197 2850 412 2922 ὁμόσε
442 2848 861 2924 διδάξαντες,
895 2852 1375 2930 ἐμαρτύρησαν
1408 2858 1568 2913 κατὰ
1594 2859 1703 2914 τὸν
1734 2860 1844 2914 αὐ-

202 2938 311 2993 τὸν
341 2941 607 3014 καιρόν.
654 2946 828 2997 Ταῦτα
877 2940 935 2999 δὲ
978 2945 1312 3019 παρεθέμην,
1345 2948 1418 3009 ὡς
1451 2944 1511 3002 ἄν
1538 2970 1597 3021 γε
1629 2946 1844 3020 μᾶλλον

193 3027 265 3083 τά
294 3032 394 3094 τῆς
424 3028 796 3101 ἀποστολικῆς
826 3032 1064 3108 ἱστορίας
1097 3032 1336 3107 ἀκριϐῶς
1375 3037 1696 3109 πιστωθείη.
1727 3039 1844 3096 Οὐκ

196 3114 382 3193 ἀγνοῶ
413 3139 476 3194 γε
501 3120 638 3206 μὴν,
678 3121 755 3184 ὡς
804 3122 936 3177 εἰσίν
986 3121 1042 3178 οἵ
1096 3124 1318 3202 λέγουσι
1371 3128 1509 3198 μετά
1558 3126 1674 3189 ένὸς
1706 3128 1841 3206 χρό-

196 3226 295 3262 νου
352 3205 683 3282 παρέλευσιν
737 3211 873 3266 κατά
927 3214 1027 3283 τήν
1087 3213 1252 3281 αὐτὴν
1311 3214 1521 3289 ἡμέραν
1564 3220 1644 3289 τῷ
1699 3205 1843 3292 μαρ-

195 3299 370 3373 τυρίῳ
415 3300 509 3355 τὸν
566 3301 656 3357 καὶ
716 3303 931 3360 Παῦλον
986 3303 1367 3376 τελειωθῆναι.
1419 3309 1587 3383 Εἴχόν
1633 3330 1695 3384 γε
1745 3311 1851 3383 μὴν

195 3395 300 3457 τῆς
342 3389 538 3452 θέσεως
594 3397 693 3460 τῆς
743 3399 960 3470 μορφῆς
1019 3394 1110 3450 καὶ
1155 3395 1253 3451 τοῦ
1314 3396 1572 3471 σώματος
1615 3400 1667 3453 οἱ
1712 3400 1848 3454 θεῖοι

197 3478 362 3532 οὗτοι
401 3474 729 3549 ἀπόστολοι,
774 3482 849 3544 ὡς
894 3482 947 3538 ἂν
988 3485 1144 3557 τύπῳ
1192 3481 1494 3556 διαλαϐεῖν,
1545 3490 1743 3550 οὕνως.
1792 3493 1849 3544 '0

200 3568 300 3640 μὲν
356 3569 503 3632 θεῖος
561 3569 763 3644 Πέτρος
814 3573 913 3640 τὴν
960 3573 1182 3643 ἡλικίαν
1233 3577 1449 3651 μέτριος
1502 3579 1597 3647 ἧν,
1648 3579 1736 3633 ἐπὶ
1785 3579 1849 3633 τὸ

1944 1974 2087 2032 resis
2116 1974 2327 2030 ducem
2357 1972 2609 2044 scripsit,
2640 1972 2713 2028 de
2745 1970 2885 2028 locis
2943 1970 3041 2026 ubi
3099 1985 3266 2025 sacra
3322 1965 3607 2022 taberna-

1944 2065 2080 2122 cula
2109 2079 2310 2119 eorum
2337 2061 2739 2133 apostolorum
2773 2059 3032 2132 reposita
3063 2064 3224 2126 sunt,
3244 2056 3367 2112 haec
3396 2052 3603 2110 refert:

1949 2172 1975 2205 ι
2045 2154 2162 2223 Ego
2213 2167 2349 2207 vero
2420 2151 2823 2222 apostolorum
2909 2153 3129 2220 tropaea
3203 2145 3608 2201 demonstrare

1947 2257 2205 2314 possum.
2265 2240 2322 2294 Si
2378 2240 2537 2296 enim
2586 2240 2645 2295 in
2703 2237 3052 2295 Vaticanum
3112 2242 3212 2291 aut
3272 2233 3605 2289 Ostiensem

1946 2332 2101 2388 viam
2153 2331 2236 2386 ire
2280 2329 2443 2392 velis.
2477 2328 2871 2401 apostolorum
2920 2325 3018 2397 qui
3075 2322 3395 2380 Ecclesiam
3453 2319 3605 2376 hanc

1951 2420 2289 2487 fundarunt,
2322 2425 2535 2491 tropaea
2563 2416 2842 2474 invenies.
2880 2439 2909 2467 »
2932 2415 3098 2482 Quod
3145 2415 3339 2469 autem
3398 2409 3607 2465 eodem

1951 2503 2209 2581 |empore
2236 2508 2411 2565 ambo
2438 2507 2778 2577 martyrium
2809 2505 3061 2571 subiere,
3093 2501 3322 2558 dudum
3380 2497 3600 2568 Diony-

1950 2598 2078 2655 sius
2118 2597 2548 2655 Corinthiorum
2576 2595 2884 2669 episcopus
2907 2595 2979 2650 ad
3003 2594 3296 2649 Romanos
3316 2586 3601 2654 scribens,

1952 2688 2032 2743 ita
2078 2686 2291 2745 astruit
2333 2702 2348 2743 :
2403 2686 2507 2743 Sed
2561 2690 2616 2742 et
2671 2701 2763 2742 vos
2812 2700 2913 2756 per
2967 2683 3136 2739 talem
3188 2679 3495 2736 doctrinam
3549 2683 3604 2731 ct

1951 2777 2406 2842 cohortationcm,
2434 2773 2838 2848 plantationcm
2893 2775 3148 2829 Romanae
3194 2772 3244 2826 et
3298 2762 3606 2825 Corinthian

1952 2867 2209 2923 Ecclesiae
2264 2882 2299 2922 a
2353 2868 2516 2922 Petro
2574 2870 2630 2921 ct
2669 2863 2844 2920 Paulo
2881 2863 3170 2925 consitam,
3218 2855 3601 2929 conjuuzislis.

1953 2956 2120 3013 Ambo
2157 2955 2308 3012 enim
2348 2959 2398 3012 et
2431 2953 2684 3011 Corinthi
2746 2951 2892 3024 apud
2939 2967 3037 3007 nos
3091 2949 3316 3006 verbum
3369 2951 3606 3001 serentes

1951 3046 2142 3102 eadem
2168 3045 2506 3101 docuerunt:
2543 3050 2599 3100 ct
2622 3042 2791 3099 isthic
2821 3044 2880 3096 in
2920 3040 3090 3097 Italia
3143 3037 3289 3111 apud
3335 3050 3449 3104 vos,
3479 3049 3607 3090 cum

1950 3134 2142 3191 eadem
2168 3133 2343 3190 simul
2369 3133 2837 3207 promulgassent,
2871 3129 3068 3188 eodem
3109 3133 3351 3200 tempore
3391 3131 3607 3197 marty-

1952 3225 2038 3281 rio
2081 3230 2212 3280 suut
2252 3224 2547 3297 perfuncti.
2601 3224 2883 3279 Caeterum
2943 3220 3062 3276 haec
3118 3220 3423 3290 propterea
3467 3217 3608 3271 sunt

1879 3294 1930 3361 (ἶ
1958 3294 2326 3382 οᾶόιιοια,ὐι
2354 3294 2598 3370 certiore
2646 3312 2761 3369 ﬁde
2806 3326 2899 3367 res
2959 3306 3292 3383 apostolicae
3351 3302 3605 3362 historim

1960 3402 2462 3460 conﬁrmarentur.
2496 3402 2621 3459 Non
2676 3401 2828 3458 enim
2877 3399 3104 3472 ignoro,
3136 3410 3265 3454 esse
3322 3392 3604 3461 quosdam

1958 3490 2059 3563 qui
2090 3491 2311 3559 dicunt,
2344 3508 2460 3547 uno
2490 3493 2686 3546 exacto
2736 3504 2910 3556 anno,
2944 3487 3036 3543 die
3075 3486 3299 3551 eodem,
3328 3481 3603 3551 martyrio

1957 3578 2205 3636 Paulum
2236 3594 2467 3651 quoque
2499 3578 2670 3635 ﬁnem
2702 3578 2834 3633 vitm
2874 3575 3118 3648 cepisse.
3150 3576 3445 3630 Staturam
3500 3586 3603 3626 an-

198 3658 392 3731 ὐρθιον
432 3656 578 3733 ἔχων
629 3659 796 3730 αὐτὴν
846 3658 1258 3722 ἀναϐαίνουσαν.
1308 3667 1603 3742 ’Ύπωχρος
1654 3665 1711 3722 δὲ
1751 3670 1842 3738 τήν

1956 3671 2072 3725 tem
2103 3671 2161 3723 et
2207 3668 2467 3739 corporis
2519 3667 2767 3724 formam
2823 3665 2941 3721 divi
2996 3661 3265 3735 apostoli,
3316 3662 3602 3733 quantum

195 3744 328 3821 ὄψιν
360 3746 450 3801 καὶ
484 3746 633 3820 μάλα
665 3747 857 3812 λευκός
880 3769 894 3784 ’
943 3751 1108 3817 οὖλος
1134 3755 1229 3816 τάς
1276 3754 1473 3829 τρίχας
1525 3763 1626 3825 τῆς
1676 3777 1847 3831 κεφα-

194 3835 309 3901 λῆς
340 3836 433 3890 καὶ
482 3839 578 3892 τοῦ
625 3838 893 3912 πώγωνος
938 3842 1027 3896 καὶ
1077 3840 1280 3905 δασύς·
1330 3845 1392 3899 οὐ
1446 3847 1555 3917 μὴν
1608 3844 1699 3901 καὶ
1753 3867 1847 3901 κα-

193 3924 454 3997 θειμένας
503 3919 645 4001 ἔχων
692 3928 858 3990 αὐτάς
888 3949 903 3965 ·
964 3929 1235 4005 ὐφαίμους
1291 3930 1475 4008 ὥσπερ
1531 3936 1621 3989 καί
1680 3936 1842 3991 οἱνω-

192 4011 340 4075 ποὺς
396 4010 730 4091 προϐάλλων
777 4017 903 4082 τοὺς
964 4020 1281 4096 ὀφθαλμούς
1318 4044 1331 4057 ο
1383 4022 1704 4087 ἀνεσπακὼς
1752 4027 1846 4086 τὰς

194 4101 409 4176 ὀφρῦς·
468 4101 555 4157 καὶ
613 4101 732 4178 ῥῖνα
793 4106 1002 4178 μακράν
1059 4108 1182 4179 μὲν,
1232 4108 1293 4163 οὐ
1357 4111 1464 4183 μὴν
1495 4107 1552 4166 δὲ
1617 4113 1706 4167 καὶ
1770 4112 1846 4174 εἰς

190 4188 297 4260 ἀξὺ
353 4189 790 4266 καταλήγουσαν,
830 4193 958 4250 ἀλλ’
1010 4195 1207 4253 ὡσανεί
1261 4200 1431 4271 σιμὴν
1490 4202 1845 4274 κεκτημένος.

192 4284 264 4337 Ὁ
294 4276 355 4334 δέ
382 4300 446 4352 γε
501 4280 777 4345 θεσπέσιος
828 4283 1044 4347 Παῦλος
1098 4288 1290 4361 μικρὸς
1320 4289 1388 4357 ἦν
1419 4287 1509 4344 καὶ
1558 4290 1848 4347 συνεσταλ-

195 4369 371 4444 μένος
399 4369 460 4423 τὸ
500 4374 595 4426 τοῦ
634 4372 891 4445 σώματος
935 4373 1187 4450 μέγεθος,
1235 4375 1323 4431 καὶ
1378 4377 1558 4451 ὥσπερ
1609 4379 1846 4453 ἀγκύλον

192 4457 334 4514 αὐτὸ
390 4457 737 4531 κεκτημένος,
794 4462 1023 4536 σμικρὸν
1076 4464 1166 4518 καὶ
1221 4465 1461 4541 κεκυρώς
1503 4487 1515 4499 ·
1574 4469 1676 4536 τήν
1725 4464 1848 4541 ὄψιν

192 4546 421 4616 λευκὸς,
495 4548 585 4603 καὶ
659 4552 720 4605 τὸ
788 4552 1081 4625 πρόσωπον
1140 4573 1419 4632 προφερης
1452 4575 1466 4589 ⁸
1526 4556 1690 4629 ψιλὸς
1744 4558 1846 4626 τὴν

192 4634 450 4713 κεφαλήν
474 4653 489 4667 ⁶
523 4640 763 4715 χαροποὶ
805 4637 864 4694 δὲ
899 4641 1051 4713 αὐτῷ
1079 4644 1214 4710 ἦσαν
1261 4644 1313 4697 οἱ
1367 4642 1645 4721 ὀφθαλμοί
1698 4647 1845 4701 κάτω

192 4724 261 4781 δὲ
328 4725 419 4778 καὶ
481 4725 578 4788 τὰς
644 4727 816 4805 ὀφρῦς
875 4730 992 4805 εἶχε
1066 4731 1327 4794 νευούσας
1361 4750 1374 4764 ’
1443 4733 1696 4807 εὐκαμπῆ
1757 4733 1849 4789 καὶ

189 4813 472 4890 ῥέπουσαν
531 4813 648 4888 ὅλῳ
705 4820 786 4888 τῷ
838 4819 1119 4892 προσώπῳ
1173 4821 1479 4900 περιφέρων
1537 4823 1637 4891 τήν
1705 4821 1846 4897 ῥῖνα.

186 4904 307 4971 Τήν
377 4902 589 4976 ὑπήνην
665 4904 879 4962 δασεῖαν
964 4907 1056 4964 καὶ
1132 4912 1458 4983 καθειμένην
1539 4911 1849 4987 ἀρκούντως

194 4992 392 5068 ἔχωνο
443 4993 771 5066 ῥαινομένην
821 4992 881 5051 δὲ
920 4994 1120 5069 ταύτην
1169 4998 1259 5054 καὶ
1300 5001 1401 5070 τὴν
1449 4999 1694 5077 κεφαλὴν
1746 5000 1848 5055 ὑπὸ

188 5079 429 5143 πολιαῖς
482 5087 601 5147 ταῖς
672 5084 862 5159 θριξίν.
938 5087 1239 5161 Ὀρώμενοι
1318 5086 1376 5144 δὲ
1432 5089 1521 5144 καὶ
1570 5088 1739 5168 ἄμφω
1795 5090 1848 5144 οἱ

191 5174 446 5246 Χριστοῦ
474 5174 712 5246 μαθηταὶ
762 5173 1016 5238 θεοειδεῖς
1061 5197 1204 5240 τινες
1233 5177 1389 5248 ἦσαν,
1435 5180 1748 5254 Πνεύματός
1791 5200 1850 5235 τε

205 5260 371 5336 ἁγίου
411 5259 499 5316 καὶ
536 5263 682 5326 θείας
724 5265 952 5339 χάριτος
997 5258 1225 5339 ἔμπλεῳ
1250 5285 1263 5298 ·
1297 5266 1371 5330 ὡς
1400 5268 1489 5323 καὶ
1525 5272 1644 5330 τοῖς
1676 5269 1849 5343 ὁρῶσι

201 5355 428 5412 πιστοῖς
492 5353 595 5406 κάκ
662 5354 835 5426 μόνης
899 5354 1022 5416 θέας
1102 5355 1348 5429 ἀοράτως
1431 5353 1619 5413 ἐνιέναι
1686 5358 1846 5432 χάριν

194 5441 399 5502 αὐτοῖς
426 5460 439 5472 ·
475 5438 612 5497 ὥστε
657 5442 936 5517 ῥυθμίζειν
964 5447 1058 5500 τὸν
1112 5446 1247 5516 μετά
1291 5445 1520 5508 πίστεως
1567 5445 1708 5521 βίον,
1759 5449 1847 5503 καὶ

200 5530 349 5604 πρὸς
398 5530 461 5584 τὸ
514 5529 726 5604 βέλτιον
773 5531 1019 5609 ἄγεσθαι.
1076 5531 1248 5588 Ἀλλά
1290 5535 1412 5609 περὶ
1449 5536 1542 5609 μὲν
1590 5540 1698 5592 τῶν
1743 5557 1846 5592 κο-

200 5620 445 5697 ρυφαίου
476 5620 715 5694 Χριστοῦ
749 5623 1006 5695 μαθητῶν
1034 5620 1186 5696 ἀρκεῖ
1215 5626 1465 5682 τοσαῦτα.

1958 3776 2061 3833 per
2087 3758 2537 3831 descriptionem
2572 3757 2986 3831 simpliciorem
3027 3753 3262 3825 assequi
3318 3750 3473 3816 licet,
3508 3753 3606 3806 ta-

1958 3849 2071 3907 lem
2105 3848 2380 3904 habuere.
2406 3849 2611 3904 Petrus
2632 3847 2902 3919 equidem
2944 3862 3058 3902 non
3097 3859 3294 3901 crassa
3345 3838 3601 3912 corporis

1957 3943 2181 3996 statura
2211 3938 2343 4008 fuit,
2374 3938 2478 3994 sed
2509 3936 2788 3994 mediocri
2820 3941 2881 3993 et
2908 3953 3034 4008 quae
3082 3933 3398 4007 aliquando
3445 3934 3602 3988 esset

1955 4028 2222 4096 erectior,
2254 4027 2399 4085 facie
2426 4026 2757 4099 subpallida
2811 4029 2867 4082 et
2925 4024 3055 4082 alba
3097 4024 3467 4081 admodum:
3517 4036 3607 4077 ca-

1956 4118 2084 4192 pilli
2122 4122 2180 4175 et
2209 4116 2417 4190 capitis
2445 4120 2503 4174 et
2531 4117 2724 4174 barbis
2772 4115 2945 4189 crispi
2994 4119 3053 4171 et
3107 4113 3298 4185 densi,
3329 4112 3432 4170 sed
3485 4125 3600 4168 non

1956 4209 2270 4265 admodum
2301 4207 2698 4279 prominentes
2728 4206 2920 4263 fuere:
2943 4204 3099 4263 oculi
3128 4202 3296 4277 quasi
3325 4202 3606 4275 sanguine

1956 4296 2203 4370 respersi
2234 4300 2292 4354 et
2330 4296 2500 4367 nigri,
2531 4295 2838 4369 supercilia
2876 4294 3150 4351 sublata:
3183 4308 3366 4350 nasus
3408 4294 3606 4348 autem

1955 4386 2183 4460 longior
2205 4386 2301 4443 ille
2335 4386 2593 4457 quidem,
2624 4401 2740 4443 non
2789 4388 2983 4443 tamen
3035 4384 3094 4440 in
3144 4398 3393 4440 acumen
3452 4379 3604 4437 deei-

1956 4490 2124 4542 nens,
2157 4476 2258 4532 sed
2299 4490 2549 4546 pressus,
2583 4474 2888 4548 simusque
2935 4473 3145 4546 magis.
3182 4473 3334 4529 loc
3385 4468 3602 4526 Paulus

1957 4568 2152 4622 autem
2192 4579 2431 4636 corpore
2476 4569 2599 4620 erat
2637 4580 2811 4636 parvo
2868 4570 2921 4620 et
2970 4564 3288 4627 contracto,
3319 4563 3377 4615 et
3432 4557 3602 4630 quasi

1880 4671 1926 4737 ι)
1955 4654 2217 4722 incurvo,
2256 4656 2431 4723 atque
2486 4652 2791 4725 paululum
2841 4651 3076 4718 inﬂexo,
3125 4649 3271 4706 facie
3326 4647 3597 4715 candida,

1960 4756 2262 4813 annosque
2295 4742 2491 4815 plures
2523 4759 2638 4815 prae
2687 4758 2749 4799 se
2806 4742 3046 4808 ferente,
3070 4741 3127 4795 et
3172 4737 3360 4812 capite
3404 4737 3601 4804 calvo;

1958 4832 2143 4888 oculis
2175 4831 2358 4888 multa
2395 4832 2585 4888 inerat
2611 4831 2817 4904 gratia,
2842 4828 3153 4901 supercilia
3179 4830 3452 4885 deorsum
3485 4842 3607 4885 ver-

1958 4938 2089 4978 sum
2119 4923 2466 4995 vergebant;
2500 4937 2678 4979 nasus
2748 4921 2991 4994 pulchre
3037 4919 3306 4989 inﬂexus,
3330 4918 3604 4989 idemque

1960 5011 2221 5085 longior;
2272 5012 2448 5068 barba
2489 5011 2743 5081 densior,
2775 5014 2832 5067 et
2875 5011 3018 5067 satis
3049 5009 3341 5082 promissa
3374 5024 3387 5064 :
3420 5021 3604 5078 eaque

1958 5118 2074 5158 non
2113 5100 2310 5158 minus
2348 5117 2528 5173 quam
2568 5101 2770 5172 capitis
2825 5116 3011 5169 coma,
3046 5098 3210 5155 canis
3268 5098 3443 5154 etiam
3503 5112 3603 5152 re-

1959 5207 2163 5263 spersa
2218 5194 2358 5247 erat.
2386 5190 2571 5246 Ambo
2618 5193 2813 5246 autem
2867 5187 3082 5245 Christi
3140 5186 3433 5259 discipuli,
3466 5201 3603 5243 cum

1958 5278 2411 5351 inspicerentur,
2444 5278 2709 5335 divinum
2741 5278 3017 5350 quiddam
3059 5293 3174 5351 prie
3213 5292 3276 5333 se
3322 5275 3598 5343 lambant,

1959 5367 2181 5437 Spiritu
2212 5372 2413 5424 sancto
2442 5372 2502 5424 et
2531 5367 2730 5425 divina
2767 5367 2956 5439 gratia
3004 5367 3085 5423 ita
3122 5365 3339 5433 referti,
3388 5369 3454 5421 ut
3500 5364 3600 5438 qui

1959 5474 2059 5514 eos
2089 5459 2349 5516 viderent
2378 5458 2681 5526 ﬁdeles,ex
2695 5462 2928 5528 aspectu
2960 5456 3083 5513 solo
3114 5472 3385 5514 arcanam
3408 5472 3606 5529 quam-

1960 5548 2090 5603 dam
2122 5550 2179 5603 et
2207 5547 2482 5604 latentem
2515 5550 2884 5621 conciperent
2912 5547 3513 5620 gratiam,moresque
3541 5551 3600 5602 et

1959 5636 2138 5692 vitam
2170 5651 2289 5692 una
2316 5653 2450 5694 cum
2481 5638 2595 5695 ﬁde
2624 5636 2731 5695 rite
2759 5638 3211 5709 conformarent,
3231 5640 3288 5695 et
3307 5636 3365 5694 in
3390 5635 3599 5694 melius

1892 5728 1899 5753 ‘
1961 5726 2375 5785 converterent.
