4070 6274
467 379 587 442 855

1002 511 1240 568 CAPUT
1278 512 1575 568 XXXVIII.

472 602 748 673 Quomodo
773 604 952 671 frater
982 601 1199 658 Domini
1221 601 1451 657 Iacobus
1480 609 1758 659 certamen
1789 617 1887 674 pro
1909 601 2119 657 Christo

1145 676 1434 744 peregerit.

545 781 654 837 Sed
687 780 808 835 hac
839 779 910 836 de
951 777 1306 850 primoribus
1365 779 1581 836 Christi
1638 780 1946 853 discipulis
2005 780 2125 836 sint

475 871 620 926 satis
677 884 924 941 quorum
975 868 1275 939 martyriis
1330 869 1626 940 expositis,
1659 885 1788 926 cum
1847 869 1922 925 ad
1971 869 2124 925 hunc

472 958 660 1015 locum
710 957 1167 1030 pervenerimus,
1207 973 1570 1030 consequens
1599 975 1727 1015 esse
1773 959 2024 1030 videtur,
2067 962 2125 1014 et

473 1049 826 1122 reliquorum
859 1051 1057 1106 decem
1089 1051 1216 1106 vitea
1250 1051 1424 1106 finem
1456 1051 1515 1106 in
1546 1052 1800 1108 secundo
1822 1051 1931 1108 hoc
1967 1055 2124 1106 tomo

473 1139 904 1212 perstringere:
952 1156 1065 1196 non
1125 1142 1280 1211 quod
1326 1141 1523 1196 eodem
1573 1143 1836 1212 tempore
1886 1141 2122 1196 beatum

473 1229 815 1300 felicemque
853 1230 1068 1284 exitum
1122 1245 1328 1285 omnes
1387 1229 1508 1284 sint
1561 1230 1870 1295 consecuti,
1908 1229 2007 1285 sed
2069 1229 2122 1284 id

474 1318 598 1374 fieri
625 1323 890 1390 oportere
919 1319 1219 1384 duximus,
1253 1322 1316 1373 ut
1351 1325 1407 1374 el
1435 1319 1850 1390 compendiosa
1881 1322 1937 1375 et
1967 1319 2127 1374 dilu-

474 1407 604 1463 cida
660 1407 827 1462 nobis
876 1411 1104 1464 constet
1163 1407 1424 1463 historia.
1477 1407 1695 1462 Deinde
1761 1409 1862 1480 qui
1927 1423 2124 1464 eorum

473 1497 810 1569 conjugium
843 1496 962 1552 sint
998 1496 1306 1567 complexi,
1339 1495 1558 1568 quique
1597 1496 1826 1553 sincera
1859 1497 2128 1553 Ecclesiae

475 1587 696 1658 scripta
763 1585 1126 1657 reliquerint,
1209 1586 1605 1653 memoraturi,
1668 1585 1963 1657 finemque
2047 1586 2129 1642 ita

477 1675 738 1732 secundo
770 1674 904 1730 huic
931 1691 1110 1730 sacrae
1142 1675 1398 1731 Historiis
1424 1675 1706 1730 volumini
1746 1675 2074 1744 imposituri
2111 1691 2124 1730 :

476 1768 542 1820 nt
573 1763 802 1819 scilicet
819 1768 950 1834 post
972 1765 1248 1836 primum,
1273 1765 1370 1836 qui
1404 1763 1618 1820 Christi
1641 1781 1734 1820 res
1767 1780 1970 1820 omnes
1991 1781 2129 1820 con-

1765 379 2189 442 NICEPHORI
2235 380 2585 444 CALLISTI

2146 514 2201 581 Α

3773 387 3910 447 836

2847 521 3079 572 ΚΕΦΔΛ
3091 560 3102 572 .
3146 523 3185 571 Λ
3197 517 3278 574 Η’.

2227 605 2332 663 Ὣς
2366 602 2394 656 6
2424 607 2538 658 τοῦ
2563 601 2813 682 ξςυρίου
2855 601 3511 682 ἀδελφός-Ἰάκωϐος
3557 607 3669 663 τὸν
3723 609 3912 662 κατα

2561 674 2854 751 Χριστὸν
2892 674 3251 748 διεξῆλθεν
3294 678 3538 754 ἀγῶνα.

2297 780 2456 853 Ἐμοὶ
2503 780 2558 836 δὲ
2607 781 2708 856 ἄρα
2757 781 2981 838 ἐνταῦθα
3040 783 3322 861 γενομένῳ
3376 788 3474 840 τοῦ
3537 783 3741 862 λόγου,
3805 786 3901 840 καὶ

2226 875 2335 925 τῶν
2385 871 2693 948 κορυφαίων
2735 871 3057 928 ἀποστόλων
3101 874 3164 928 τὸ
3225 872 3385 936 τέλος
3437 871 3897 946 διεξεληλυθότι,

2229 956 2532 1013 ἀκόλουθον
2588 959 2718 1014 εἶναι
2777 965 3014 1035 κρίνεται
3072 961 3163 1015 καὶ
3210 965 3317 1015 τῶν
3371 964 3576 1017 λοιπῶν
3649 959 3793 1018 δέκα
3837 963 3898 1017 τὸ

2228 1051 2326 1103 τοῦ
2362 1047 2482 1121 βίου
2513 1049 2678 1123 πέρας
2720 1053 2798 1121 τῷ
2835 1049 3063 1122 παρόντι
3114 1072 3212 1124 μοι
3256 1047 3490 1125 δευτέρῳ
3534 1055 3648 1106 τῶν
3696 1054 3898 1125 τόμων

2231 1133 2550 1210 διαδραμεῖν
2585 1153 2598 1166 ⁸
2642 1137 2688 1191 εἰ
2725 1137 2814 1191 καὶ
2859 1139 2934 1210 μή
2980 1137 3031 1193 ἐν
3073 1137 3173 1211 ἴσῳ
3222 1138 3412 1213 χρόνῳ
3459 1143 3554 1194 τοῦ
3612 1140 3896 1213 μακαρίου

2230 1222 2423 1286 τέλους
2464 1224 2671 1279 τούτων
2711 1223 2936 1290 ἕκαστος
2980 1225 3246 1302 εἷ’ληχενο
3289 1226 3421 1282 ἀλλ’
3447 1226 3505 1282 ’ίν
3547 1229 3896 1284 εὐσύνοπτον

2233 1312 2318 1384 εἴη
2349 1315 2412 1368 τὸ
2465 1314 2818 1389 σύγγραμμα,
2870 1317 3014 1371 οὕτω
3065 1314 3172 1372 δεῖν
3217 1316 3475 1391 ἥγημαι·
3531 1317 3653 1373 εἶτα
3707 1317 3900 1374 διαλαο

2237 1397 2374 1470 δεῖν,
2434 1402 2525 1457 καὶ
2592 1402 2709 1457 ὅσοι
2766 1402 2971 1458 τούτων
3025 1405 3123 1473 τήν
3185 1405 3439 1480 συζυγίαν
3514 1407 3844 1476 ἠσπάσαντο
3881 1425 3894 1439 ⁸

2237 1490 2356 1545 ὅσοι
2410 1513 2468 1546 τε
2523 1491 2787 1569 ἀκραιφνῆ
2850 1495 3254 1569 συγγράμματα
3307 1498 3377 1568 τῇ
3429 1495 3741 1568 Ἐκκλησία
3803 1519 3897 1552 κα-

2233 1579 2556 1644 ταλιπόντες
2624 1582 2889 1658 ἀπῄεσαν,
2956 1583 3044 1638 καὶ
3115 1582 3258 1638 οὕτω
3324 1585 3415 1639 καὶ
3480 1587 3571 1640 τὸν
3645 1585 3902 1660 δεύτερον

2234 1671 2450 1724 τουτονὶ
2501 1672 2674 1744 τόμον
2721 1678 2822 1742 τῆς
2870 1673 3015 1748 ἱερᾶς
3065 1671 3308 1748 ἱστορίας
3358 1670 3707 1750 διαπερᾶναι,
3763 1677 3901 1749 μετὰ

2236 1761 2328 1815 τὸν
2355 1765 2574 1836 πρῶτον
2631 1762 2700 1816 τὰ
2750 1763 2874 1838 περὶ
2918 1765 3162 1836 Χριστοῦ
3210 1763 3384 1818 πάντα
3433 1761 3724 1837 διεξιόντα,
3778 1763 3902 1820 δεό-

475 1859 642 1923 tinet,
674 1856 999 1911 secundum
1038 1855 1190 1908 hunc
1243 1855 1312 1910 de
1369 1853 1673 1910 duodecim
1729 1855 2126 1926 apostolorum

2247 1871 2393 1925 τερον
2449 1855 2644 1907 τοῦτον
2693 1850 2760 1906 τά
2805 1855 2914 1907 τῶν
2957 1849 3166 1909 δώδεκα
3218 1855 3480 1926 μαθητῶν
3523 1856 3615 1910 καὶ
3667 1852 3905 1911 ἀποστό-

476 1944 622 2000 actis
650 1944 1026 2000 absolvemus
1058 1943 1272 1999 librum
1309 1959 1322 1996 :
1355 1943 1618 2013 quamvis
1669 1943 1905 2015 longius
1966 1944 2130 1999 nobis

477 2033 750 2090 instituta
779 2038 1076 2090 excrescat
1120 2031 1381 2088 historia.
1413 2033 1522 2088 Sed
1584 2032 1741 2088 enim
1801 2036 1931 2102 post
1982 2033 2134 2088 Petri

479 2127 538 2179 et
583 2123 747 2180 Pauli
811 2123 1054 2188 obitum,
1110 2120 1331 2188 Jacobi,
1366 2121 1466 2192 qui
1528 2121 1706 2177 frater
1765 2121 1996 2176 Domini
2046 2126 2138 2177 est

479 2212 838 2281 nominatus,
862 2217 918 2267 et
939 2210 1256 2267 Ecclesium
1294 2209 1873 2282 Hierosolymitanam
1912 2210 2136 2281 primus

480 2301 550 2357 ab
582 2301 708 2373 ipso
749 2302 1051 2359 Servatore
1080 2300 1332 2367 Christo,
1365 2315 1468 2354 seu
1499 2299 1590 2369 (ut
1625 2298 1864 2369 quidam
1912 2288 2135 2354 volunt)

477 2391 552 2446 ab
582 2391 724 2462 ipsis
755 2391 931 2447 etiam
975 2393 1174 2461 postea
1231 2387 1510 2460 apostolis
1577 2386 1690 2443 sibi
1754 2387 2135 2443 commissam

477 2479 1010 2536 administrandam
1063 2478 1344 2549 suscepit,
1377 2477 1692 2547 Obliasque
1749 2477 1849 2547 (l),
1883 2475 1994 2532 hoc
2053 2485 2136 2532 est

475 2567 704 2634 Justus,
759 2567 1090 2639 appellatus
1138 2571 1247 2633 est,
1295 2569 1542 2621 mortem
1599 2580 1905 2637 exponam.
1976 2565 2124 2620 I97

478 2657 640 2722 Quod
701 2657 857 2713 enim
908 2657 1075 2712 divus
1120 2656 1334 2712 Paulus
1385 2655 1719 2712 Judaaorum
1777 2655 2002 2724 dolum,
2036 2671 2141 2726 per

476 2749 700 2802 Festum
729 2751 786 2802 et
842 2746 1307 2819 provocationem
1346 2745 1417 2800 ad
1449 2749 1752 2812 Caesarem,
1783 2744 2081 2815 effugisset
2118 2761 2130 2798 :

479 2834 570 2895 illi
598 2853 723 2906 quas
746 2836 805 2891 in
839 2835 1084 2892 Paulum
1119 2839 1350 2891 structis
1407 2851 1524 2890 non
1575 2837 2003 2904 processerant,
2036 2850 2138 2890 eas

478 2924 540 2978 in
562 2924 842 2980 Jacobum
890 2927 1241 2980 convertunt
1284 2922 1549 2978 insidias.
1581 2921 1822 2984 Qualem
1867 2928 2060 2976 autem
2094 2924 2140 2976 is

481 3012 746 3069 habuerit
776 3010 1487 3083 ﬁnem,Hegesippus,qui
1523 3010 1722 3080 primae
1745 3010 2140 3066 successionis

480 3100 875 3172 apostolorum
897 3101 1254 3170 temporibus
1274 3099 1437 3167 vixit,
1461 3099 1519 3152 in
1538 3099 1736 3169 quinto
1767 3097 2138 3154 Commenta-

485 3190 705 3245 riorum
724 3205 963 3246 suorum
981 3189 1124 3245 libro
1139 3190 1211 3244 ad
1225 3188 1379 3243 hunc
1395 3188 1631 3244 modum
1649 3192 1930 3244 recenset:
1953 3189 2140 3244 Susci-

489 3278 778 3349 pitautem
793 3278 1110 3334 Ecclesium
1137 3295 1252 3332 una
1269 3293 1399 3333 cum
1424 3275 1705 3348 apostolis
1728 3275 2139 3332 administran-

485 3368 618 3423 dam
651 3368 822 3423 frater
857 3367 1079 3423 Domini
1112 3368 1385 3435 Jacobus,
1407 3367 1506 3437 qui
1538 3365 1610 3422 ab
1642 3365 1917 3422 omnibus
1933 3366 2140 3423 Justus

489 3457 944 3529 cognominatus
975 3462 1085 3527 est,
1117 3456 1389 3527 abipsius
1409 3455 1639 3512 Domini
1655 3455 1723 3510 ad
1740 3459 1941 3511 nostra
1959 3471 2142 3524 usque

485 3551 778 3618 tempora.
813 3546 1014 3604 Plures
1045 3547 1315 3618 equidem
1347 3545 1456 3601 hoc
1488 3544 1722 3602 nomine
1747 3544 2138 3600 fuereJacohi:

486 3638 586 3693 sed
620 3638 731 3693 iste
760 3653 831 3692 ex
859 3638 989 3709 ipso
1004 3636 1212 3692 matris
1226 3653 1342 3693 sua
1360 3643 1519 3692 utero
1536 3639 1776 3690 sanctus
1793 3634 1895 3688 fuit
1912 3651 1924 3689 :
1941 3634 2140 3690 vinum

486 3726 798 3782 etsiceram
840 3743 954 3782 non
987 3727 1430 3797 bibit,nequede
1448 3722 2142 3795 animanteqquiamco-

493 3816 695 3884 medit,
727 3815 1200 3886 novaculasuper
1228 3820 1403 3886 caput
1417 3816 1544 3885 ejus
1576 3830 1689 3869 non
1715 3811 1999 3880 ascendit,
2018 3811 2143 3868 oleo

497 3911 707 3959 unctus
721 3920 834 3959 non
849 3909 960 3973 est,
977 3904 1182 3961 balneo
1203 3903 1688 3976 quoqueminime
1703 3918 1867 3958 usus.
1883 3901 2026 3956 Huic
2042 3901 2142 3957 uni

495 3991 556 4046 in
597 3998 799 4048 sancta
855 3992 1076 4063 ingredi
1118 3993 1206 4048 fas
1254 3997 1412 4048 erat:
1444 4007 1631 4062 neque
1671 3994 1884 4046 vestem
1917 3989 2142 4046 laneam

495 4079 701 4147 ullam,
735 4081 832 4134 sed
861 4081 1070 4137 lineam
1097 4085 1326 4137 tantum
1360 4080 1647 4150 gestabat.
1683 4079 1854 4134 Solus
1885 4079 2142 4149 quando-

495 4183 606 4240 que
638 4171 695 4224 in
728 4169 1007 4239 templum
1036 4171 1178 4238 ibat,
1212 4171 1408 4242 ibique
1440 4170 1498 4224 in
1539 4183 1724 4240 genua
1771 4168 2145 4237 procumbere

495 4260 554 4313 et
584 4273 686 4328 pro
718 4257 1058 4314 remissione
1098 4261 1469 4329 peccatorum
1520 4255 1718 4328 populi
1767 4271 1933 4311 orare
1989 4271 2141 4312 com-

495 4346 847 4419 periebatur.
880 4348 1074 4403 Genua
1116 4347 1351 4419 quidem
1400 4347 1527 4418 ejus
1568 4344 1773 4402 cameli
1820 4345 2006 4401 instar
2044 4361 2145 4417 per

495 4435 706 4493 callum
745 4435 1153 4504 induruerant,
1205 4441 1512 4509 propterea
1587 4436 1742 4506 quod
1794 4450 2026 4504 semper
2073 4450 2144 4492 ea

493 4525 834 4596 inﬂecteret,
867 4527 1117 4583 adorans
1161 4527 1232 4582 ad
1290 4525 1497 4582 Deum.
1531 4526 1675 4581 Cum
1725 4525 1918 4595 itaque
1979 4524 2144 4580 multi

2249 1938 2358 1995 λων
2411 1937 2860 2016 διαπεραίνοντα·
2891 1941 2987 1996 κᾶν
3019 1943 3109 1996 καὶ
3156 1941 3233 2004 είς
3285 1949 3462 2016 μῆκος
3507 1943 3574 1999 τὰ
3616 1952 3723 2014 τῆς
3757 1968 3902 2021 παρ·

2247 2028 2414 2099 οόσης
2471 2037 2788 2110 συγγραφῆς
2855 2033 3199 2105 προχωρήσῃ
3278 2053 3397 2103 μοι,
3458 2034 3545 2087 καὶ
3609 2031 3682 2102 δή
3763 2035 3902 2106 μετᾶ

2245 2120 2343 2187 τὴν
2404 2118 2608 2194 Πέτρου
2663 2120 2754 2174 καὶ
2822 2119 3041 2175 Παύλου
3105 2119 3387 2175 τελείωσιν
3453 2122 3551 2189 τὴν
3607 2119 3901 2178 Ἵωκὼῧου

2246 2209 2305 2268 ὃς
2366 2206 2601 2285 ἀδελφὸς
2658 2213 2755 2264 τοῦ
2834 2208 3032 2283 Κυρίου
3101 2205 3314 2283 ἐλέγετο
3349 2229 3362 2241 ·
3421 2210 3511 2264 καὶ
3577 2213 3683 2280 τήν
3741 2213 3906 2286 Ἱερο.

2247 2296 2510 2368 σολόμων
2601 2298 2931 2368 Ἐκκλησίαν
3009 2303 3226 2372 πρῶτος
3292 2297 3438 2372 παρά
3517 2303 3613 2352 τοῦ
3700 2306 3901 2370 Σωτῆο

2249 2407 2340 2460 ρος
2403 2391 2636 2459 Χριστοῦ
2695 2385 3066 2462 ἐγκεχείριστο
3103 2409 3116 2422 -
3173 2388 3247 2448 ὡς
3303 2385 3362 2442 δέ
3417 2408 3580 2456 τινες,
3649 2388 3740 2443 καὶ
3802 2411 3902 2443 παι

2249 2479 2316 2550 ρὰ
2378 2480 2489 2529 τῶν
2555 2473 2876 2530 ἀποστόλων
2947 2477 3124 2530 αὐτῶν
3199 2473 3429 2561 ,ὕστερον
3492 2473 3772 2549 (Ὀθλίας
3843 2476 3896 2532 δὲ

2249 2563 2536 2637 ἐκαλεῖτο,
2605 2565 2636 2619 6'
2701 2564 2812 2620 ἐστι
2881 2563 3127 2636 δίκαιος)
3205 2563 3586 2639 διηγήσομαι.
3673 2566 3893 2621 Παύλου

2245 2655 2348 2728 γὰρ
2403 2659 2498 2708 τοῦ
2559 2655 2707 2708 θείου
2744 2656 2862 2722 τὴν
2925 2659 3033 2708 τῶν
3089 2651 3370 2710 ’[οόδαίων
3427 2649 3732 2725 ἐπιϐουλήν
3805 2653 3890 2710 διὰ

2249 2744 2470 2812 Φήστου
2537 2740 2890 2817 ἀποδράντος,
2957 2744 3048 2797 ἅτε
3105 2739 3170 2812 δή
3249 2743 3338 2796 τὸν
3418 2741 3654 2816 Καίσαρα
3707 2743 3890 2799 ἐπικαο

2249 2831 2572 2906 λεσαμένου,
2611 2835 2808 2888 ἓκεῖνοι
2855 2841 2955 2903 τῆς
3006 2829 3306 2906 ἐπιϐουλῆς
3356 2834 3422 2902 ἧν
3456 2833 3646 2907 ἐκείνῳ
3687 2833 3884 2909 ἤρτυον

2249 2921 2586 2990 ἐκπεσόντες,
2647 2922 2734 2977 ἐπὶ
2794 2924 2883 2978 τὸν
2941 2918 3198 2978 Ἰάκωϐον
3257 2925 3571 2997 τρέπονται.
3636 2928 3754 2978 Οίον
3827 2922 3882 2978 δὲ

2248 3013 2399 3084 αὐτῷ
2426 3014 2488 3068 τὸ
2525 3009 2707 3078 τέλος,
2755 3013 3094 3086 Ἡγήσιππος
3145 3011 3197 3066 ἐν
3236 3015 3305 3085 τῇ
3354 3014 3548 3088 πρώτῃ
3587 3019 3683 3068 τῶν
3729 3013 3880 3066 ἄπο-

2251 3098 2459 3153 στόλων
2493 3096 2732 3176 διαδοχῇ
2762 3099 3068 3174 γενόμενος,
3101 3103 3168 3172 τῇ
3199 3101 3418 3174 πέμπτῃ
3462 3107 3572 3155 τῶν
3612 3102 3880 3172 Ὑπομνη-

2254 3189 2437 3262 μάτων
2471 3191 2637 3245 αὐτοῦ
2666 3193 2857 3244 τοῦτον
2893 3191 3103 3264 ἱστορεῖ
3149 3191 3240 3247 τὸν
3288 3193 3513 3264 τρόπον·
3568 3217 3597 3244 α
3633 3188 3883 3265 Διαδέχε-

2249 3299 2336 3332 ται
2369 3277 2425 3333 δὲ
2455 3280 2552 3347 τὴν
2607 3278 2932 3348 Ἐκκλησίαν
2986 3281 3124 3352 μετά
3171 3283 3278 3335 τῶν
3327 3280 3654 3335 ἀποστόλων
3683 3282 3709 3335 6
3735 3279 3882 3335 ἀδελ-

2249 3369 2346 3443 φὸς
2385 3371 2482 3422 τοῦ
2532 3367 2729 3440 Κυρίου
2779 3365 3059 3438 Ἰάκωϐος,
3093 3370 3121 3422 6
3155 3368 3476 3442 ὀνομασθείς
3528 3370 3632 3424 ὑπὸ
3679 3372 3880 3424 πάντων

2250 3458 2465 3518 Δίκαιος
2523 3458 2628 3512 ἀπὸ
2685 3461 2793 3511 τῶν
2847 3462 2944 3512 τοῦ
3013 3457 3210 3530 Κυρίου
3277 3460 3495 3533 χρόνων
3565 3459 3729 3534 μέχρι
3794 3461 3878 3512 καὶ

2249 3549 2410 3619 ἡμῶν
2445 3565 2459 3579 ⁸
2496 3545 2610 3601 ἐπεὶ
2642 3543 2847 3601 πολλοὶ
2880 3543 3132 3601 Ἰάκωϐοι
3172 3547 3489 3603 ἐκαλοῦντο.
3541 3546 3712 3608 Οὗτος
3743 3546 3800 3602 δὲ
3829 3547 3885 3602 ἐκ

2249 3633 2466 3697 κοιλίας
2529 3636 2736 3710 μητρὸς
2786 3633 2949 3690 αὕτοῦ
3000 3632 3158 3710 ἅγιος
3188 3635 3251 3709 ᾖν
3287 3655 3300 3669 '
3355 3639 3503 3692 οἶνον
3552 3638 3642 3691 καὶ
3705 3638 3880 3710 σίκερα

2251 3725 2354 3778 οὐκ
2391 3719 2563 3796 ἔπιεν,
2614 3723 2741 3778 οὐδὲ
2780 3723 3030 3799 ἔμψυχον
3077 3719 3274 3800 ἔφαγεο
3325 3726 3482 3800 ξυρὸς
3531 3725 3619 3780 ἐπὶ
3660 3727 3756 3794 τήν
3805 3747 3882 3779 κε-

2251 3810 2429 3889 φαλὴν
2456 3812 2617 3867 αὐτοῦ
2657 3813 2756 3867 οὐκ
2801 3809 2988 3883 ἀνέϐη.
3031 3813 3254 3869 ’Έλαιον
3304 3815 3406 3869 οὐκ
3451 3814 3738 3888 ἠλείψατο,
3798 3815 3878 3868 καί

2256 3901 2529 3974 βαλανείῳ
2586 3903 2686 3956 οὐκ
2737 3902 3033 3975 ἐχρήσατο.
3087 3901 3273 3974 Τούτῳ
3324 3903 3477 3976 μόνῷ
3542 3904 3661 3974 ἐξῆν
3704 3903 3779 3965 εἷς
3824 3905 3881 3958 τὸ

2254 3989 2378 4064 ἅγια
2409 3987 2650 4046 εἰσιέναι.
2705 3987 2843 4046 Οὐδὲ
2886 3991 2987 4066 γὰρ
3035 3990 3218 4067 ἐρεοῦν
3261 3991 3465 4068 ἐφόρει,
3515 3991 3660 4047 ἀλλά
3710 3989 3881 4046 σινδό-

2251 4097 2361 4140 νας,
2422 4078 2522 4132 Καὶ
2577 4078 2737 4150 μόνος
2779 4078 3071 4154 εἰσήρχετο
3129 4077 3204 4140 εἰς
3246 4079 3335 4133 τὸν
3389 4080 3518 4134 ναόν
3551 4099 3564 4112 ·
3618 4079 3882 4154 εῦρίσκετό

2250 4187 2309 4223 τε
2362 4169 2608 4240 κείμενος
2663 4168 2750 4222 ἐπὶ
2807 4173 2922 4230 τοῖς
2965 4169 3176 4244 γόνασι,
3237 4169 3328 4223 καὶ
3385 4169 3707 4241 αἰτούμενος
3757 4170 3880 4242 ὑπὲρ

2251 4261 2346 4311 τοῦ
2375 4256 2511 4312 λαοῦ
2537 4255 2722 4333 ἄφεσιν
2747 4274 2761 4290 ·
2808 4257 2882 4319 ὼς
2935 4256 3334 4329 ἀπεσκληκέναί
3363 4257 3430 4313 τά
3477 4259 3677 4332 γόνατα
3721 4259 3876 4312 αὐτοῦ

2253 4342 2409 4414 δίκην
2457 4344 2741 4417 καμήλου,
2792 4342 2882 4400 διὰ
2926 4345 2988 4401 τὸ
3037 4345 3120 4400 ἀεὶ
3173 4346 3438 4420 κάμπτειν
3488 4352 3879 4422 προσκυνοῦντα

2252 4435 2331 4506 τῷ
2363 4439 2480 4507 Θεῷ
2511 4432 2743 4490 Πολλῶν
2777 4433 2868 4489 οὖν
2905 4436 3270 4490 πιστευόντων
3301 4435 3394 4491 καὶ
3422 4440 3529 4489 τῶν
3583 4436 3875 4514 ἀρχόντων,

2255 4519 2485 4597 θόρυϐος
2513 4524 2581 4591 ἦν
2631 4529 2738 4579 τῶν
2776 4521 3054 4579 Ἰουδαίων
3085 4524 3174 4578 καὶ
3222 4525 3589 4599 γραμματέων
3636 4526 3725 4580 καὶ
3775 4531 3880 4579 Φα-

493 4615 670 4673 etiam
691 4631 760 4672 ex
771 4615 1136 4688 principibus
1151 4616 1324 4672 ﬁdem
1339 4614 1844 4686 amplecterentur,
1861 4617 1980 4668 tum
1993 4613 2136 4668 ultus

2256 4612 2475 4689 ρισαίων
2519 4611 2792 4688 λεγόντων
2837 4614 2920 4667 δτι
2970 4609 3265 4667 κινδυνεύει
3316 4617 3418 4675 πᾶς
3446 4615 3475 4668 6
3508 4613 3637 4674 λαὸς
3679 4615 3875 4682 Ἰησοῦν

495 4703 820 4762 concitatus
841 4711 928 4761 est
968 4721 1000 4760 a
1045 4705 1286 4772 Judaeis,
1306 4703 1518 4760 scribis
1545 4711 1599 4760 et
1649 4701 1960 4759 Phariseis
1997 4718 2009 4756 :
2044 4703 2143 4773 qui

495 4810 562 4850 eo
613 4793 852 4864 periculi
903 4811 1024 4851 rem
1089 4794 1395 4851 devenisse
1451 4794 1742 4863 dicebant,
1790 4796 1857 4848 ut
1896 4791 2145 4863 populus

495 4883 688 4938 omnis
719 4882 916 4939 Jesum
945 4899 1047 4956 pro
1085 4886 1416 4955 exspectato
1463 4882 1563 4938 illo
1611 4882 1837 4938 Christo
1887 4879 2141 4936 haberet.

495 4973 702 5040 Quare,
735 4973 804 5028 ad
833 4973 1115 5029 Jacobum
1147 4970 1916 5042 convenientes,inquiunt:
1938 4968 2148 5025 Cohor-

493 5063 691 5116 tamur
721 5067 793 5128 te,
820 5066 882 5117 ut
909 5063 1185 5120 cohibeas
1218 5061 1521 5135 populum,
1556 5062 1655 5133 qui
1705 5060 1776 5115 de
1819 5060 1960 5116 Jesu
2021 5058 2145 5128 ipso

497 5151 774 5208 seductus
803 5157 911 5220 est,
941 5151 1234 5208 Christum
1277 5168 1408 5208 eum
1452 5167 1582 5207 esse
1611 5149 1977 5207 existimans.
2010 5145 2146 5203 Dis-

498 5241 699 5309 suade,
750 5256 1102 5313 qumsumus,
1145 5243 1217 5298 iis
1267 5241 1367 5314 qui
1407 5243 1476 5298 ad
1530 5241 1685 5298 diem
1743 5239 1978 5295 Paschas
2031 5236 2147 5293 huc

495 5346 724 5398 venere,
765 5330 1096 5402 opinionem
1147 5336 1203 5387 et
1247 5333 1420 5388 fidem
1479 5333 1550 5388 de
1603 5331 1768 5388 Jesu.
1821 5328 1952 5385 Tibi
1987 5327 2145 5382 enim

499 5434 774 5488 paremus
825 5437 1045 5491 omnes,
1086 5426 1143 5478 et
1189 5438 1323 5477 cum
1364 5420 1573 5494 populo
1613 5420 1883 5476 universo
1940 5415 2148 5472 testiﬁ-

500 5522 706 5567 camur
728 5511 1025 5580 tejustum
1057 5527 1408 5583 esse,usque
1439 5526 1824 5582 personarum
1859 5506 2144 5563 rationem

2251 4701 2344 4756 τὸν
2373 4702 2600 4774 Χριστὸν
2644 4698 2975 4775 προσδοκᾷν.
3024 4699 3252 4774 Ἔλεγον
3299 4700 3390 4756 οῦν
3440 4701 3782 4763 συνελθόντες
3809 4704 3877 4768 τῷ

2253 4785 2537 4863 Ἰακώϐῳ·
2584 4788 3013 4866 Παρακαλοῦμέν
3055 4811 3132 4862 σε,
3182 4788 3403 4865 ἐπίσχες
3450 4791 3543 4846 τὸν
3574 4791 3725 4861 λαὸν,
3774 4787 3876 4844 ἐπεὶ

2254 4877 2533 4950 ἐπλανήθη
2568 4878 2643 4942 εἷς
2677 4881 2909 4950 Ἰησοῦν,
2941 4880 3017 4942 ὡς
3055 4878 3220 4934 αὐτοῦ
3267 4878 3420 4942 ὄντος
3471 4884 3567 4936 τοῦ
3613 4882 3874 4955 Χριστοῦ·

2254 4967 2680 5044 παρακαλοῦμέν
2718 4989 2777 5023 σε
2805 4973 2984 5023 πεῖσαι
3022 4967 3149 5030 τοὺς
3193 4968 3451 5030 ἐλθόντας
3498 4969 3574 5031 είς
3624 4969 3722 5038 τὴν
3754 4967 3878 5040 ἡμέ-

2257 5077 2352 5133 ραν
2382 5061 2478 5112 τοῦ
2510 5060 2704 5131 Πάσχα
2751 5058 2872 5131 περὶ
2925 5058 3107 5128 Ἰησοῦ
3133 5077 3146 5092 ·
3203 5059 3288 5112 σοὶ
3333 5059 3436 5132 γὰρ
3478 5059 3672 5121 πάντες
3711 5055 3879 5112 πειθό-

2259 5148 2394 5220 μεθα
2421 5167 2433 5179 ·
2476 5147 2638 5219 ἡμεῖς
2677 5145 2780 5221 γὰρ
2825 5146 3203 5222 μαρτυροῦμέ-
3253 5167 3339 5201 σοι
3399 5147 3488 5201 καὶ
3533 5151 3637 5210 πᾶς
3680 5147 3708 5201 ὁ
3739 5145 3876 5211 λαὸς,

2255 5233 2340 5289 ὅτι
2373 5229 2580 5293 δίκαιος
2633 5232 2696 5302 εἶ,
2727 5231 2816 5285 καὶ
2864 5232 3160 5305 πρόσωπον
3209 5230 3272 5286 οῦ
3325 5228 3643 5303 λαμϐάνεις.
3702 5236 3874 5286 Πεῖσον

2257 5321 2348 5378 οῦν
2383 5321 2445 5375 σὺ
2473 5320 2564 5376 τὸν
2598 5319 2771 5395 ὄχλον
2799 5321 2920 5396 περὶ
2950 5322 3130 5390 Ἰησοῦ
3163 5323 3239 5393 μή
3272 5320 3579 5375 πλανᾶσθαί
3607 5341 3620 5354 ·
3669 5322 3756 5375 καὶ
3787 5320 3877 5394 γὰρ

2255 5416 2357 5471 πᾶς
2389 5410 2416 5463 ὁ
2449 5409 2581 5472 λαὸς
2623 5409 2710 5463 καὶ
2742 5411 2933 5470 πάντες
2978 5408 3270 5476 πειθόμεθά
3319 5429 3421 5463 σοι.
3466 5411 3634 5479 Στῆθι
3681 5408 3772 5464 οὖν
3801 5406 3873 5461 ἐπὶ

2255 5501 2317 5554 τὸ
2373 5499 2663 5570 πτερύλιον
2720 5499 2816 5554 τοῦ
2862 5499 3031 5572 ἱεροῦ,
3093 5497 3182 5552 ἴνα
3228 5495 3428 5552 ἄνωθεν
3490 5500 3556 5570 ἧς
3606 5496 3878 5574 ἐπιφανὴς,

575 5688 658 5762 (1)
688 5687 884 5746 Dictus
913 5693 1088 5748 etiam
1119 5693 1336 5762 Oblias,
1369 5693 1478 5750 hoc
1513 5701 1595 5750 est
1626 5691 2053 5749 munimentum
2084 5677 2284 5756 populi
2310 5683 2366 5735 et
2387 5678 2640 5750 justitia.
