4070 6274
241 386 368 448 857
1262 393 1888 458 ECCLESIASTlC/E
1935 401 2320 463 HISTORIAE
2364 400 2509 461 LIB.
2561 399 2634 460 Il.
3546 397 3668 457 858

244 519 340 574 καὶ
373 520 409 594 ᾖ
468 519 762 576 εὐάκουστά
809 543 904 577 σου
947 525 1014 578 τὰ
1058 524 1275 600 ῥήματα
1313 527 1466 583 παντὶ
1502 533 1580 600 τῷ
1628 530 1765 602 λαῷ.
1799 520 1894 586 Διὰ

292 611 304 626 ε
439 612 453 626 ‘
514 616 553 630 π
576 609 587 630 θ
882 612 901 630 Χ
963 613 982 630 λ
1013 614 1060 630 In
1270 619 1282 630 ο
1383 624 1406 630 μ
1626 617 1644 630 λ
1702 622 1713 630 ι
1871 621 1882 630 ι

2022 537 2238 594 labere.
2300 535 2590 592 Persuade
2659 549 2796 605 ergo
2846 530 3233 598 multitudini,
3286 546 3358 586 ne
3410 532 3480 587 de
3518 532 3663 588 Jesu

243 612 351 686 γὰρ
401 612 463 664 τὸ
514 612 704 686 Πάσχα
756 612 1185 683 συνεληλύθασιν
1237 619 1289 671 οἱ
1337 624 1501 674 πᾶσαι
1551 617 1717 698 φυλαὶ
1762 621 1895 694 μετὰ

283 703 313 714 ..
410 698 460 716 ,Δ
498 704 526 714 ..
635 704 700 716 ...-
991 703 1016 716 ν
1135 706 1148 716 .
1498 708 1508 716 .

2022 631 2174 683 ιινιιθι.
2206 627 2463 683 Cunctus
2511 625 2667 680 enim
2726 622 2978 696 populus
3039 626 3096 678 et
3147 637 3350 678 omnes
3411 639 3515 677 nos
3556 616 3662 677 tibi

242 703 355 754 τῶν
404 702 590 757 ἐθνῶν.
635 704 905 773 ’Ἐστησαν
955 703 1050 758 οὖν
1103 706 1154 759 οἱ
1206 708 1598 782 προειρημένοι
1629 731 1893 785 γραμμα-

308 793 332 805 ..
488 789 502 806 ς
561 797 579 806 -
761 796 784 806 -
938 791 952 806 ς
1047 793 1117 806 .-.
1213 791 1241 806 ι,
1367 796 1380 806 .
1435 797 1447 806 .
1538 800 1549 806 -
1754 800 1763 806 .

2022 716 2492 787 ὡιοηιροιιαωυε.
2523 713 2786 770 Consiste
2817 712 2996 784 igitur
3028 711 3085 766 in
3106 710 3660 782 templipinnaculo,

241 793 358 850 τεῖς
414 791 504 842 καὶ
546 796 836 864 Φαρισαῖοι
899 791 990 846 τὸν
1047 791 1304 850 Ἰάκωϐον
1364 796 1450 852 ἐπὶ
1499 800 1560 853 τὸ
1600 800 1892 875 πτερύγιον

315 882 345 894 ..
502 884 528 894 η
728 882 741 896 .
795 879 818 896 ς.
931 883 950 896 ..
1110 885 1122 896 .
1170 889 1198 896 _
1357 888 1368 896 .
1449 891 1464 896 _
1742 891 1750 896 .

2022 806 2066 858 ιι
2097 819 2228 858 cum
2261 819 2329 858 ex
2359 801 2659 874 superiore
2688 801 2811 856 loco
2842 799 3116 856 omnibus
3159 798 3241 854 sis
3273 799 3660 868 conspicuus,-

243 882 349 933 τοῦ
403 884 532 934 ναοῦ
583 898 595 912 ·
655 882 744 934 καὶ
793 879 1018 957 ἔκραξαν
1065 885 1230 956 αὐτῷ,
1283 888 1371 941 καὶ
1420 891 1572 944 εἷπον
1616 907 1629 921 ⁸
1683 891 1892 957 Δίκαιε,

2022 909 2127 948 .um
2171 893 2348 948 verba
2379 896 2474 948 tua
2509 892 2579 947 ab
2611 890 2767 947 omni
2816 888 3202 945 exaudiantur
3257 886 3656 944 multitudine.

2006 983 2245 1053 Propter
2290 985 2504 1040 festum
2564 981 2717 1037 enim
2754 979 2986 1036 Pascha?
3020 981 3417 1034 convenerunt
3474 977 3662 1033 tribus

2002 1090 2207 1130 omnes
2267 1091 2385 1129 una
2437 1089 2571 1128 cum
2617 1071 2907 1143 gentibus.
2931 1071 3274 1126 Statuerunt
3320 1068 3518 1139 igitur,
3560 1068 3660 1138 qui

2003 1163 2140 1218 dicti
2174 1167 2314 1219 sunt
2343 1163 2555 1218 Scriba:
2591 1158 3253 1226 etPharisaei,Jacobum
3283 1157 3342 1211 in
3376 1157 3662 1226 pinnacu-

1683 891 1871 956 Δίκαιε

801 935 1007 957 στέγη
1069 935 1230 956 ποτ,
1285 935 1371 941 --ω
1683 935 1871 956 Hm-.-

247 968 340 1023 σοὶ
391 970 580 1031 πάντες
636 972 912 1026 πείθεσθαι
951 971 1244 1049 ὀφείλομεν
1292 995 1302 1004 ·
1365 977 1454 1030 καὶ
1509 976 1623 1033 ἐπεὶ
1682 982 1709 1034 6
1763 935 1893 1040 λαὸέ

247 1057 521 1112 πλανᾶται
571 1059 749 1114 ὀπίσω
799 1062 978 1132 Ἰησοῦ
1052 1068 1149 1118 τοῦ
1225 1066 1646 1140 σταυρωθέντος,
1718 1067 1892 1144 ἀπέγ-

249 1146 440 1220 γειλον
490 1149 624 1220 ἡμῖν
669 1148 751 1210 τίς
803 1151 836 1218 ἡ
888 1150 1020 1225 θύρα
1065 1157 1161 1207 τοῦ
1203 1154 1404 1224 Ἰησοῦ.
1442 1156 1536 1210 Καὶ
1569 1157 1892 1231 ἀπεκρίνατο

247 1240 410 1310 φωνῇ
471 1235 690 1311 μεγάλῃ
746 1257 759 1269 '
811 1240 875 1295 Τί
943 1261 1009 1309 με
1051 1241 1353 1317 ἐπερωτᾶτε
1397 1246 1519 1318 περὶ
1569 1247 1749 1316 Ἰησοῦ
1797 1252 1893 1301 τοῦ

247 1327 375 1378 υἱοῦ
405 1329 502 1379 τοῦ
535 1326 821 1400 ἀνθρώπου
851 1350 866 1398 ;
904 1331 1004 1384 Καὶ
1041 1331 1198 1393 αὐτὸς
1230 1335 1459 1404 κάθηται
1492 1335 1542 1389 ἐν
1571 1339 1651 1407 τῷ
1682 1337 1892 1410 οὐρανῷ

249 1413 314 1469 ἐκ
355 1411 543 1484 δεξιῶν
573 1417 674 1483 τῆς
716 1417 958 1492 μεγάλης
991 1417 1308 1493 δυνάμεως·
1359 1423 1445 1478 καὶ
1499 1424 1689 1496 μέλλει
1743 1424 1895 1501 ἔρχε-

249 1502 374 1556 σθαι
407 1503 492 1556 ἐπὶ
524 1508 629 1556 τῶν
663 1504 901 1582 νεφελῶν
933 1511 1028 1562 τοῦ
1069 1508 1321 1583 ούρανοῦ.
1359 1513 1451 1566 Καὶ
1484 1513 1710 1569 πολλῶν
1749 1515 1894 1584 πλη-

248 1590 664 1676 ροφορηθέντων
713 1594 799 1648 καὶ
844 1593 1173 1666 δοξαζόντων
1221 1597 1307 1653 ἐπὶ
1355 1606 1425 1673 τῇ
1482 1601 1750 1676 μαρτυρίᾳ
1798 1608 1895 1659 τοῦ

249 1675 547 1750 Ἰακώϐου,
604 1681 692 1736 καὶ
752 1682 1048 1760 λεγόντων,
1106 1690 1332 1743 Ὡσαννὰ
1386 1689 1464 1762 τῷ
1511 1675 1614 1762 υίῴ
1663 1675 1893 1747 γΔαϐιδο

246 1769 376 1823 τότε
419 1769 582 1825 πάλιν
631 1771 684 1826 οἷ
731 1774 884 1828 αὐτοὶ
933 1788 1274 1852 γραμματεῖς
1323 1783 1410 1836 καὶ
1443 1788 1729 1855 Φαρισαῖοι
1761 1783 1895 1857 πρὸς

250 1857 548 1928 ἀλλήλους
585 1860 772 1938 ἔλεγον
808 1882 820 1895 ⁶

249 1946 443 2021 τυρίρν
502 1953 875 2025 παρασχόντες
950 1957 1028 2027 τῷ
1091 1959 1291 2028 Ἰησοῦ.
1348 1959 1501 2018 Ἀλλ’
1587 1946 1895 2031 ἀναϐάντες,

249 2033 653 2111 καταϐάλωμεν
706 2039 890 2112 αὐτὸν,
936 2041 1024 2098 ’ίνα
1071 2043 1420 2123 φοϐηθέντες,
1469 2053 1544 2122 μὴ
1604 2052 1898 2106 πιστεύσω-

252 2145 338 2178 σιν
366 2125 534 2198 αύτῷ.
578 2128 673 2182 Καὶ
705 2127 924 2203 ἔκραξαν
959 2131 1210 2209 λέγοντες
1245 2155 1257 2168 ·
1310 2140 1369 2192 Ὠ
1400 2137 1464 2207 ὣ,
1497 2141 1586 2194 καί
1619 2142 1647 2195 6
1679 2141 1896 2202 Δίκαιος

252 2212 541 2284 ἐπλανήθη
579 2235 590 2248 ⁸
635 2218 726 2271 καί
783 2216 1092 2292 ἀναϐάντες,
1137 2221 1476 2282 κατέϐαλλον
1524 2230 1613 2283 τὸν
1661 2229 1900 2298 Δίκαιον,

253 2303 346 2394 καὶ
381 2298 570 2378 ἔλεγον
604 2304 900 2377 ἀλλήλοις,
937 2311 1252 2386 Λιθάσιυμεν
1289 2315 1444 2371 αὐτόν
1478 2335 1491 2347 ·
1533 2318 1619 2372 καὶ
1667 2318 1900 2394 ἤρξαντο

253 2389 525 2460 λιθάζειν.
563 2395 730 2478 ,Ἐπεὶ
786 2394 842 2452 δὲ
899 2396 1261 2472 καταϐληθεὶς
1307 2405 1405 2459 οὐκ
1445 2389 1724 2478 ἀπέθανεν,
1759 2407 1902 2464 ἀλλὰ

255 2482 516 2554 στραφεὶς
541 2477 702 2554 ἔθηκε
750 2487 815 2540 τὰ
841 2488 1035 2562 γόνατα
1083 2489 1255 2568 λέγων
1295 2511 1308 2524 ⁸
1361 2495 1763 2569 Παραπαλῶ,
1796 2497 1905 2552 Κύ-

258 2589 361 2643 ριε
393 2572 506 2625 Θεέ
548 2572 776 2649 Πάτερ,
826 2575 982 2654 ἄφες
1029 2580 1292 2644 αὐτοῖς’
1328 2583 1397 2638 οὐ
1444 2586 1564 2660 γὰρ
1592 2584 1811 2641 οἷ’δασι
1842 2587 1901 2641 τί

258 2664 572 2714 ποιοῦσιν
616 2679 629 2692 ·
681 2663 824 2718 οὕτω
864 2666 1446 2727 καταλιθοϐολούντων
1478 2672 1659 2744 αὐτὸν,
1694 2678 1765 2738 εἷς
1797 2681 1906 2732 τῶν

262 2746 452 2837 ίερέων
498 2755 605 2805 τῶν
661 2754 793 2806 υἱῶν
833 2753 1048 2834 Ῥηχὰϐ
1110 2763 1216 2814 τῶν
1292 2765 1750 2837 μαρτυρουμένων
1803 2766 1906 2821 ὑπὸ

262 2836 534 2928 Ἰερεμίου
579 2844 674 2894 τοῦ
723 2847 1036 2918 προφήτου,
1086 2845 1273 2922 ἔκραζε
1313 2836 1491 2928 λέγων
1525 2872 1536 2882 ·
1586 2854 1858 2910 Παύσασθε
1891 2876 1904 2888 '

264 2925 320 3011 τί
350 2933 580 2991 ποιεῖτες
612 2948 624 2997 ;
656 2929 887 3008 Εὕχεται
921 2936 1053 3011 ὑπὲρ
1084 2939 1244 3010 ἡμῶν
1291 2943 1319 2995 6
1369 2925 1610 3005 Ᾰίκαιος.
1664 2944 1765 3001 Καὶ
1810 2944 1908 3000 λα-

265 3009 381 3069 ϐών
430 3037 511 3079 τις
559 3023 664 3073 τῶν
711 3022 949 3100 κναφέων
979 3028 1041 3080 τὸ
1090 3027 1252 3097 ξύλον
1304 3031 1349 3102 ᾧ
1398 3029 1573 3101 ἐπίεζε
1599 3033 1666 3088 τὰ
1696 3035 1906 3106 ἱμάτια,

262 3107 462 3180 ἤνεγκε
510 3111 644 3164 κατὰ
702 3119 801 3181 τῆς
850 3115 1090 3190 κεφαλῆς
1145 3123 1241 3172 τοῦ
1308 3117 1539 3176 δικαίου.
1597 3124 1692 3177 Καὶ
1737 3123 1910 3186 οὕτως

265 3195 667 3286 ἐμαρτύρησεν,
698 3197 802 3256 ἔτει
851 3199 1073 3279 ἑϐδόμῳ
1120 3214 1220 3276 τῆς
1261 3209 1439 3284 ἀρχῆς
1488 3211 1735 3286 Νέρωνος
1767 3231 1778 3244 ·
1822 3215 1910 3268 καὶ

2003 1252 2122 1308 lum
2180 1251 2403 1322 templi,
2460 1255 2518 1306 et
2562 1249 2852 1305 vociferati
2915 1252 3056 1304 sunt
3113 1246 3372 1302 dicentes
3405 1245 3492 1299 :O
3549 1245 3662 1300 Ju—

2006 1345 2116 1410 ste,
2151 1341 2255 1396 tibi
2284 1355 2489 1395 omnes
2520 1340 2922 1409 obtemperare
2951 1337 3234 1392 debemus
3268 1351 3281 1390 :
3315 1338 3371 1389 et
3403 1334 3663 1404 quando-

2006 1431 2243 1502 quidem
2278 1429 2532 1501 pOpulus
2555 1427 2668 1482 ﬁde
2698 1428 2886 1483 suade
2904 1427 3039 1482 Jesu
3072 1425 3348 1481 cruciﬁxo
3380 1424 3660 1480 seductus

2006 1525 2184 1587 errat,
2216 1519 2504 1576 annuntia
2530 1517 2716 1584 nobis,
2753 1517 2904 1588 quod
2939 1516 2987 1572 si
3044 1516 3182 1571 Jesu
3239 1513 3476 1570 ostium.
3510 1512 3663 1567 198

2008 1609 2108 1666 Ille
2131 1625 2262 1664 vero
2290 1624 2428 1664 voce
2459 1623 2674 1678 magna
2715 1605 3052 1676 respondit:
3082 1604 3229 1667 Quid
3273 1617 3364 1658 me
3413 1603 3483 1656 de
3529 1603 3663 1657 Jesu

2010 1699 2149 1755 Filio
2181 1698 2435 1755 hominis
2463 1696 2830 1765 interrogatis
2851 1696 2878 1752 ‘I
2911 1697 3034 1766 Ipse
3064 1695 3223 1750 sedet
3276 1693 3335 1748 in
3378 1691 3560 1758 caelis,
3591 1693 3663 1747 ad

2006 1789 2269 1844 dextram
2301 1802 2522 1857 magna:
2556 1785 2786 1841 virtutis
2815 1788 2872 1839 et
2915 1783 3241 1855 potestatis,
3271 1785 3668 1850 venturusque

880 1873 1067 1928 Κακῶς
1100 1867 1428 1943 ἐποιήσαμεν
1471 1875 1725 1941 τοιαύτην
1761 1894 1895 1947 μαρ-

2022 1881 2095 1932 ist
2132 1876 2192 1931 in
2225 1873 2647 1932 nubibuscmli.
2685 1874 2792 1942 lbi,
2827 1888 2960 1928 cum
2995 1871 3192 1927 multis
3215 1871 3284 1926 de
3309 1868 3661 1926 certaindu-

2013 1967 2310 2036 bitataque
2342 1965 2455 2020 fide
2484 1963 2848 2019 satisfactum
2889 1967 3064 2028 esset,
3106 1960 3508 2032 gloriabantur
3547 1957 3666 2012 laeti

2006 2057 2075 2111 de
2094 2053 2292 2110 Jacobi
2327 2053 2677 2117 testimonio,
2713 2056 2766 2106 et
2798 2051 3088 2116 dicebant,
3123 2050 3358 2105 Osanna
3390 2046 3506 2102 filio
3556 2046 3641 2100 Da

2007 2143 2120 2198 vid.
2154 2142 2368 2198 Scriba;
2391 2145 2586 2196 autem
2621 2140 2733 2211 ipsi
2765 2144 2821 2194 et
2869 2138 3140 2194 Pharisaei
3185 2138 3337 2194 inter
3375 2153 3437 2192 se
3489 2135 3664 2191 dice-

2009 2231 2174 2288 bant:
2208 2230 2355 2287 Male
2385 2229 2768 2300 fecimus,qui
2793 2232 3015 2283 tantum
3050 2227 3190 2282 Jesu
3215 2224 3660 2296 procuravimus

2010 2321 2430 2378 testimonium.
2457 2321 2673 2374 Verum
2688 2334 2788 2388 age
2803 2317 3212 2383 ascendamus,
3231 2321 3284 2371 et
3315 2313 3660 2384 dejiciamus

2010 2429 2169 2477 eum,
2213 2414 2278 2465 ut
2333 2407 2586 2481 populus
2643 2406 2992 2464 conterritus
3042 2421 3156 2461 non
3207 2404 3406 2459 credat
3459 2402 3530 2457 ei.
3589 2402 3667 2455 Et

2013 2499 2190 2558 simul
2239 2497 2635 2555 exclamarunt
2665 2497 2924 2553 dicentes
2958 2511 2970 2549 :
2999 2495 3065 2560 Ο,
3097 2511 3152 2561 o,
3183 2496 3239 2550 et
3267 2495 3471 2548 Justus
3527 2491 3653 2562 ipse

2013 2606 2116 2665 per
2142 2604 2392 2646 errorem
2415 2588 2693 2644 seductus
2714 2590 2820 2643 est.
2848 2586 3049 2656 Itaque
3064 2581 3656 2655 pinnaculumascen-

2012 2682 2235 2750 dentes,
2293 2679 2524 2734 Justum
2575 2677 2766 2748 ipsum
2824 2674 3452 2744 pessumdederunt,et
3507 2669 3657 2725 alius

2015 2771 2086 2828 ad
2121 2768 2309 2822 illium
2350 2766 2516 2821 dixit.
2548 2765 2874 2820 Obruamus
2905 2779 3034 2819 eum
3069 2761 3399 2833 lapidibus:
3433 2763 3492 2814 et
3519 2759 3664 2813 ince-

2018 2860 2227 2930 perunt
2255 2871 2386 2910 eum
2420 2855 2696 2925 lapidare.
2730 2854 2868 2908 Cum
2908 2859 3100 2909 autem
3141 2849 3400 2920 dejectus
3427 2847 3486 2902 in
3522 2862 3664 2917 prae-

2017 2961 2152 3018 ceps
2184 2945 2444 3001 nondum
2471 2948 2736 2999 mortuus
2779 2946 2950 3007 esset,
2984 2941 3081 2996 sed
3127 2954 3441 2998 conversus
3475 2951 3668 3006 genua

2019 3035 2329 3109 posuisset,
2362 3034 2560 3089 dicens
2594 3033 2880 3088 :Obsecro
2911 3037 2984 3098 te,
3017 3030 3257 3086 Domine
3299 3027 3451 3082 Deus
3503 3026 3665 3079 Pater

2023 3125 2248 3182 remitte
2296 3123 2463 3194 ipsis,
2498 3122 2766 3178 nesciunt
2822 3121 2976 3175 enim
3037 3119 3174 3190 quid
3230 3117 3494 3172 faciunt:
3556 3115 3662 3177 sic,

2021 3215 2282 3283 inquam,
2315 3228 2448 3267 cum
2480 3211 2704 3282 lapides
2744 3210 2800 3264 in
2839 3226 2971 3264 eum
3033 3208 3292 3264 obterere
3342 3205 3665 3276 pergerent,

268 3282 470 3373 ἔθαψαν
533 3289 690 3344 αὐτόν
751 3291 838 3346 ἐπὶ
895 3299 975 3366 τῷ
1027 3297 1181 3370 τόπῳ
1231 3299 1375 3373 παρὰ
1419 3305 1498 3372 τῷ
1529 3306 1638 3373 ναῷ
1666 3346 1676 3356 .
1711 3305 1798 3356 καὶ
1830 3298 1910 3359 ἔτι

2025 3282 2177 3358 unus
2216 3318 2284 3358 ex
2316 3300 2716 3356 sacerdotibus
2749 3299 2884 3354 ﬁliis
2917 3297 3168 3363 Rechab,
3206 3297 3274 3351 de
3313 3292 3528 3365 quibus
3584 3295 3666 3346 te-

269 3372 407 3444 αὕτη
462 3378 496 3444 ἡ
548 3378 723 3448 στήλη
781 3379 924 3452 μένει
976 3382 1104 3438 ἐκεῖ.
1147 3409 1170 3434 ι)
1225 3372 1440 3461 Μάρτυς
1484 3372 1644 3451 οὗτος
1704 3392 1918 3460 ἀληθὴς

271 3461 564 3548 Ἰουδαίοις
612 3488 669 3522 τε
709 3471 797 3524 καὶ
850 3470 1088 3542 Ἕλλησι
1136 3473 1439 3548 γεγένηται,
1496 3477 1578 3532 ὅτι
1632 3481 1844 3548 Ἰησοῦς
1894 3480 1921 3534 ό

273 3547 518 3625 Χριστός
567 3553 700 3612 ἐστι.
739 3560 834 3614 Καὶ
885 3559 1042 3623 εὐθὺς
1094 3564 1128 3630 ἡ
1161 3561 1458 3639 πολιόρκία
1496 3571 1610 3627 τοῖς
1641 3547 1923 3628 Ἰουδαίοις

272 3640 457 3728 ἀρᾉήν
504 3640 822 3715 ἐλάμϐανεν.
867 3647 1024 3704 Οὕτω
1074 3648 1132 3705 δέ
1185 3673 1266 3713 τις
1305 3652 1370 3721 ἦν
1424 3655 1720 3728 θαυμασιος
1767 3657 1793 3710 6
1825 3657 1925 3712 Ἱοὶ-

276 3725 463 3792 κωϐος
511 3733 602 3786 καὶ
651 3732 740 3788 ἐπὶ
793 3733 1104 3814 δικαιοσύνῃ
1167 3736 1482 3811 διαϐόητος,
1530 3725 1612 3806 Ἵὼς
1669 3746 1757 3799 καὶ
1798 3747 1924 3808 τοὺς

277 3817 410 3890 παρ’
456 3816 742 3883 Ἰουδαίοις
791 3818 1066 3902 ἔμφρονας
1114 3828 1314 3898 ταύτην
1347 3827 1715 3906 ἀνομολογεῖν
1749 3831 1923 3887 αἶ’τίαν

278 3911 384 3974 τῆς
434 3906 757 3982 πολιορκίας
807 3912 1006 3982 αὐτῶν,
1054 3917 1115 3969 τὸ
1165 3919 1281 3971 κατ’
1332 3917 1494 3972 αὐτοῦ
1544 3918 1670 3993 ἄγος
1705 3940 1717 3952 ·
1752 3921 1825 3983 ὡς
1858 3919 1925 3990 δή

280 3994 590 4084 καὶᾲαύτὸς
661 4000 928 4070 Ἰώσηπος
999 4002 1284 4084 ἐγγράφως
1342 4004 1763 4084 διαμαρτύρεται
1822 4008 1930 4066 ὧδέ

685 4111 708 4142 α
744 4093 921 4146 Ταῦτα
973 4090 1030 4147 δὲ
1088 4090 1428 4167 συμϐέϐηκεν
1484 4095 1767 4161 Ἰουδαίοις
1814 4102 1931 4154 κατ’

281 4104 362 4152 πη
397 4082 572 4160 λέγων
617 4103 630 4118 ⁸

282 4169 578 4266 ἐκδίκησιν,
597 4174 857 4234 Ἰακώϐου
888 4185 984 4236 τοῦ
1019 4179 1230 4238 δικαίου
1262 4204 1274 4217 ·
1328 4185 1388 4247 ὃς
1437 4187 1503 4255 ἦν
1552 4183 1786 4266 ἀδελφὸς
1811 4191 1930 4258 Ἰη-

283 4264 532 4368 σοῐὶὶτοῐξ¹
564 4261 867 4340 λεγομένου
917 4273 1152 4344 Χριστοῦ
1185 4292 1198 4304 ·
1247 4271 1540 4348 ἐπειδήπερ
1590 4261 1928 4333 δικαιότατον

282 4356 448 4405 ηὑτὸν
505 4356 628 4407 ὄντα
686 4357 737 4410 οἱ
787 4356 1040 4414 Ἰουδαῖοι
1099 4361 1428 4420 ἀπέκτειναν.

1469 4389 1494 4412 η
1550 4365 1650 4419 Ναὶ
1703 4368 1811 4439 μὴν
1842 4368 1931 4421 καὶ

283 4439 338 4494 έν
371 4443 450 4511 τῷ
506 4441 732 4517 εἰκοστῷ
780 4454 881 4516 τῆς
913 4449 1411 4527 Ἀρχαιλογίας
1460 4455 1546 4508 καὶ
1586 4456 1676 4509 τὸν
1707 4455 1932 4510 θάνατον

282 4528 454 4585 αὒτοῦ
503 4528 592 4587 διὰ
629 4535 808 4590 τούτω
859 4535 1027 4607 δηλοῖ
1059 4559 1070 4572 ·
1119 4565 1145 4593 ι(
1186 4542 1391 4616 Πέμπει
1425 4542 1481 4598 δὲ
1513 4550 1709 4617 Καῖσαρ
1740 4542 1933 4602 ’Δλϐἶ-

2025 3392 2311 3448 stiﬁcatus
2333 3394 2421 3445 est
2466 3389 2739 3460 propheta
2786 3386 3089 3450 Jeremias,
3121 3385 3453 3440 exclamans
3479 3378 3668 3436 :Desi-

2025 3477 2406 3548 stite,inquit,
2426 3478 2565 3548 quid
2600 3477 2788 3534 facitis
2809 3475 2836 3530 τ
2865 3475 3205 3545 Justusipse
3219 3489 3317 3542 pro
3339 3470 3499 3526 vobis
3523 3470 3668 3523 orat.

2030 3569 2096 3624 Et
2122 3567 2412 3623 fullonum
2443 3567 2701 3637 quidam,
2727 3565 2886 3635 ligno
2918 3580 3032 3634 quo
3057 3564 3243 3616 vestes
3265 3555 3674 3629 complanabat

2027 3659 2276 3727 arrepto,
2319 3660 2489 3725 caput
2553 3654 2704 3710 Justi
2756 3650 3154 3707 comminuit:
3207 3651 3380 3718 atque
3436 3643 3532 3699 ille
3588 3642 3670 3697 ita

2030 3742 2306 3814 martyrio
2337 3747 2425 3798 est
2455 3743 2764 3799 defunctus
2822 3740 2917 3809 (1),
2951 3755 3103 3794 anno
3134 3736 3385 3808 septimo
3443 3729 3674 3802 imperii

2028 3832 2298 3902 Neronis;
2323 3837 2380 3887 et
2410 3831 2671 3901 sepultus
2703 3833 2792 3884 est
2823 3829 2880 3883 in
2916 3829 3038 3883 loco
3063 3826 3317 3898 quodam
3339 3824 3506 3894 juxta
3536 3829 3676 3875 tem-

2031 3925 2214 3997 plum,
2243 3927 2302 3979 et
2343 3920 2651 3979 columella
2703 3921 2830 3990 ejus
2872 3918 3105 3975 nomine
3153 3915 3434 3986 inscripta
3483 3911 3676 3966 adhuc

2031 4015 2112 4069 ibi
2145 4018 2338 4070 manet
2369 4034 2416 4064 η.
2451 4011 2636 4066 Verus
2667 4011 2717 4066 is
2739 4011 2906 4066 testis
2938 4008 3154 4065 Judwis
3185 4005 3362 4061 simul
3422 4010 3475 4060 et
3530 4001 3684 4058 Grae-

2033 4104 2116 4158 cis
2146 4101 2486 4170 l'uit,Jesum
2510 4115 2639 4156 esse
2668 4099 2987 4156 Christum.
3013 4097 3221 4152 Postea
3235 4093 3428 4150 statim
3459 4092 3683 4148 Judaeu-

2035 4209 2165 4249 rum
2197 4191 2574 4264 oppugnatio,
2609 4189 2892 4262 urbisque
2948 4184 3481 4257 Hierosolymitanaa
3530 4185 3682 4240 obsi-

2036 4283 2131 4339 dio
2161 4284 2349 4352 coepit.
2381 4281 2529 4336 Tum
2556 4279 2835 4335 mirificus
2868 4285 3059 4334 autem
3097 4275 3439 4346 justitiaque
3489 4273 3678 4329 clarus

2037 4371 2149 4425 fuit
2174 4368 2448 4434 Jacobus,
2475 4371 2540 4423 ut
2568 4368 2736 4422 etiam
2772 4365 3179 4439 prudentiores
3229 4363 3379 4431 apud
3438 4361 3677 4415 Judseos

2037 4459 2143 4514 viri
2177 4459 2236 4514 in
2267 4457 2561 4528 piaculum
2593 4457 2871 4512 adversus
2903 4470 3036 4510 eum
3097 4454 3484 4522 perpetratum
3542 4466 3683 4503 cau-

2040 4565 2166 4604 sam
2196 4546 2426 4604 Judaioi
2461 4545 2591 4601 belli
2623 4560 2692 4601 ex
2723 4545 2982 4616 professo
3013 4537 3682 4602 referant.Quemadmo-

282 4640 375 4674 νον
407 4622 482 4683 εἷς
512 4625 612 4692 τὴν
641 4623 905 4681 Ἰουδαίαν
955 4622 1218 4706 ἔπαρχον,
1268 4634 1489 4702 Φήστου
1533 4635 1634 4702 τήν
1677 4634 1912 4705 τελευτήε

2045 4637 2186 4693 dum
2217 4635 2275 4690 id
2311 4635 2435 4706 ipse
2462 4649 2691 4705 quoque
2721 4631 3009 4702 Josephus
3052 4628 3277 4699 scriptis
3333 4625 3452 4682 suis
3507 4628 3684 4715 testa-

283 4711 614 4783 πυθόμενος.
661 4719 718 4767 Ὁ
775 4714 831 4770 δὲ
877 4718 1134 4793 νεώτερος
1187 4723 1428 4796 Ἄνανος,
1480 4724 1540 4778 ’ὀν
1595 4725 1696 4793 τὴν
1742 4725 1932 4799 ἀρχιε-

283 4799 536 4876 ρωσύνην
588 4801 810 4876 εἷ’πομεν
865 4806 1281 4886 παρειληφέναι,
1328 4811 1522 4886 θρασὺς
1561 4813 1627 4882 ἦν
1675 4814 1767 4868 τὸν
1811 4814 1933 4890 τρό-

284 4909 422 4977 πον,
473 4891 560 4945 καὶ
609 4892 897 4968 τολμητὴς
966 4893 1343 4976 διαφερόντως.
1408 4899 1622 4977 Δί’ρεσιν
1702 4899 1758 4958 δὲ
1830 4903 1932 4973 τὴν

287 4976 674 5037 Σαδδουκαῖων
718 4984 944 5059 Ιμετῄει,
1003 4985 1159 5063 σ’ίπερ
1227 4988 1329 5044 εἶσὶ
1386 4976 1508 5061 περὶ
1565 4995 1659 5053 τᾶς
1726 4993 1930 5068 κρίσεις

285 5069 438 5142 ὠμοί
495 5073 640 5146 παρὰ
697 5074 891 5137 πάνιας
959 5075 1085 5139 τοὺς
1148 5076 1468 5142 Ἰουδαίους.
1518 5081 1642 5136 ’Δτε
1712 5078 1778 5150 δὴ
1839 5081 1931 5136 οὖν

281 5163 534 5222 τοιοῦτος
568 5157 644 5216 ὢν
697 5163 948 5232 Ἄνανος,
1007 5167 1236 5239 νομίσας
1289 5163 1438 5242 ἔχειν
1495 5158 1679 5243 καιρὸν
1741 5168 1929 5240 ἐπιτή-

285 5246 458 5318 δειον,
505 5247 593 5304 διὰ
638 5252 700 5306 τὸ
753 5254 998 5308 τεθνάναι
1051 5262 1290 5327 Φῆστον,
1317 5253 1566 5314 Ἀλϐῖνον
1603 5255 1741 5312 δέετι
1793 5259 1929 5313 κατᾶ

281 5339 388 5406 τήν
445 5337 567 5394 ὁδὸν
629 5342 917 5417 ὑπάρχειν,
962 5343 1169 5414 καθίζει
1228 5343 1502 5421 συνέδριον
1543 5351 1740 5419 κριτῶν
1779 5366 1790 5379 ·
1837 5346 1928 5402 καὶ

283 5431 614 5506 παραγαγὼν
660 5431 737 5496 είς
794 5432 922 5488 αὐτὸ
970 5434 1058 5488 τὸν
1119 5432 1350 5508 ἀδελφὸν
1411 5437 1589 5505 Ἰησοῦ
1648 5440 1744 5490 τοῦ
1795 5441 1928 5508 Χρι-

282 5526 415 5576 στοῦ
474 5520 788 5595 λεγομένου,
833 5520 1092 5587 Ἰάκωϐος
1161 5524 1332 5598 ὄνομα
1406 5525 1570 5595 αὐτῷ,
1631 5524 1718 5578 καί
1774 5547 1925 5586 τινας

2044 4734 2156 4794 tur,
2176 4723 2391 4781 alicubi
2424 4725 2502 4779 ita
2532 4723 2761 4779 dicens:
2788 4744 2816 4773 «
2839 4719 3053 4777 Judaeis
3085 4722 3276 4774 autem
3312 4716 3432 4770 haec
3467 4714 3682 4769 accide-

2041 4820 2200 4883 runt,
2263 4817 2496 4886 propter
2539 4812 2822 4870 Jacobum
2874 4811 3130 4876 Justum,
3164 4805 3262 4876 qui
3327 4804 3504 4858 frater
3558 4805 3682 4857 erat

2037 4903 2200 4970 Jesu,
2232 4903 2330 4974 qui
2362 4902 2550 4958 dictus
2583 4901 2691 4956 fuit
2728 4900 3019 4963 Christus,
3051 4895 3270 4951 ultione
3301 4891 3498 4948 divina
3552 4890 3684 4944 vin-

2040 4991 2352 5048 dicandum
2388 5009 2402 5046 :
2435 4988 2907 5061 quandoquidem
2937 4985 3124 5052 illum,
3147 4997 3276 5038 cum
3315 4979 3682 5052 justissimus

2041 5089 2211 5148 esset,
2271 5079 2456 5136 Judaei
2517 5079 2954 5134 interemerunt.
3017 5095 3046 5124 ››
3104 5071 3217 5129 Sed
3266 5071 3324 5125 in
3384 5067 3681 5123 vicesimo.

2038 5171 2448 5240 Antiquitatum
2481 5175 2723 5224 mortem
2756 5166 2929 5222 etiam
2955 5165 3080 5234 ejus
3107 5162 3267 5217 hisce
3291 5157 3480 5215 verbis
3511 5172 3695 5225 expo-

2039 5260 2126 5317 nit
2157 5275 2171 5314 :
2197 5283 2223 5309 «
2259 5262 2442 5314 Caesar
2473 5258 2620 5313 Festi
2656 5259 2837 5312 morte
2868 5255 3086 5318 audita,
3118 5251 3386 5306 Albinum
3415 5247 3473 5301 in
3495 5246 3694 5302 Judae-

2035 5365 2127 5404 am
2165 5349 2492 5420 praefectum
2525 5346 2724 5402 mittil.
2752 5348 2992 5400 Ananus
3025 5351 3218 5397 autem
3267 5339 3483 5410 junior,
3518 5351 3686 5406 quem

2037 5438 2436 5508 pontiﬁcatum
2499 5436 2698 5491 iniisse
2747 5433 3018 5498 diximus,
3046 5430 3305 5486 moribus
3361 5425 3681 5494 conﬁdens,

2035 5535 2089 5583 et
2118 5529 2305 5584 audax
2333 5528 2756 5594 admodum,ex
2811 5530 2965 5578 secta
3020 5521 3473 5576 Sadducaeorum
3530 5519 3679 5583 erat,

356 5655 436 5725 (l)
467 5654 714 5725 Quidam
747 5654 963 5710 eadem
994 5654 1192 5710 Jacobi
1226 5654 1282 5708 in
1315 5655 1547 5708 tertium
1578 5653 1821 5710 Neronis
1853 5653 2082 5725 imperii
2113 5671 2330 5711 annum
2379 5659 2636 5712 referunt
2671 5674 2683 5710 :
2713 5652 3036 5708 secundum
3092 5647 3332 5714 scilicet,
3367 5646 3678 5716 postquam

287 5724 510 5782 Paulus
537 5724 766 5783 vinctus
796 5725 1040 5786 Romam
1069 5730 1158 5784 est
1180 5725 1488 5783 abductus.
