4070 6274
399 350 520 412 859

1696 348 1756 409 Ν
1761 346 2128 410 ICEPHOBI
2171 346 2520 408 CALLISTI

3700 349 3824 412 860

399 482 558 543 190
589 478 692 552 qui
745 479 804 536 in
848 479 1090 550 judiciis
1148 496 1326 553 supra
1383 496 1587 537 omnes
1633 479 1778 537 alios
1825 481 2057 538 Judaos

2180 476 2408 553 ἐτέρους,
2463 479 2540 542 ὡς
2602 483 3112 554 παρανομησάντων
3177 481 3507 560 κατηγορίαν
3575 481 3830 552 ποιησά-

407 569 546 628 sevi
575 572 714 626 sunt
741 572 798 624 et
825 567 1106 626 crudeles.
1139 568 1298 626 Talis
1327 569 1518 641 itaque
1546 583 1682 626 cum
1711 573 1869 627 esset
1898 575 2055 627 Ana-

404 676 538 728 nus,
571 661 962 730 opportunum
1007 657 1398 730 idoneumque
1452 662 1693 730 tempus
1745 675 1832 731 se,
1887 659 2055 718 Festo

410 747 706 816 defuncto,
753 763 888 802 cum
941 746 1132 802 adhuc
1189 746 1438 804 Albinus
1495 749 1554 805 in
1617 750 1822 808 itinere
1877 755 2054 818 esset,

408 841 645 894 nactum
675 849 802 892 esse
831 833 1188 905 existimans,
1214 837 1482 908 judicum
1515 842 1822 900 consilium
1853 841 2008 914 cogit
2037 855 2052 896 :

404 931 462 982 et
499 926 678 981 fratre
718 923 882 993 Jesu,
929 925 1030 996 qui
1070 925 1372 983 dicebatur
1420 930 1707 999 Christus,
1738 923 1950 988 Jaco'bo
2005 929 2056 986 ei

407 1029 622 1071 nomen
653 1017 797 1082 erat,
829 1012 1302 1087 quibusdamque
1329 1015 1460 1076 aliis
1497 1019 1553 1076 in
1593 1019 1882 1092 judicium
1933 1036 2059 1092 pro-

403 1103 615 1170 ductis,
646 1105 703 1159 et
732 1102 960 1158 actione
990 1103 1185 1175 legum
1223 1109 1730 1176 praevaricatarum
1761 1109 2056 1177 instituta,

403 1197 466 1248 ut
503 1192 904 1264 lapidarentur
933 1191 1136 1251 effecit.
1169 1195 1510 1267 Quicunque
1554 1203 1748 1257 autem
1796 1200 1856 1256 in
1917 1199 2060 1255 urbe

403 1281 688 1353 aequiores
716 1280 1026 1353 legumque
1079 1282 1380 1354 peritiores
1410 1286 1760 1344 videbantur
1787 1305 1914 1344 esse
1942 1305 2062 1359 gra.

403 1371 546 1428 vitor
574 1371 632 1426 id
664 1369 866 1427 tulere.
909 1371 980 1426 Et
1036 1372 1106 1426 ad
1177 1372 1580 1444 imperatorem
1639 1376 1791 1432 clam
1844 1376 2061 1449 legatos

406 1461 616 1518 misere
671 1465 926 1527 oratum,
969 1463 1032 1516 ut
1079 1459 1180 1518 ille
1231 1463 1302 1518 ad
1358 1466 1651 1533 Ananum,
1683 1482 1757 1520 ne
1810 1464 2063 1538 amplius

402 1549 546 1605 talia
603 1549 830 1617 faceret,
883 1547 1221 1606 scriberet:
1277 1567 1412 1607 cum
1473 1553 1685 1624 quippe
1734 1570 1840 1610 nec
1893 1558 2064 1610 antea

405 1645 557 1694 recte
589 1637 792 1694 fecisse
829 1642 1245 1694 asseverantes.
1281 1639 1557 1696 Nonnulli
1615 1643 1794 1698 etiam
1853 1643 2062 1699 Albino

410 1725 644 1784 obviam
677 1726 1388 1798 processere.Alexandria
1411 1729 1516 1786 iter
1541 1730 1795 1799 facienti,
1814 1747 2064 1804 eumque

407 1813 682 1879 docuere,
723 1828 838 1868 non
872 1812 1104 1869 licuisse
1128 1816 1350 1884 Anano,
1385 1816 1532 1873 citra
1561 1818 1684 1888 ejus
1713 1781 2062 1876 sententiam
2096 1781 2143 1846 Β

411 1907 472 1959 et
519 1901 900 1968 voluntatem,
949 1902 1258 1958 consilium
1295 1905 1503 1976 judicii
1567 1907 1819 1964 faciendi
1875 1910 2065 1980 gratia

411 2007 644 2063 cogere.
677 1989 924 2048 Albinus
957 2009 1122 2063 porro
1150 1995 1345 2052 verbis
1401 1997 1696 2066 ejusmodi
1727 2013 2061 2068 persuasus,

413 2081 489 2136 ad
519 2083 788 2137 Ananum
821 2081 1015 2137 animo
1045 2087 1336 2140 commoto
1376 2085 1634 2157 scripsit,
1669 2104 1978 2160 poenasque
2006 2105 2067 2146 se

411 2170 487 2227 ab
517 2186 584 2227 eo
627 2172 999 2242 sumpturum
1047 2172 1306 2230 minatus
1354 2178 1462 2230 est.
1496 2175 1645 2241 Quin
1692 2180 1750 2233 et
1812 2177 2069 2250 Agrippa

411 2275 509 2316 rex
556 2275 690 2316 eam
747 2258 820 2316 ab
876 2276 1116 2317 causam
1167 2263 1568 2332 pontiﬁcatum
1626 2263 1701 2334 ei,
1734 2282 1910 2337 quem
1951 2270 2069 2323 tres

2175 587 2354 639 μενος,
2413 566 2694 642 παρέδωκε
2750 569 3237 644 λευσθητομένους.
3297 573 3454 629 Ὅσοι
3488 569 3542 626 δ’
3595 569 3830 628 ἐδόκουν

2169 654 2562 718 ἐπιεικέστατοι
2616 661 2726 712 τῶν
2771 660 2908 714 κατᾶ
2958 660 3058 728 τήν
3125 659 3289 715 πόλιν
3368 661 3528 729 εἶναι,
3583 660 3682 714 καὶ
3763 660 3830 714 τὰ

2169 744 2291 818 περὶ
2351 743 2480 806 τοὺς
2558 746 2762 819 νόμους
2829 743 3091 822 ἀκριϐεῖς,
3155 748 3362 824 βαρέως
3441 750 3685 825 ἤνεγκαν
3741 747 3827 803 ἐπὶ

2165 834 2364 906 τούτῳ.
2399 833 2498 889 Καὶ
2554 835 2830 908 πέμπουσι
2887 838 3022 913 πρὸς
3076 839 3171 893 τὸν
3219 835 3446 912 βασιλέα
3477 836 3682 916 κρύφα,
3718 859 3832 892 πα-

2169 921 2530 998 ρακαλοῦντες
2588 922 2890 981 ἐπιστεῖλαι
2945 931 3026 1000 τῷ
3082 928 3288 999 Ἀνάνῳ
3349 928 3546 1001 μηκέτι
3593 932 3830 983 τοιαῦτα

2168 1011 2422 1082 πράσσειν
2481 1031 2497 1048 ⁸
2557 1013 2699 1089 μηδὲ
2743 1015 2846 1091 γὰρ
2895 1017 2957 1070 τὸ
3007 1021 3226 1092 πρῶτον
3275 1015 3435 1071 αὐτὸν
3491 1015 3678 1090 ὀρθῶς
3738 1037 3830 1072 πε·

2169 1102 2452 1174 ποιηκέναι
2485 1122 2500 1137 ·
2560 1105 2707 1167 Τινὲς
2767 1103 2815 1159 δ’
2862 1104 3040 1162 αὐτῶν
3096 1105 3183 1161 καὶ
3229 1106 3321 1161 τὸν
3358 1101 3622 1162 Ἀλϐῖνον
3661 1106 3827 1161 ὑπαν-

2169 1193 2468 1262 τιάζουσιν,
2522 1192 2628 1248 ἀπὸ
2717 1201 2817 1263 τῆς
2894 1191 3300 1269 Ἀλεξανδρείας
3375 1191 3828 1270 ὁδοιποροῦντα·

2171 1282 2264 1336 καὶ
2323 1279 2656 1353 ὃιδάκουσιν,
2690 1285 2764 1346 ὡς
2822 1285 2924 1340 οὐκ
2978 1284 3092 1356 ἐξὸν
3143 1286 3207 1354 ἦν
3261 1285 3462 1358 Ἀνάνῳ
3510 1286 3702 1361 χωρὶς
3734 1284 3828 1341 αὖα

2171 1373 2272 1424 τοῦ
2307 1372 2537 1448 γνώμης
2566 1373 2782 1428 καθίσαι
2834 1371 3126 1448 συνέδριον.
3162 1370 3420 1436 Ἀλϐῖνος
3467 1371 3527 1429 δὲ
3581 1376 3829 1436 πεισθεὶς

2171 1463 2288 1520 τοῖς
2335 1458 2675 1537 λεγομένοις,
2707 1460 2898 1539 γράφει
2951 1463 3067 1535 μετ’
3112 1462 3280 1538 ὀργῆς
3323 1467 3404 1534 τῷ
3447 1463 3688 1536 Ἀνάνῳ,
3722 1461 3830 1533 λή-

2173 1549 2366 1622 ψεσθαι
2423 1551 2550 1625 παρ’
2603 1549 2768 1604 αὐτοῦ
2819 1548 2970 1612 δίκας
3019 1549 3278 1608 ἀπειλῶν.
3325 1553 3542 1606 ’Ἔοικεν
3584 1550 3686 1606 οὖν
3741 1553 3829 1607 καὶ

2175 1639 2203 1692 ὁ
2255 1637 2511 1712 βασιλεὺς
2565 1640 2888 1714 ’Δγρίππας,
2923 1638 3012 1695 διὰ
3061 1644 3204 1696 τοῦτ’
3261 1639 3608 1718 ἀφελόμενος
3664 1641 3829 1696 αὐτοῦ

2173 1728 2276 1796 τὴν
2325 1729 2647 1802 ἱερωσύνην,
2699 1729 2953 1804 ἄρξαντος
3018 1736 3191 1803 μῆνας
3254 1735 3421 1806 τρεῖς,
3483 1731 3574 1785 καὶ
3642 1731 3826 1801 Ἰησοῦ

2173 1821 2251 1889 τῷ
2297 1821 2394 1872 τοῦ
2443 1819 2716 1890 Δαμναίου
2770 1819 2936 1887 αὐτὴν
2994 1825 3316 1895 παρασχεῖν.
3352 1843 3382 1872 ι»
3439 1825 3684 1875 Τοιαῦτα
3734 1819 3826 1892 μὲν

2173 1907 2262 1960 καὶ
2291 1906 2356 1962 τὰ
2387 1907 2522 1960 κατὰ
2561 1907 2652 1961 τὸν
2703 1902 2986 1978 Ἰάκωϐον,
3036 1909 3097 1962 οὗ
3153 1911 3188 1978 ἡ
3247 1909 3441 1983 πρώτη
3499 1911 3610 1964 τῶν
3662 1911 3828 1964 καθο-

2175 1996 2344 2050 λικῶν
2404 1997 2540 2051 εἶναι
2597 1997 2907 2053 πιστεύεται
2965 1997 3291 2070 ἐπιστολῶν,
3351 1999 3426 2062 ὡς
3482 1999 3573 2054 καὶ
3637 2001 3678 2067 ἡ
3735 2001 3829 2054 τοῦ

2175 2083 2374 2154 Ἰούδα,
2424 2087 2620 2148 πάσαις
2685 2085 3002 2156 ἐκκλησίαις
3061 2085 3335 2162 λαμπρῶς
3373 2086 3826 2164 παρρησιαζόμε-

2175 2195 2263 2229 ναι
2299 2194 2312 2208 ο
2372 2174 2469 2229 κᾶν
2528 2175 2616 2230 καὶ
2668 2173 2804 2240 τὲως
2863 2177 2939 2248 μή
2995 2197 3136 2239 τινες
3189 2181 3297 2232 τῶν
3373 2176 3494 2232 λίαν
3575 2175 3827 2252 ἀρχαίων

2184 2263 2368 2339 μνείαν
2397 2263 2608 2318 τούτων
2636 2264 2980 2336 πεποίηνται.

411 2350 916 2408 administraverat
943 2367 1198 2420 menses,
1223 2354 1534 2423 ademisse,
1566 2370 1823 2427 eumque
1839 2355 1981 2412 Jesu
2009 2356 2266 2414 Damnasi
2303 2355 2420 2412 tilio
2450 2357 2527 2430 (1)
2559 2357 2790 2412 dedisse
2819 2357 3066 2413 videtur.
3091 2379 3120 2408 »
3167 2357 3232 2413 Et
3249 2358 3452 2416 Jacobi
3473 2357 3714 2430 quidem
3736 2373 3822 2414 res

413 2441 497 2498 sic
527 2457 590 2496 se
609 2440 886 2498 habuere.
919 2444 1108 2514 Hujus
1165 2459 1290 2500 esse
1337 2445 1592 2501 creditur
1649 2445 1841 2516 prima
1889 2445 2046 2502 inter
2099 2447 2417 2504 catholicas
2474 2446 2756 2518 Epistola,
2789 2447 2858 2502 ad
2917 2463 3122 2504 omnes
3170 2448 3482 2506 ecclesias:
3517 2447 3578 2503 ul
3638 2447 3822 2521 ipsius

415 2545 649 2601 quoque
678 2529 867 2601 Judte,
904 2531 1208 2603 magniﬁce
1235 2548 1364 2589 cum
1386 2532 1648 2593 libertate
1672 2535 1862 2592 multa
1893 2535 2124 2608 scripiae
2159 2552 2172 2590 :
2205 2535 2474 2608 quamvis
2507 2535 2807 2608 utriusque
2835 2536 3176 2594 vetustiores
3213 2537 3568 2594 mentionem
3601 2536 3819 2594 nullam

419 2617 656 2675 faciant.

1001 2729 1232 2786 CAPUT
1269 2731 1519 2788 XXXIX.

417 2817 490 2874 De
531 2817 754 2894 Andreq
787 2823 841 2874 et
896 2820 1302 2894 Bartkolomzeo
1362 2822 1722 2878 sacrosanctis
1777 2824 2062 2894 apostolis.

523 2890 786 2961 quomodo
805 2891 1081 2964 martyrio
1109 2907 1212 2961 pro
1243 2892 1454 2950 Christo
1471 2897 1583 2950 sint
1611 2890 1963 2951 cohonestau'.

487 3072 624 3128 Post
679 3072 835 3128 hunc
890 3077 949 3129 et
1001 3075 1283 3136 Andreas,
1317 3075 1604 3148 coryphaai
1661 3076 1814 3132 Petri
1860 3077 2066 3155 frater,

417 3161 523 3234 qui
555 3161 812 3234 primum
851 3161 1170 3219 Dominum
1209 3164 1455 3220 Joannis
1507 3165 1722 3222 indicio
1779 3167 2066 3238 cognovit,

419 3265 884 3323 germanumque
905 3269 1074 3308 suum
1108 3254 1180 3308 ad
1211 3255 1490 3310 eumdum
1505 3254 1770 3324 adduxit,
1785 3256 1892 3311 rite
1911 3271 2066 3321 vero,

421 3343 479 3395 ct
537 3345 602 3396 ut
662 3339 904 3397 decebat
961 3359 1200 3414 prorsus
1247 3358 1402 3412 eum,
1436 3344 1536 3415 qui
1594 3349 1828 3400 vocatus
1887 3345 2069 3401 fuerat

421 3429 670 3502 primus,
707 3445 893 3504 usque
922 3432 993 3487 ad
1025 3431 1235 3489 Cbristi
1269 3431 1325 3487 in
1384 3433 1597 3489 coelum
1641 3433 2068 3505 ascensionem,

419 3519 680 3592 vestigiis
736 3520 866 3590 ejus
922 3520 1222 3590 insistens,
1257 3522 1449 3578 officio
1501 3539 1609 3578 suo
1667 3523 1902 3579 functus
1957 3527 2066 3579 est.

420 3612 488 3665 Et
514 3608 744 3666 ccelitus
764 3609 822 3666 in
855 3611 1048 3682 specie
1077 3611 1383 3684 ignearum
1442 3611 1776 3684 linguarum
1821 3610 2070 3684 Spiritus

419 3701 608 3756 sancti
665 3700 850 3772 gratia
889 3702 1146 3772 accepta,
1180 3705 1336 3758 sorte
1374 3717 1609 3773 quoque
1665 3701 1716 3756 ei
1775 3701 2073 3772 provincia

423 3803 491 3842 ea
521 3787 751 3860 obtigit,
783 3792 850 3843 ut
907 3789 976 3844 ad
1037 3795 1240 3860 gentes
1301 3791 1676 3846 mitteretur:
1730 3789 1790 3844 in
1849 3791 2070 3862 Cappa-

421 3875 654 3932 dociam
715 3877 957 3947 scilicet,
998 3877 1284 3935 Galatiam
1343 3883 1400 3936 et
1465 3879 1816 3951 Bithyniam.
1853 3879 2075 3945 Quibus

420 3965 520 4022 ille
551 3967 889 4038 peragratis,
925 3969 994 4023 ad
1027 3985 1158 4024 eam
1207 3984 1438 4040 quoque
1477 3969 1722 4026 accessit
1777 3985 1902 4040 quas
1957 3969 2076 4024 An-

423 4056 964 4128 thropophagorum
993 4058 1230 4126 dicitur,
1262 4061 1320 4114 et
1353 4059 1424 4114 ad
1466 4058 1811 4130 Scytharum
1862 4057 2076 4114 solitu-

427 4144 620 4210 dines,
654 4145 728 4201 ad
758 4149 1074 4217 utrumque
1101 4147 1350 4202 Pontum
1384 4145 1694 4214 Euxinum,
1721 4147 1878 4202 που
1904 4161 2076 4203 oras-

429 4249 544 4306 que
605 4233 1086 4305 septentrionales
1144 4239 1202 4290 et
1256 4233 1565 4302 australes,
1597 4235 1668 4290 ad
1691 4233 1888 4307 ipsum
1927 4251 2075 4307 quo-

431 4337 544 4394 que
580 4323 847 4396 Byzantia
895 4323 1108 4378 solum.
1147 4323 1255 4380 Ubi
1311 4322 1566 4380 ecclesia
1611 4341 1645 4379 a
1699 4339 1763 4380 se
1820 4325 2076 4396 primum

422 4412 724 4481 institutae,
756 4412 1014 4486 primum
1047 4413 1384 4486 episcopum
1415 4413 1616 4470 divum
1637 4413 1890 4483 Stachyn
1925 4431 2071 4486 prea-

424 4501 584 4558 fecit.
643 4501 928 4573 Deinceps
987 4501 1314 4570 Thraciam,
1366 4501 1790 4572 Macedoniam,
1829 4502 2075 4559 Thessa-

2793 2737 3048 2790 ΚΕΦΑΛ.
3093 2735 3218 2790 Αθ’.

2188 2820 2349 2896 Περὶ
2381 2818 2681 2896 Ἀνδμρέον
2727 2822 2836 2896 καὶ
2885 2821 3400 2896 Βαίρθλολομαίου
3447 2827 3576 2877 τῶν
3636 2823 3812 2896 ἱερῷν

2254 2842 2271 2876 ε
2334 2841 2681 2895 ινΑνορεον
2727 2841 2836 2876 και
2887 2841 3400 2895 βαρυοΑομαιου
3447 2842 3576 2877 των
3637 2841 3812 2896 ιερων

2254 2841 2691 2970 ἀῑποστόλωνς
2727 2893 2813 2955 ὡς
2839 2898 2928 2966 τῷ
2959 2893 3119 2970 ὑπὲρ
3151 2897 3438 2970 Χριστοῦ
3489 2891 3812 2969 μαρτυρίῳ

2254 2966 2887 3038 κάτεποσμήθησαν.

2251 3069 2371 3124 Ἐπὶ
2407 3065 2474 3138 δὴ
2513 3069 2694 3140 τούτῳ
2741 3067 2830 3123 καὶ
2877 3065 3131 3144 ’Λνδρέας
3181 3069 3209 3122 ὁ
3255 3072 3354 3123 τοῦ
3383 3069 3672 3148 κορυφαίου
3709 3065 3808 3120 [ὶέ-

2177 3177 2312 3232 τρου
2368 3157 2718 3232 κασίγνητος,
2779 3161 2995 3232 πρῶτον
3057 3158 3150 3230 μὶν
3207 3155 3354 3233 παρᾶ
3415 3157 3666 3214 Ἰωάννου
3721 3157 3807 3211 τὸν

2181 3247 2378 3322 Κύριον
2439 3245 2711 3321 ἐπιγνοὺς,
2741 3245 2831 3302 καὶ
2886 3247 2978 3302 τὸν
3037 3246 3295 3322 σύγγονον
3353 3249 3575 3322 πρῶτος
3619 3246 3692 3308 εἰς
3720 3243 3814 3300 αὖ-

2177 3336 2270 3390 τὸν
2330 3334 2581 3405 ἑλκύσας,
2631 3332 2816 3399 καλῶς
2864 3355 2923 3390 τε
2981 3335 3070 3388 καὶ
3127 3335 3202 3397 ὡς
3255 3334 3435 3412 χρεών
3505 3355 3568 3408 γε
3621 3335 3685 3404 ἦν
3734 3336 3805 3402 τῷ

2181 3424 2584 3497 πρωτοκλήτῳ,
2618 3422 2750 3499 ἄχρι
2803 3421 2870 3494 δὴ
2929 3425 3018 3478 καὶ
3069 3430 3168 3493 τῆς
3227 3423 3306 3486 εἰς
3354 3423 3587 3497 οὐρανὸν
3632 3417 3810 3477 ἀνόδου

2181 3519 2404 3590 Χριστῷ
2451 3519 2569 3569 κατ’
2609 3512 2766 3589 ἴχνος
2818 3513 3302 3588 πολιτευσάμενος,
3342 3515 3434 3569 καί
3472 3515 3573 3582 τήν
3621 3513 3808 3568 ἄνωθεν

2179 3602 2233 3658 ἐν
2287 3601 2418 3658 εἷ’δει
2475 3603 2712 3677 πυρίνων
2767 3603 3034 3680 γλωσσῶν
3091 3605 3256 3678 χάριν
3333 3607 3430 3658 τοῦ
3510 3604 3808 3675 Πνεύματος

2181 3690 2577 3766 εἰσδεξάμενος,
2637 3691 2832 3766 κλήρῳ
2886 3693 2977 3748 καὶ
3037 3693 3194 3754 οὗτος
3251 3693 3350 3763 τήν
3407 3691 3484 3755 εἰς
3541 3693 3610 3748 τὰ
3689 3687 3804 3759 ἔθνη

2181 3781 2492 3839 ἐστέλλετο.
2541 3780 2896 3837 Καππαδοκία
2941 3782 3037 3854 μὲν
3084 3779 3174 3836 οὗν
3225 3780 3374 3854 αὐτῷ
3426 3781 3516 3835 καὶ
3584 3777 3807 3836 Γαλατία

2183 3871 2274 3926 καὶ
2324 3873 2359 3940 ἦ
2418 3875 2524 3926 τῶν
2573 3872 2810 3926 Βιθυνῶν
2861 3867 3248 3946 διελάγχανον.
3293 3868 3533 3941 Ἐπῆλθέ
3579 3890 3642 3946 γε
3708 3869 3805 3940 μήν

2183 3959 2273 4015 καὶ
2322 3961 2444 4030 τήν,
2502 3959 2538 4029 ἢ
2595 3965 2729 4016 τῶνι
2785 3963 3262 4040 ’Δνθρωποφάγων
3317 3957 3717 4034 ὠνόμασται,ἢ
3758 3977 3808 4012 τε

2188 4051 2410 4105 Σκυθῶν
2468 4049 2690 4126 ἐρημία,
2749 4047 2996 4124 Εὕξεινός
3059 4071 3118 4105 τε
3173 4048 3369 4113 πόντος
3415 4048 3704 4123 ἑκάτερος·
3751 4045 3811 4102 τά

2183 4160 2244 4194 τε
2291 4139 2428 4214 πρὸς
2481 4136 2692 4212 Βοῤῥᾶν
2755 4139 2846 4194 καὶ
2907 4137 3087 4196 Νότον
3138 4137 3300 4196 αὐτοῦ
3345 4137 3610 4214 κλίματα,
3657 4139 3718 4194 τό
3760 4155 3811 4192 τε

2188 4229 2454 4297 Βύζαντος
2500 4225 2662 4283 πέδον
2695 4247 2707 4262 ·
2765 4225 2847 4305 ἐφ’
2903 4229 2949 4300 ᾧ
2996 4231 3085 4284 καί
3127 4233 3340 4304 πρῶτον
3387 4227 3680 4284 ἐπίσκοπον
3726 4227 3807 4281 τὸν

2187 4321 2329 4374 θεῖον
2389 4316 2600 4391 Στάχυν
2651 4319 2988 4389 καταστήσας
3045 4319 3096 4373 ἐν
3161 4317 3464 4390 Ἐκκλησία
3517 4320 3584 4388 ἢν
3657 4317 3812 4372 ἐκεῖσε

2110 4377 2154 4442 D
2185 4412 2403 4481 πρῶτος
2435 4403 2594 4469 οὗτος
2624 4405 2857 4478 ἐπήξατο
2891 4427 2904 4442 ο
2952 4407 3064 4462 εἶτα
3101 4405 3190 4462 διὰ
3239 4407 3456 4480 Θρᾴκης
3507 4406 3599 4462 καὶ
3647 4413 3811 4462 Μακε-

2189 4493 2396 4562 δονίας,
2443 4493 2739 4558 Θεσσαλίας
2793 4517 2852 4550 τε
2898 4496 2990 4550 καὶ
3049 4487 3276 4575 Ἀχαΐας
3325 4493 3500 4551 ἐλθών
3547 4517 3560 4530 ·
3609 4495 3693 4572 ἐφ’
3739 4491 3809 4551 οἷς

425 4589 672 4662 liam,et
700 4591 979 4648 Achaiam
1016 4591 1355 4664 peragravit.
1387 4592 1450 4648 In
1507 4591 1720 4664 quibus
1767 4589 2065 4663 provinciis

2189 4583 2352 4640 ὅπασι
2402 4584 2589 4658 λόγοις
2645 4585 2968 4660 Θεοπρεπέσι
3023 4585 3112 4640 καὶ
3182 4586 3436 4657 σημείοις
3502 4585 3594 4640 καὶ
3643 4583 3810 4656 τέρασι

425 4681 724 4751 omnibus,
755 4681 928 4754 longo
975 4684 1239 4754 tempore
1282 4681 1654 4739 sermonibus
1711 4680 1948 4750 divinis,
2007 4679 2065 4736 sit

2187 4675 2280 4730 τὸν
2311 4675 2550 4750 Χριστὸν
2585 4671 2810 4744 δοξάσας
2839 4677 2941 4730 οὐκ
2970 4673 3286 4749 ἐλαχίστοις
3331 4673 3382 4730 ἐν
3425 4675 3678 4750 χρόνοις,
3724 4670 3812 4726 ὑπὸ

423 4773 677 4845 gnisque
707 4775 765 4828 et
795 4771 1066 4843 prodigiis
1099 4767 1362 4828 miriﬁcis
1394 4771 1693 4827 Christum
1727 4769 2058 4843 glorificans

2186 4769 2285 4820 τοῦ
2316 4763 2623 4820 ἀνθυπάτου
2653 4763 2953 4842 Αίγαιάτου
2983 4767 3062 4836 τῷ
3090 4767 3304 4838 σταυρῷ
3348 4763 3441 4818 καὶ
3471 4761 3630 4825 οὗτος
3658 4778 3815 4832 προσ·

427 4861 671 4918 tandem
703 4879 738 4917 a
792 4861 1138 4934 proconsule
1173 4861 1423 4934 Egmato
1481 4860 1540 4918 in
1590 4875 1820 4916 crucem
1853 4875 2065 4932 quoque

2191 4851 2430 4925 ήλωται,
2461 4848 2720 4928 ἔγκλημά
2756 4854 2810 4908 oi
2849 4853 3246 4927 ἀπαγαγόντος,
3279 4850 3467 4927 ὅτιπερ
3513 4852 3614 4920 τήν
3661 4867 3813 4926 γαμε-

421 4956 510 5006 est
541 4954 706 5007 actus
743 4949 881 5006 :illo
906 4951 956 5007 ei
1001 4949 1245 5008 crimine
1286 4951 1542 5022 objecta,
1573 4950 1729 5022 quod
1773 4949 2065 5020 conjugen

2187 4945 2291 5014 τήν
2322 4944 2486 4999 αὐτοῦ
2535 4940 2898 5016 Μαξιμίλλαν,
2929 4943 3020 4998 καὶ
3064 4943 3156 4998 τὸν
3200 4939 3436 5022 ἀδελφὸν
3469 4937 3814 5016 Στρατοκλέα,

423 5039 553 5111 ejus
603 5038 1002 5108 Maximillam,
1061 5039 1416 5112 fratremque
1464 5038 1830 5106 Stratoclem,
1879 5037 2065 5109 impie

2191 5036 2408 5106 Χριστῷ
2487 5032 2847 5108 προσαγάγοι,
2930 5031 3032 5100 τὴν
3111 5029 3317 5086 ἐκείνου
3404 5027 3816 5106 βδελυξαμένους

419 5131 602 5186 tatem
637 5129 767 5200 ejus
799 5129 1076 5186 detestari
1101 5130 1394 5186 docuisset
1417 5131 1476 5184 et
1517 5127 1592 5184 ad
1637 5126 1849 5184 Chriti
1907 5127 2065 5183 ﬂden

2194 5117 2523 5179 δυσσέϐειαν.
2557 5119 2826 5194 Φιλίππῳ
2874 5118 2932 5176 δὲ
2979 5121 3071 5176 καὶ
3119 5117 3518 5193 Βαρθολομαίῳ
3567 5117 3734 5192 Συρία
3769 5131 3817 5167 τε

421 5217 792 5276 adduxisset.
849 5217 1156 5290 Philippus
1217 5222 1411 5274 autem
1481 5221 1540 5274 et
1616 5216 2065 5272 Bartholomasut

2193 5211 2282 5266 καὶ
2304 5209 2456 5268 Ἀσία
2511 5212 2546 5280 ἡ
2581 5210 2689 5264 ἀνω
2746 5208 3088 5284 κεκλήρωτο.
3141 5209 3242 5263 Τὸν
3291 5206 3504 5283 ἆῤῥαγῆ
3546 5205 3814 5280 τοιγαροῦν

423 5307 654 5377 Syriam
706 5315 761 5364 et
819 5309 1011 5366 Asiam
1062 5308 1422 5380 superiorem
1471 5307 1658 5364 sortiti
1715 5313 1870 5362 sunt.
1904 5307 2065 5376 Atque

2193 5308 2294 5370 τῆς
2339 5298 2574 5360 πίστεως
2621 5297 2875 5372 θεμέλιον
2924 5298 3013 5354 ἐπὶ
3059 5299 3156 5360 τάς
3197 5295 3412 5352 ἐκείνων
3442 5296 3619 5358 πάσας
3647 5292 3817 5380 πόλεις

428 5376 488 5450 in
521 5412 722 5452 eorum
749 5397 1009 5455 locorum
1052 5396 1378 5454 civitatibus
1433 5395 1731 5465 omnibus,
1761 5394 1897 5451 ﬁdei
1953 5395 2065 5449 funt

2196 5390 2618 5461 καταπήξαντες,
2644 5388 2804 5450 ναούς
2852 5409 2910 5443 τε
2955 5384 3296 5461 ᾠκοδόμουν,
3327 5385 3418 5441 καὶ
3456 5383 3634 5460 ἱερέας
3663 5376 3816 5458 πρού-

427 5484 725 5544 damentis
753 5487 950 5558 jactis,
983 5487 1202 5560 templa
1232 5487 1699 5556 construxerunt,
1732 5483 2065 5541 sacerdotes-

2199 5476 2494 5534 ϐάλλοντο.
2525 5481 2590 5532 Ὅ
2619 5499 2680 5552 γε
2712 5479 2820 5552 μὴν
2845 5476 3124 5540 Φίλιππος
3167 5475 3262 5538 τὰς
3313 5481 3413 5545 τῆς
3452 5475 3646 5535 Ἀσίας
3681 5468 3816 5527 διιὼν

490 5669 570 5744 (1)
597 5668 630 5727 J
636 5683 804 5728 esum
831 5669 992 5730 hunc
1023 5669 1212 5728 tilium
1233 5667 1565 5728 Gamalielis
1594 5667 1800 5739 fuisse,
1820 5665 1968 5723 dixit
1993 5679 2169 5736 supra
2191 5660 2398 5721 eodem
2421 5677 2548 5734 cap.
2579 5661 2633 5716 4.
