4070 6274
289 415 410 481 861

1311 420 1936 483 ECCLESIASTICE
1976 420 2368 484 HISTORIAE
2408 423 2554 482 LIB.
2604 422 2678 482 li.

3573 427 3690 487 862

287 551 508 624 πόλεις,
567 555 653 609 καὶ
715 553 794 616 εἷς
869 552 1177 627 Ἱεράπολιν
1225 560 1324 622 τῆς
1398 555 1636 631 Φρυγίας
1694 551 1924 629 ἔρχεταιι

2052 573 2164 627 que
2191 562 2247 614 et
2279 556 2578 629 episcopos
2623 556 2708 612 eis
2740 556 3138 628 praefecerunt.
3173 557 3479 631 Philippus
3518 561 3692 616 etiam

287 642 562 716 ἐπίσημόν
613 666 673 700 τε
722 642 902 716 οὖσαν,
949 641 1176 715 πλούτῳ
1226 642 1426 715 πολλῷ
1478 645 1791 718 βρίθουσαν,
1845 646 1934 699 καὶ

287 730 393 785 οὐκ
435 731 774 804 ἀμοιροῦσαν
833 732 1106 804 ὀνόματος
1140 750 1153 762 θ
1202 731 1360 786 τόσον
1408 753 1466 808 γε
1520 733 1626 804 μὴν
1681 730 1937 794 εἷ’δώλοις

286 827 748 893 προστετηκυῖαν,
796 823 870 883 ὼς
928 821 1017 875 καὶ
1077 817 1293 894 ἔχιδναν
1351 819 1542 894 θηρίον
1603 817 1821 876 ἰοϐόλον
1880 843 1937 877 τε

285 910 381 964 καὶ
457 911 756 985 ἀκάθαρτον
835 910 1182 982 θαλαμεύειν,
1260 907 1467 983 ἐντίμῳ
1540 932 1599 965 τε
1680 912 1937 984 θεραπείᾳ

285 1003 454 1071 τιμᾷν
513 1001 606 1054 οἶα
675 1003 816 1071 Θεῷ,
873 999 963 1052 καί
1021 1019 1130 1052 τισι
1205 997 1417 1063 θυσίαις
1485 997 1780 1078 ἐκτρέφειν,
1847 1001 1935 1054 καὶ

290 1086 580 1166 ὑπερφυῶς
625 1087 984 1161 προσανέχειν
1030 1087 1190 1160 αὐτῇ.
1228 1085 1406 1142 Ἀλλά
1453 1092 1553 1142 τοῦ
1593 1088 1936 1146 Ἀποοτόλου

287 1175 373 1247 τῷ
403 1177 558 1249 τόπῳ
601 1173 1064 1249 ἐπιδημήσαντος,
1097 1175 1376 1231 συνείπετο
1427 1174 1483 1232 δέ
1514 1178 1565 1231 οἱ
1616 1179 1704 1232 καὶ
1736 1180 1770 1247 ἡ
1805 1177 1938 1254 σύγ-

287 1286 454 1338 γονος
505 1267 652 1336 αὐτῷ
700 1267 1019 1340 Μαριάμνη,
1071 1265 1358 1339 παρθενίαν
1410 1265 1794 1340 ἐπανῃρημένη
1838 1270 1937 1337 τήν

285 1353 378 1410 διὰ
411 1355 558 1429 βίου,
593 1355 744 1416 εὐθὺς
796 1356 858 1411 τό
883 1376 940 1411 τε
989 1353 1319 1410 κατείδωλον
1366 1362 1466 1424 τῆς
1511 1357 1699 1430 χώρας
1745 1352 1934 1411 εσϐέν-

282 1445 558 1512 νυτο,καὶ
607 1445 668 1499 τὸ
717 1446 914 1518 θράσος
963 1448 1071 1498 τῶν
1122 1445 1357 1500 ἐποίκων
1403 1441 1679 1518 δαιμόνων
1727 1447 1936 1507 ἀσθενὲς

281 1535 378 1602 ἦν.
412 1535 482 1588 ’Ἡ
515 1553 577 1609 γε
625 1534 732 1605 μὴν
780 1532 1047 1608 εἷρημένη
1094 1535 1225 1596 Θεὸς
1273 1530 1462 1607 ἔχιδνα
1511 1532 1724 1588 οἴκοθεν
1778 1533 1939 1610 ἀνερ-

285 1619 554 1697 ρήγνυτο,
601 1622 689 1676 καί
740 1623 814 1683 ὡς
867 1623 973 1677 ἀπὸ
1020 1623 1189 1697 πυρὸς
1241 1621 1538 1698 φλέγοντος
1589 1621 1933 1695 ἐξηλαύνετο,

284 1709 526 1785 αἰσχύνῃ
558 1731 616 1765 τε
659 1712 708 1765 οἱ
752 1710 922 1786 ταύτῃ
957 1709 1024 1778 δὴ
1076 1711 1503 1786 προσανέχοντες
1544 1711 1933 1768 ἐκαλύπτοντο.

285 1798 589 1871 Θαυμάτων
663 1799 766 1874 γαρ
813 1802 905 1854 καὶ
960 1802 1256 1874 τεραστίων
1315 1800 1399 1856 δτι
1458 1800 1727 1856 πλείστων
1781 1801 1936 1876 ἐπιρ-

2046 645 2194 700 Αείω
2235 645 2480 701 urbibus
2498 645 2835 716 peragratis,
2877 644 3228 716 Hierapolim
3262 646 3524 718 Phrygiae
3559 664 3696 720 per-

2044 734 2223 802 venit,
2275 733 2562 789 civitatem
2609 733 2939 804 opulentam
3009 738 3178 805 atque
3235 735 3545 804 celebrem,
3589 755 3694 793 no-

2048 822 2311 894 minique
2366 823 2550 894 ipsam
2602 840 2708 879 suo
2758 825 3229 895 respondentem.
3288 827 3444 882 Adeo
3493 831 3691 882 autem

2044 911 2215 968 idolis
2265 912 2496 968 addicta
2546 919 2687 979 erat,
2743 915 2804 968 ut
2852 912 3028 968 etiam
3071 913 3349 983 viperam,
3395 915 3690 986 impuram

2045 1015 2506 1072 venenosamque
2540 1002 2743 1068 feram,
2777 1002 3032 1058 sacrario
3063 1002 3371 1072 inclusam,
3406 1007 3689 1076 tanquam

2045 1091 2227 1147 Deum
2278 1089 2581 1162 magniﬁco
2639 1091 3047 1162 praeoiquoque
3104 1091 3260 1148 cultu
3305 1099 3689 1156 veneraretur,

2045 1179 2464 1251 sacriﬁciisque
2495 1179 2850 1250 quibusdam
2886 1181 3120 1249 foveret,
3154 1185 3211 1237 et
3242 1185 3363 1238 tota
3395 1182 3477 1237 illi
3523 1184 3692 1239 miri-

2045 1271 2150 1325 fice
2209 1269 2439 1325 addicta
2494 1273 2664 1325 esset.
2727 1269 2996 1325 Sedenim
3060 1287 3193 1326 cum
3252 1287 3318 1327 eo
3379 1272 3691 1344 apostolux.

2047 1358 2414 1430 pervenisset,
2474 1376 2591 1414 una
2639 1375 2774 1414 cum
2807 1375 3000 1415 sorore
3051 1376 3162 1415 sua
3204 1360 3690 1434 Mariamne,qum

2045 1464 2202 1518 eum,
2237 1464 2367 1503 cum
2399 1448 2620 1503 dudum
2656 1448 2829 1504 vitam
2862 1465 2964 1519 per
2985 1449 3377 1520 virginitatem
3421 1451 3530 1506 sibi
3565 1453 3689 1507 exi-

2045 1539 2293 1609 gendam
2323 1537 2646 1603 statuisset,
2702 1538 3086 1593 comitabatur
3117 1556 3131 1594 :
3165 1539 3364 1595 statim
3405 1540 3675 1598 idoloruc

2046 1627 2240 1682 cultus
2285 1626 2342 1680 in
2385 1643 2452 1682 ea
2491 1626 2726 1698 regione
2770 1627 3113 1695 exstinctus,
3160 1633 3217 1683 et
3245 1628 3558 1685 insolentia
3601 1632 3692 1685 in-

2046 1715 2364 1772 colentium
2416 1715 2493 1771 ibi
2544 1717 2863 1772 daemonum
2912 1720 2997 1772 est
3042 1717 3346 1774 labefacta.
3389 1719 3686 1790 Siquidem

2047 1805 2241 1876 vipera
2274 1805 2371 1860 illa
2403 1805 2554 1862 Deus
2576 1805 2886 1877 appellata,
2910 1823 2977 1860 ex
3007 1807 3304 1863 domicilio
3337 1825 3444 1864 suo
3476 1811 3686 1881 erupit,

285 1888 516 1963 ῥεόντων
547 1887 636 1944 διά
679 1911 736 1944 τε
787 1889 1071 1944 Φιλίππου
1101 1892 1190 1944 καὶ
1240 1893 1596 1964 Μαριάμνης,
1647 1891 1829 1952 στάσις
1858 1895 1924 1963 tif.

331 1976 817 1993 ..........
1039 1980 1148 1993 ..
1281 1981 1293 1993 .
1427 1980 1709 1993 ---ης
1847 1980 1858 1993 ,

2047 1901 2098 1949 et
2132 1895 2300 1965 quasi
2335 1895 2406 1949 ab
2438 1895 2676 1950 ardente
2708 1895 2841 1966 igne
2863 1896 3349 1968 profugit.lllioet,
3371 1899 3485 1969 'qui
3517 1899 3686 1956 illum

283 1978 490 2046 πλήθει
539 1976 907 2052 ἀνερριπίζετο
940 1997 953 2010 ο
1007 1980 1057 2033 ot
1093 1980 1187 2051 μὶν
1236 1981 1334 2054 γάρ
1385 1985 1462 2050 τῷ
1512 1980 1926 2052 Βαρθολομαίου

283 2066 375 2120 καὶ
405 2065 692 2121 Φιλίππου
725 2071 842 2140 Θεῷ
871 2068 1252 2142 προσετίθεντο
1287 2087 1298 2099 °
1351 2069 1419 2138 ἦν
1450 2069 1554 2143 γὰρ
1584 2068 1673 2122 καὶ
1725 2071 1930 2142 Βαρθο-

281 2157 523 2230 λομαῖος
575 2157 627 2228 ἐξ
687 2157 926 2233 ὑπογύου
986 2157 1063 2221 εἰς
1120 2157 1401 2232 συνεργίαν
1461 2157 1728 2230 Φιλίππῳ
1785 2159 1930 2232 παρὰ

275 2250 378 2300 τοῦ
411 2247 615 2321 Κυρίου
668 2243 990 2308 ἀκοσταλείς
1029 2266 1040 2277 ·
1070 2247 1122 2300 οἳ
1172 2244 1229 2301 δὲ
1259 2247 1347 2301 καὶ
1397 2244 1474 2301 ἔτι
1521 2253 1589 2321 τῇ
1625 2244 1930 2319 δαιμονιώ-

282 2333 364 2391 δει
429 2336 707 2411 προλήψει
763 2338 1195 2410 προστετηκότες
1251 2338 1406 2406 ἦσαν.
1465 2339 1528 2392 Οἳ
1586 2337 1677 2391 καὶ
1737 2336 1930 2392 ἐπισύ-

277 2446 466 2481 στασιν
519 2427 911 2496 ποιησάμενοι.
974 2425 1310 2488 εἷσπεσὸντες
1368 2425 1588 2500 ἀθρόον,
1647 2424 1926 2483 Φίλιππον

280 2517 377 2589 μὲν
439 2513 636 2570 ἐκεῖθέν
697 2517 857 2570 ποθεν
918 2512 1325 2588 διαπεράσαντες,
1378 2517 1616 2590 καθαπερ
1669 2536 1722 2571 τι
1797 2514 1928 2589 σφά-

272 2627 392 2680 γιον
425 2602 512 2659 ἐπί
541 2626 687 2666 τινος
720 2606 900 2667 κίονος
944 2605 1080 2660 κατά
1110 2603 1356 2682 κεφαλῆς
1406 2605 1700 2680 ἀπῃώρουν
1735 2624 1748 2638 ⁸
1803 2612 1926 2678 Βαρ-

274 2695 579 2767 θολομαῖον
612 2691 670 2749 δὲ
713 2695 896 2768 δρθιον
931 2693 1018 2748 ἐπὶ
1073 2692 1240 2764 ξύλου
1289 2695 1426 2748 κατὰ
1471 2701 1663 2768 σχῆμα
1695 2698 1926 2767 σταυροῦ

278 2786 599 2857 ἀναρτῶσιν.
660 2783 819 2838 Οὕτω
880 2780 926 2838 δ’
986 2781 1208 2858 ἔχοντες
1265 2784 1577 2861 σχήματος,
1635 2784 1922 2856 τρέπονται

284 2874 382 2944 μὲν
408 2872 480 2934 εἷς
511 2873 681 2950 εὐχήν
710 2892 724 2906 ⁶
763 2875 1040 2928 ὑπενόστει
1073 2871 1131 2926 δὲ
1162 2873 1188 2926 ὁ
1237 2877 1420 2946 χῶρνς
1453 2872 1604 2933 εὐθὺς
1639 2871 1714 2933 εἷς
1763 2873 1924 2945 βάθος

278 2963 537 3037 μέγιστον
570 2963 866 3032 συνιζάνων
902 2982 914 2995 ·
964 2967 1405 3038 συγκατεσπῶντο
1456 2961 1510 3016 δὲ
1556 2963 1608 3017 οἱ
1641 2960 1786 3018 λαοί.
1835 2963 1920 3018 Ἐν

273 3057 402 3125 χρῷ
434 3049 490 3106 δὲ
543 3049 796 3107 κινδύνου
846 3053 936 3107 καὶ
987 3054 1021 3120 ἡ
1071 3051 1235 3112 πόλις
1285 3056 1428 3106 πᾶσα
1476 3052 1786 3107 καθίστατο.
1824 3050 1922 3106 Αί-

272 3141 531 3214 σθόμενοι
583 3139 638 3197 δὲ
688 3143 739 3196 οἱ
783 3142 1216 3218 περιλειφθέντες
1268 3141 1342 3202 ὡς
1392 3140 1591 3202 ἔκτισις
1643 3139 1919 3203 ἀπωλείας

265 3234 369 3296 τῆς
403 3230 480 3294 εἷς
511 3233 639 3293 τοὺς
692 3231 894 3304 μύστας
940 3235 1173 3305 Χριστοῦ
1215 3229 1498 3304 παροινίας
1543 3229 1709 3285 ταῦτά
1749 3230 1912 3300 ἐστιν,

2045 1988 2201 2040 tanto
2235 1983 2448 2048 jstudio
2483 1983 2804 2054 coluerant,
2855 1985 3074 2055 pudore
3108 1985 3294 2042 affecti
3339 2002 3467 2043 sese
3497 1991 3688 2044 occul-

2039 2076 2181 2130 tant.
2228 2075 2508 2128 Caeterum
2560 2089 2691 2128 cum
2742 2073 3180 2146 quamplurima
3229 2093 3264 2131 a
3312 2074 3580 2148 Philippo
3631 2083 3690 2135 et

2039 2161 2358 2217 Mariamne
2402 2161 2686 2218 miracula
2715 2162 3043 2229 ederentur,
3079 2163 3291 2218 seditio
3330 2165 3388 2220 in
3422 2165 3688 2222 multitu-

2039 2249 2174 2307 dine
2217 2250 2495 2306 exoritur.
2536 2249 2754 2305 Partim
2801 2249 2955 2305 enim
3006 2250 3406 2308 Bartholomsei
3455 2258 3514 2309 et
3551 2255 3684 2310 Phi-

2038 2338 2182 2410 lippi
2229 2338 2345 2395 Deo
2393 2337 2766 2394 adhaerebant
2826 2339 2920 2409 (ex
2977 2339 3298 2410 propinquo
3339 2341 3496 2396 enim
3543 2343 3684 2397 Bar-

2037 2427 2385 2483 tholomaeus
2457 2425 2721 2497 Philippo
2779 2443 2812 2481 a
2872 2425 3116 2482 Domino
3189 2427 3400 2484 auxilio
3458 2429 3678 2485 missus

2037 2517 2262 2587 fuerat),
2295 2516 2506 2588 partim
2537 2531 2670 2572 vero
2692 2515 3178 2589 dmmouiacaa,per
3203 2517 3679 2587 anticipationem

2036 2609 2327 2677 conceptae
2360 2605 2802 2677 prmsumptioui
2835 2605 3040 2662 intenti
3088 2607 3501 2677 permanebant
3535 2624 3548 2663 :
3583 2608 3682 2679 qui

2035 2694 2207 2750 etiam
2240 2693 2734 2765 oonjuratiouezet
2781 2694 3024 2751 coitione
3068 2696 3234 2765 facta,
3271 2712 3406 2752 eum
3457 2697 3680 2768 impetu

2035 2799 2271 2855 prorsus
2335 2782 2396 2838 in
2463 2782 2757 2854 apostolos
2813 2782 3064 2851 irruunt,
3139 2785 3342 2856 eisque
3408 2786 3679 2858 arreptis,

2031 2872 2373 2945 Philippum
2422 2872 2659 2944 quidem
2709 2876 2984 2944 tanquam
3033 2873 3328 2930 victimam
3363 2875 3675 2944 quamdam

2033 2962 2093 3018 in
2151 2961 2427 3018 columna
2495 2963 2678 3031 capite
2745 2963 3135 3034 suspendunt,
3189 2962 3672 3019 Bartholommum

2034 3056 2228 3108 autem
2260 3051 2543 3107 directum
2572 3051 2630 3106 in
2674 3051 2898 3122 lignum
2926 3052 3039 3107 sub
3068 3052 3258 3108 crucis
3289 3053 3472 3108 forma
3493 3058 3675 3124 agunt

2033 3139 2190 3195 20I
2254 3141 2441 3211 Atque
2481 3139 2565 3195 illi
2624 3139 2836 3195 talibus
2863 3140 3049 3196 affecti
3082 3139 3404 3212 suppliciis,
3439 3141 3508 3196 ad
3540 3157 3670 3212 pre-

2033 3229 2605 3298 cechonvertuntur.
2653 3227 2900 3284 Cedebat
2937 3232 3131 3284 autem
3163 3228 3356 3284 statim
3388 3228 3569 3295 locus,
3611 3229 3669 3284 in

266 3320 492 3390 ἐξάπινα
521 3321 714 3385 πάντες
742 3323 843 3390 τὴν
887 3323 1023 3376 κατά
1051 3322 1282 3395 Χριστὸν
1329 3321 1636 3390 ἠσπάζοντο
1681 3319 1860 3374 πίστιν
1896 3339 1908 3352 ·

2035 3317 2276 3374 multam
2293 3317 2664 3372 altitudinem
2696 3318 3029 3387 subsidens,
3045 3317 3338 3389 simulque
3353 3317 3667 3374 multitudo

266 3414 359 3464 καί
391 3412 419 3464 ό
469 3412 564 3484 μὶν
614 3409 1025 3484 Βαρθολομαῖος
1073 3415 1181 3466 τῶν
1233 3407 1446 3481 δεσμῶν
1499 3408 1763 3463 ἀπελύετο
1797 3427 1810 3440 ⁸
1853 3409 1912 3470 ὃς

263 3501 357 3554 τὸν
391 3504 634 3575 γενναῖον
687 3500 969 3555 Φίλιππον
1020 3500 1185 3561 ὁσίως
1232 3503 1530 3569 τηνικαῦτα
1575 3503 1654 3569 τῷ
1708 3518 1911 3571 μαρτυ-

267 3588 371 3662 ρίῳ
398 3587 757 3644 τελειωθέντα
801 3592 872 3662 τῇ
923 3594 997 3664 γῇ
1046 3589 1432 3661 καταθέμενος,
1463 3590 1552 3642 καὶ
1602 3588 1700 3656 τήν
1748 3586 1911 3642 πόλιν

268 3681 442 3731 πᾶσαν
515 3679 754 3756 φωτίσας
843 3679 932 3732 καὶ
1019 3678 1237 3751 Χριστῷ
1320 3675 1711 3749 παραθέμενος,
1783 3673 1916 3746 μετά

266 3765 502 3841 χρόνους
535 3767 586 3829 ἐς
632 3766 852 3841 ὕστερον
899 3767 989 3821 καὶ
1033 3766 1216 3836 αὐτὸς,
1250 3765 1301 3820 ἐν
1353 3760 1767 3836 Ούρϐανοπόλει
1815 3770 1914 3831 τῆς

269 3854 518 3911 Κιλίκων
576 3855 842 3935 ἐπαρχίας
924 3862 1136 3929 σταυρῷ
1193 3856 1360 3910 πάλιν
1433 3855 1722 3923 ἀνατιθεῖς,
1781 3853 1916 3926 πρὸς

265 3946 361 4000 τὸν
396 3946 564 4018 μόνον
594 3943 932 4018 ποθούμενον
965 3945 1248 4020 ἀνατρέχει
1282 3944 1541 4018 Χριστόν.

2022 3407 2482 3478 demergebatur,
2532 3416 2704 3480 atque
2763 3407 2844 3463 ita
2887 3409 2944 3462 in
3004 3425 3301 3463 summum
3358 3412 3478 3464 tota
3526 3409 3666 3464 urbs

2020 3497 2235 3553 decidit
2264 3495 2604 3567 periculum.
2650 3496 2752 3563 ibi,
2800 3497 2898 3568 qui
2947 3495 3152 3568 reliqui
3183 3500 3365 3564 erant,
3406 3497 3665 3552 sentien-

2022 3588 2106 3639 tes
2139 3583 2451 3655 perniciem
2483 3588 2540 3640 et
2575 3584 2824 3649 cladem,
2847 3601 2975 3640 eam
3009 3585 3326 3640 vindictam
3357 3599 3480 3640 esse
3511 3585 3660 3654 ejus.

2021 3690 2148 3746 quas
2185 3672 2246 3727 in
2286 3689 2484 3729 sacros
2522 3673 2734 3728 Christi
2769 3673 3066 3728 ministros
3107 3673 3520 3730 contumeliose
3553 3691 3661 3745 pa-

2021 3765 2176 3817 trata
2207 3762 2394 3816 fuerat
2427 3761 2659 3831 injuria,
2693 3761 2999 3818 confestim
3024 3779 3227 3817 omnes
3248 3763 3415 3817 fidem
3451 3761 3664 3816 Christi

2022 3850 2354 3922 suscipiunt
2385 3868 2396 3905 :
2437 3855 2495 3906 et
2530 3851 2990 3907 Bartholomaeus
3023 3852 3095 3906 ab
3140 3851 3224 3906 eis
3273 3850 3522 3908 vinculis
3553 3852 3667 3906 sol-

2023 3940 2191 4006 vitur,
2223 3941 2316 4010 qui
2352 3939 2619 4013 Philippo
2656 3944 2857 3997 sancte
2889 3941 3229 4012 fortiterque
3261 3945 3384 3996 tum
3419 3941 3664 4012 matyrio

265 4035 564 4104 defuncto,
609 4035 922 4107 sepultura
971 4035 1187 4091 honore
1237 4033 1480 4106 prmstio,
1522 4037 1578 4089 et
1627 4033 1768 4088 urbe
1828 4033 1946 4087 tota
1998 4028 2306 4088 illustrata.
2344 4028 2691 4100 Christoque
2738 4029 2946 4094 dicata,
3001 4029 3298 4100 aliquanto
3349 4034 3484 4101 post
3513 4033 3665 4085 tem-

262 4144 400 4198 pore
472 4126 822 4197 Urbonopoli
890 4125 1196 4197 provinciae
1260 4125 1505 4180 Cilicizer
1585 4123 1644 4178 in
1693 4137 1928 4178 crucem
1978 4135 2184 4177 rursus
2242 4122 2428 4188 actus,
2495 4119 2590 4184 ad,
2659 4118 2828 4174 unice
2894 4119 3287 4176 desideratum
3361 4119 3660 4176 Christum

261 4217 554 4290 migravit.

899 4327 1150 4377 ΚΕΦΔΛ.
1195 4327 1275 4375 Μ’.

261 4429 423 4502 Περὶ
464 4432 681 4500 Θωμᾶ,
712 4423 1028 4512 Ἰακώϐου
1066 4432 1182 4512 to?
1222 4427 1570 4512 Ἀλῗαίου,
1602 4426 1908 4512 Σιμωινός

332 4495 401 4554 τέ
455 4495 586 4554 τού
623 4495 966 4570 Ζ⁷ηλωτοῦ,
1005 4497 1222 4554 Ἰούδα
1276 4495 1392 4554 τοῦ
1449 4495 1564 4570 καὶ
1602 4495 1908 4565 Λεϐαίου,

335 4573 446 4653 καὶ
477 4568 810 4653 ,Ματθίου,
847 4577 966 4627 τοῦ
1004 4570 1152 4628 ἀντὶ
1190 4576 1308 4626 τοῦ
1347 4568 1685 4644 προδότου
1725 4590 1912 4624 κατα·
1945 4589 1991 4653 D

338 4643 681 4716 λεγέντος.

336 4754 510 4823 Θωμᾶ
539 4747 595 4804 δὲ
638 4753 735 4804 τοῦ
764 4749 852 4803 καὶ
905 4745 1146 4823 Διδύμου
1184 4753 1301 4810 πῶς
1355 4749 1413 4804 ἂν
1461 4746 1912 4824 παραδράμοιμεν

259 4841 390 4903 τοὺς
435 4845 749 4916 περιμανεῖς
783 4837 870 4895 διὰ
919 4841 1146 4914 Χριστὸν
1197 4835 1400 4915 ἔρωτας
1429 4862 1444 4911 ;
1475 4840 1535 4902 ’ὀς
1587 4838 1653 4908 δὴ
1699 4840 1786 4894 καὶ
1817 4840 1908 4895 τὸν

259 4931 349 4987 ἐπ’
390 4930 655 4992 Αἰθίοπας
700 4931 792 4985 καὶ
837 4927 1042 4991 Ἰνδοὺς
1085 4929 1292 5004 κλῆρον
1349 4930 1567 5008 λαχὼν,
1615 4930 1753 5005 πρὸς
1809 4931 1908 4998 τήν

259 5017 483 5090 πορείαν
542 5017 852 5072 ἀποκναίων
902 5019 968 5086 ἦν
1009 5018 1098 5073 καὶ
1155 5015 1518 5091 ἀναδυόμενος
1554 5037 1566 5052 ο
1621 5019 1684 5073 τὸ
1744 5017 1914 5090 μέλαν

258 5109 352 5164 καὶ
398 5105 714 5181 δύσμορφον
761 5113 860 5176 τῆς
894 5103 1094 5180 ὅψεως,
1139 5109 1278 5181 πρὸς
1325 5105 1383 5162 δὲ
1429 5107 1518 5161 καὶ
1561 5107 1625 5162 τὸ
1671 5111 1768 5161 τοῦ
1817 5110 1911 5162 νοῦ

261 5193 504 5274 ζοφῶδες
552 5197 643 5251 καὶ
697 5193 966 5250 δύσκολον
1018 5196 1430 5270 ἐκτρεπόμενος,
1479 5197 1579 5264 τήν
1625 5197 1763 5269 πρὸς
1814 5196 1910 5250 a6-

257 5289 390 5350 τοὺς
420 5287 594 5366 ἄφιξιν
641 5283 958 5345 ἀνεϐάλετο.
995 5289 1284 5364 Ἐμφανῶς
1333 5286 1377 5342 δ’
1409 5289 1437 5342 ὁ
1469 5287 1661 5343 κάλλει
1709 5287 1910 5359 ὡραῖος

260 5380 415 5448 αύτῷ
459 5378 752 5452 παραστὰς,
803 5377 1086 5452 ἀνηρέθιζε
1133 5386 1233 5448 τῆς
1289 5375 1564 5440 διακονίας
1619 5378 1913 5432 ἀντιποιεῖ-

263 5468 434 5521 σθαι·
469 5469 559 5521 καί
587 5489 648 5542 γε
693 5465 964 5545 τάσφαλὲς
1011 5467 1356 5541 πρυτανεύων
1404 5469 1469 5536 ἦν
1505 5489 1516 5500 ·
1571 5466 1802 5522 συνεῖναί
1854 5487 1910 5520 τε

261 5557 414 5628 αὐτῷ
445 5555 534 5610 διὰ
565 5558 690 5630 βίου
719 5558 809 5611 καὶ
839 5561 936 5611 τοῦ
977 5555 1148 5611 ἄθλου
1197 5555 1537 5631 συναίρεσθαι
1573 5578 1584 5589 ’
1635 5557 1826 5630 ἀμέλει
1858 5577 1910 5610 τι

260 5645 354 5700 καί
410 5665 514 5698 τινι
563 5649 674 5700 τῶν
732 5645 1034 5715 Αἰθιόπων,
1093 5648 1174 5706 οἷς
1235 5645 1532 5719 ἐμπορικὸς
1585 5647 1674 5702 καὶ
1728 5647 1909 5714 ἥττων
1935 5656 1948 5682 ὀ

262 5731 491 5810 κέρδους
535 5735 564 5788 ὁ
616 5734 760 5810 βίος,
801 5740 993 5795 τοῦττν
1043 5731 1444 5793 διαπιποάσκει.
1498 5735 1596 5794 Καὶ
1649 5736 1793 5791 οὕτω
1827 5732 1908 5805 ,δὴ

2654 4317 2894 4374 CAPUT
2931 4319 3048 4373 XL.

2022 4425 2094 4480 De
2133 4424 2356 4497 Thema,
2401 4425 2594 4482 Iacobo
2644 4426 2878 4497 Alphei,
2951 4426 3172 4482 Simone
3249 4427 3449 4496 Zelote,
3501 4426 3662 4489 Iuda,

2093 4496 2190 4566 qui
2243 4507 2294 4552 et
2325 4498 2576 4552 Lebbévus
2625 4496 2719 4551 est
2761 4497 2936 4552 dictus
2962 4513 2984 4558 ;
3041 4503 3088 4552 et
3116 4498 3183 4552 de
3226 4497 3447 4551 ΜιιΙιΙιίιι
3475 4499 3575 4567 qui
3606 4499 3660 4550 in

2093 4567 2270 4624 locum
2296 4568 2590 4640 proditoris
2617 4575 2694 4624 est
2721 4570 3075 4638 subrogatus.

2091 4747 2386 4814 Quomodo
2409 4749 2603 4803 autem
2627 4747 2886 4818 Thomaa,
2948 4747 3047 4818 qui
3079 4753 3132 4802 et
3159 4744 3441 4819 Didymus
3472 4746 3663 4801 dictus

2020 4843 2126 4904 est,
2157 4829 2738 4893 vehementissimum
2789 4838 2849 4892 in
2905 4837 3201 4892 Chrislum
3258 4851 3516 4891 amorem
3549 4852 3661 4906 pris

2020 4925 2361 4981 tereamus?
2391 4926 2487 4997 qui
2545 4927 2841 5006 Ethiopes
2889 4929 2945 4981 et
2993 4925 3166 4980 Indos
3198 4926 3439 4980 sortitus
3471 4941 3503 4980 a
3534 4939 3662 4995 pro-

2020 5014 2263 5071 fectione
2287 5032 2352 5071 ea
2391 5015 2700 5081 abhorens,
2732 5031 2859 5071 sese
2907 5015 3307 5071 subducebat:
3341 5013 3660 5084 nigrosque

2018 5108 2076 5159 et
2106 5103 2396 5160 deformes
2451 5121 2642 5160 carum
2692 5105 2948 5175 gentium
2998 5103 3216 5170 vultus,
3268 5106 3660 5173 praetereaque

2020 5192 2365 5263 caliginosae
2395 5200 2569 5265 atque
2599 5193 2991 5249 intractabiles
3024 5209 3224 5248 carum
3251 5195 3474 5248 mentes
3506 5207 3662 5245 aver-

2019 5299 2179 5348 sans,
2215 5283 2323 5337 iter
2377 5285 2448 5339 ab
2500 5300 2596 5339 eos
2647 5299 2817 5339 suum
2867 5282 3187 5338 dilferebat.
3247 5283 3451 5352 Aperte
3484 5280 3663 5350 igitur

2019 5376 2075 5426 et
2105 5372 2256 5426 clare
2304 5373 2378 5439 ei,
2425 5374 2472 5428 is
2531 5374 2630 5443 qui
2681 5374 2864 5428 forma
2913 5372 3213 5442 speciosus
3270 5375 3379 5438 cst,
3414 5371 3658 5434 assistit,

2019 5477 2268 5530 eumque
2290 5464 2359 5516 ad
2397 5463 2783 5517 ministerium
2818 5478 2990 5515 suum
3016 5461 3433 5532 capessendum
3466 5459 3661 5514 cohor-

2018 5555 2192 5606 tatur.
2231 5553 2292 5605 Et
2344 5558 2401 5607 ut
2442 5557 2663 5608 certum
2697 5567 3078 5621 securumque
3112 5550 3393 5617 redderet,
3427 5566 3559 5604 cum
3592 5566 3658 5605 eo

2021 5656 2082 5694 se
2110 5656 2208 5708 per
2237 5643 2412 5696 vitam
2443 5659 2674 5696 omnem
2707 5643 2986 5700 futurum,
3030 5641 3422 5709 auxiliumque
3453 5640 3512 5693 in
3535 5655 3658 5693 cer-

2018 5728 2341 5788 taminibus
2366 5731 2618 5789 laturum
2652 5730 2977 5803 pollicetur.
3009 5731 3162 5799 Quin
3219 5729 3394 5787 etiam
3423 5726 3658 5787 cuidam
