4070 6274
309 299 428 362 863
1595 312 1976 375 NICEPHOH

2082 316 2412 378 )ALLlSTl
3581 306 3705 366 864

311 464 382 505 ex
409 448 803 522 Ethiopibus,
835 448 1049 521 quibus
1078 466 1149 506 ex
1201 454 1529 507 mercatura
1558 449 1739 507 lucris
1766 452 1949 506 inser-

2082 450 2159 518 τὴν
2209 451 2291 505 ἐπ’
2343 449 2604 511 Αἰθίοπας
2654 447 2867 505 εἴσοδον
2915 446 3175 504 ἐποιεῖτο.
3222 444 3494 500 Ἐντεῦθεν
3540 447 3707 514 Σμιν-

312 538 474 595 viens
503 548 588 595 est
644 540 782 605 vita,
835 545 900 595 ut
952 539 1237 596 vendatur
1278 540 1489 608 effecit,
1530 544 1705 611 atque
1762 540 1843 597 ita
1901 541 1954 597 ei

315 629 541 684 aditum
570 630 640 684 ad
690 629 987 700 {EthiOpes
1019 629 1175 685 facit.
1210 630 1346 685 Inde
1377 629 1437 685 in
1479 629 1734 687 notitiam
1764 630 1958 685 Smin-

315 717 450 781 ἀεὶ,
481 717 733 788 regionis
761 719 890 790 ejus
938 718 1243 789 principis,
1277 733 1521 790 regnum
1564 718 1649 773 illi
1680 717 1955 773 caelorum

315 804 746 862 studiosissime
791 822 1025 877 parans,
1076 806 1360 877 pervenit,
1403 812 1459 863 et
1490 806 1790 863 miraculis
1834 823 1963 878 pro-

314 893 605 966 digiisque
635 894 909 965 maximis
932 896 1197 964 Parthos,
1228 896 1446 966 Medos,
1470 895 1664 965 Indos,
1693 896 1963 967 ipsosque

315 982 612 1054 Ethiopes
642 982 703 1038 in
760 983 1203 1040 admirationem
1269 986 1523 1042 adducit.
1552 984 1787 1053 Adhaec,
1833 985 1965 1055 qui-

317 1086 546 1142 cunque
588 1072 646 1127 in
696 1076 956 1129 extrema
1004 1073 1253 1129 Orientis
1304 1091 1425 1142 ora,
1477 1079 1535 1130 et
1563 1074 1638 1130 ad
1686 1074 1961 1129 ultimum

316 1160 610 1216 Oceanum
662 1160 907 1217 colunt:
938 1161 1191 1218 insulam
1248 1180 1481 1234 quoque
1537 1179 1705 1233 quam
1749 1168 1962 1233 Tapro-

318 1248 528 1305 banem
578 1259 801 1318 vocant,
832 1258 1181 1322 gentemque
1222 1253 1651 1308 Brachmanum
1684 1252 1963 1323 praedica-

318 1337 476 1393 tione
507 1339 661 1394 verbi
713 1339 988 1397 illustrat.
1021 1340 1397 1412 Templisque
1428 1341 1640 1412 ubique
1670 1342 1963 1407 maximis,

322 1426 569 1499 aliisque
589 1445 689 1501 pro
722 1446 788 1485 eo
811 1434 986 1501 atque
1016 1430 1261 1486 decebat
1274 1431 1449 1486 rebus
1472 1430 1746 1486 omnibus
1768 1438 1967 1486 sancte

323 1517 628 1586 ordinatis,
678 1525 976 1590 postremo
1018 1519 1238 1575 lanceis
1300 1518 1453 1574 latus
1511 1520 1843 1585 confossus,
1892 1519 1966 1574 ad

323 1620 457 1661 eum
524 1607 693 1678 cujus
762 1608 888 1679 ipse
955 1613 1397 1679 pertrectaverat
1465 1608 1637 1677 latus,
1690 1608 1965 1679 pervenit.

326 1693 488 1751 τοι
519 1696 693 1753 Porro
738 1698 987 1753 Jacobus
1028 1698 1206 1753 etiam
1250 1696 1471 1769 Alphei
1518 1697 1696 1764 ﬁlius,
1743 1705 1796 1753 et
1844 1698 1969 1768 ipse

324 1799 394 1839 ex
422 1785 733 1842 duodecim
755 1785 875 1841 illis
907 1803 1083 1855 unus,
1105 1789 1266 1857 juxta
1293 1788 1421 1858 ejus
1443 1787 1542 1858 qui
1573 1802 1705 1842 eum
1738 1788 1969 1858 regebat

324 1872 578 1943 Spiritus
609 1874 798 1930 sancti
835 1875 1193 1932 voluntatem
1238 1883 1294 1932 et
1321 1877 1587 1945 ductum,
1634 1875 1706 1931 ab
1736 1881 1968 1948 aposto-

327 1961 517 2017 lorum
566 1979 805 2035 oorpore
850 1966 1173 2036 sejunctus,
1227 1969 1388 2021 Gazae
1438 1966 1719 2037 primum,
1759 1966 1967 2021 deinde

330 2049 780 2124 Eleutheropoli,
815 2059 873 2109 et
919 2054 978 2110 in
1026 2054 1232 2111 vicinis
1275 2055 1357 2110 ibi
1384 2055 1728 2113 earumdem
1778 2071 1967 2127 pepu-

329 2138 519 2195 lorum
551 2141 883 2199 civitatibus
929 2159 1186 2215 versans,
1228 2145 1477 2201 maxima
1502 2161 1756 2216 quisque
1785 2144 1968 2200 mira-

326 2228 459 2286 cula
486 2231 605 2286 edit
633 2249 647 2285 :
683 2235 737 2287 et
760 2232 1091 2289 ccelestibus
1113 2234 1366 2305 Spiritus
1386 2236 1573 2290 sancti
1603 2233 1971 2289 sermonibus

326 2319 399 2374 ab
422 2335 488 2375 eo
510 2326 716 2391 pacata
734 2323 984 2392 quadam
1015 2328 1073 2379 et
1100 2324 1306 2379 inermi
1336 2323 1390 2378 vi
1412 2325 1483 2379 ad
1515 2326 1720 2394 gentes
1741 2321 1970 2389 delatis,

329 2407 731 2463 testimonium
790 2410 948 2481 regni
1019 2410 1236 2466 Christi
1294 2411 1550 2466 maxima
1615 2410 1976 2465 incrementa

328 2498 506 2568 capit.
539 2498 797 2555 Posthtec
844 2501 917 2556 ad
967 2502 1261 2574 Egyptios
1307 2507 1742 2572 extremamque
1769 2517 1972 2557 eorum

330 2586 629 2658 regionem
666 2588 1035 2659 perveniens,
1067 2595 1125 2646 et
1169 2591 1460 2647 Christum
1509 2592 1870 2647 Servatorem
1918 2594 1977 2646 et

331 2675 517 2731 Deum
591 2691 722 2732 esse
779 2679 1159 2741 annuntians,
1234 2683 1304 2736 ad
1355 2681 1557 2737 urbem
1598 2681 1835 2736 tandem
1891 2679 1972 2734 cri

330 2765 641 2821 Ostracine:
692 2782 901 2823 nomen
947 2776 1054 2835 est,
1104 2769 1244 2825 adit.
1284 2772 1474 2841 Atque
1526 2770 1603 2825 ibi
1653 2785 1785 2825 cum
1831 2768 1977 2825 satis

331 2853 500 2924 longo
518 2857 780 2927 tempore
805 2856 1060 2927 vixisset,
1074 2858 1467 2931 periculisque
1483 2864 1539 2917 et
1559 2858 1978 2915 certaminibus

333 2940 606 3013 plurimis
635 2946 1005 3003 conﬂictatus
1033 2952 1207 3018 esset,
1245 2949 1482 3006 tandem
1516 2948 1589 3004 ad
1622 2947 1975 3005 confirman-

335 3031 471 3087 dam
529 3048 727 3090 eorum
777 3052 925 3106 quos
970 3037 1243 3094 docuerat
1307 3037 1585 3104 salutem,
1651 3036 1802 3092 cruci
1856 3037 1981 3106 ipse

337 3137 565 3193 quoque
612 3140 646 3179 a
701 3126 1080 3196 quibusdam,
1159 3128 1261 3200 qui
1312 3128 1486 3184 verbo
1529 3126 1660 3183 ﬁdei
1707 3126 1982 3183 adversa-

2061 538 2199 613 δαίῳ
2243 546 2323 613 τῷ
2369 548 2470 610 τῆς
2520 542 2709 616 χώρας
2758 537 2989 614 ἄρχοντι
3034 537 3347 592 καθίσταται
3399 533 3705 608 γνώριμος,

2060 629 2410 704 λεπτούργῶν
2454 630 2644 703 ἐκείνῳ
2694 630 2744 685 έν
2806 630 3062 701 οὐρανοῖς
3119 625 3187 680 τά
3248 623 3520 700 βασίλεια.
3570 621 3711 677 Θαύο

2064 741 2195 793 μασι
2227 717 2284 774 δὲ
2328 722 2416 775 καὶ
2467 720 2703 795 τεράτων
2750 717 3004 791 ἐξαισίοις
3051 712 3231 791 ἔργοις
3285 714 3551 788 Πάρθους,
3591 713 3713 781 Μή-

2062 807 2188 870 δους
2212 829 2276 864 ,τε
2303 810 2394 863 καὶ
2439 807 2662 874 Ἰνδοὺς,
2713 809 2849 881 πρὸς
2882 804 2939 861 δὲ
2985 807 3078 861 καὶ
3110 804 3378 864 Αἰθίοπας
3426 799 3717 869 καταπλήο

2061 900 2152 967 ξας
2182 917 2195 930 ’
2230 896 2320 953 ἐπὶ
2372 895 2439 967 δὴ
2470 898 2685 959 τούτοις
2730 899 2854 952 ὅσοι
2880 916 2941 949 τε
2982 895 3050 949 τὰ
3098 890 3235 968 ἄκρα
3275 900 3377 962 τῆς
3423 892 3563 962 ἑῴας
3606 892 3712 963 τῆς

2065 985 2272 1061 ἔλαχον
2302 992 2602 1056 κατοικεῖν,
2631 989 2722 1041 καὶ
2750 988 2816 1039 τὰ
2847 984 3053 1040 ἔσχατα
3081 987 3177 1038 τοῦ
3208 986 3468 1039 Ὠκεανοῦ
3518 978 3657 1052 μέρη
3697 998 3713 1008 ·

2063 1079 2231 1145 νῆσόν
2260 1097 2319 1131 τε
2344 1078 2406 1144 ἣν
2458 1072 2822 1150 Ταπροϐἀνην
2874 1074 3126 1139 καλοῦσι,
3151 1071 3243 1127 καὶ
3289 1072 3353 1125 τὸ
3383 1073 3490 1125 τῶν
3522 1075 3716 1141 Βραχ-

2068 1166 2253 1238 μάνων
2298 1161 2451 1226 ἔθνος
2502 1163 2652 1236 αύτῷ
2696 1161 2826 1217 εἶ’σω
2885 1163 3113 1234 θέμενος
3156 1165 3256 1217 τοῦ
3304 1158 3660 1232 κηρύγματος
3697 1175 3714 1188 ·

2064 1256 2204 1316 νεώς
2260 1274 2318 1308 τε
2376 1253 2665 1329 μεγίστους
2723 1254 3061 1325 ἁπανταχοῦ,
3107 1251 3195 1305 καὶ
3252 1248 3431 1303 τᾶλλα
3486 1246 3585 1302 ὅσα
3641 1242 3715 1313 δή

2066 1349 2312 1417 προσῆκε
2358 1342 2835 1413 καταστησάμενος
2883 1341 3064 1413 ἱερῶς,
3107 1338 3161 1394 ἐν
3213 1339 3419 1411 ὑστέρῳ
3476 1334 3719 1410 λόγχαις

2070 1431 2379 1505 διατρηθεὶς
2427 1433 2527 1500 τήν
2573 1430 2834 1506 πλευρὰν,
2880 1430 3017 1505 πρὸς
3063 1430 3155 1482 τὸν
3210 1427 3273 1482 οὗ
3323 1429 3423 1496 τήν
3477 1425 3722 1497 πλευρὰν

2070 1519 2421 1599 ἐψηλάφησε,
2474 1520 2853 1593 μετεχώρησε.
2901 1517 3006 1573 Ναὶ
3060 1518 3170 1590 μὴν
3220 1516 3309 1570 καὶ
3362 1516 3391 1570 ὁ
3446 1518 3545 1569 τοῦ
3590 1511 3721 1568 Ἀλ-

2072 1612 2235 1688 φαίου
2277 1605 2562 1672 Ἰάκωϐος,
2598 1612 2675 1670 εἷς
2705 1606 2764 1663 δὶ
2810 1607 2901 1665 καὶ
2948 1607 3107 1668 οὗτος
3155 1610 3263 1661 τῶν
3310 1601 3539 1672 δώδεκα,
3581 1601 3725 1657 κατά

2070 1702 2170 1769 τήν
2215 1705 2313 1753 τοῦ
2362 1697 2593 1773 ἄγοντος
2645 1698 2803 1752 αὐτὸν
2857 1696 3067 1770 βουλήν
3114 1716 3171 1749 τε
3218 1695 3310 1749 καὶ
3353 1693 3575 1769 ἡγεσίαν
3620 1696 3727 1746 τοῦ

2000 1820 2045 1885 Β
2078 1792 2352 1859 ζωοποιοῦ
2405 1788 2743 1860 Πνεύματος,
2780 1789 2986 1861 μακράν
3036 1786 3116 1857 τῷ
3164 1785 3380 1857 σώματι
3428 1783 3535 1837 τῶν
3578 1781 3727 1836 ἀπο-

2077 1877 2285 1935 στόλων
2343 1878 2657 1951 γενόμενος,
2715 1876 2766 1931 ἐν
2832 1878 2973 1949 Γάζῃ
3038 1875 3131 1947 μὲν
3202 1877 3419 1948 πρῶτα,
3475 1872 3592 1927 εἶτα
3663 1869 3726 1923 ἐν

2076 1965 2584 2042 Ἐλευθερουπόλει,
2641 1966 2733 2020 καὶ
2803 1970 2925 2026 ταῖς
2996 1962 3167 2019 ἐκεῖσε
3237 1961 3538 2037 περιοίκοις
3606 1964 3724 2015 τῶν

2079 2057 2378 2132 ὁμοφύλων
2423 2056 2620 2111 πόλεσι
2669 2053 2974 2128 διατρίψας,
3010 2052 3264 2129 τεράστια
3308 2051 3441 2106 ἄττα
3491 2051 3726 2126 μέγιστα

2080 2145 2420 2223 διεπράξατο.
2466 2147 2701 2219 Ῥήμασι
2752 2142 2810 2198 δὲ
2863 2142 3176 2217 Πνεύματος
3228 2141 3381 2217 ἁγίου
3431 2138 3727 2215 ὑπερφυέσι

2079 2238 2215 2311 πρὸς
2263 2234 2393 2297 τοὺς
2451 2233 2501 2307 ἐξ
2560 2232 2727 2289 ἐθνῶν
2784 2231 3113 2309 ἐπεισφέρων
3172 2230 3330 2305 ἰσχύϊ
3384 2228 3607 2303 ἀμάχῳ,
3656 2228 3727 2282 τὸ

2082 2326 2381 2399 μαρτύριον
2429 2330 2532 2393 τῆς
2589 2326 2826 2397 Χριστοῦ
2877 2320 3159 2396 βασιλείας
3207 2319 3404 2393 ἄριστα
3448 2314 3727 2373 ἐπεδίδου.

2081 2413 2347 2470 Ἐντεῦθεν
2409 2416 2478 2485 τῇ
2526 2411 2787 2485 Δίγυπτῳ
2842 2404 3195 2483 προσϐαλὼν,
3244 2406 3335 2461 καὶ
3390 2411 3511 2467 ταῖς
3567 2405 3734 2478 ἐσχα-

2078 2509 2222 2564 τιαῖς
2269 2500 2461 2571 αῦτῆς,
2492 2502 2586 2556 τὸν
2636 2499 2873 2572 Χριστὸν
2915 2501 3130 2568 Ἰησοῦν
3177 2499 3409 2571 Σωτῆρα
3453 2495 3547 2549 καὶ
3593 2494 3730 2548 Θεὸν

2082 2591 2591 2666 εὐαγγελισάμενος,
2647 2589 2711 2644 τὸ
2764 2588 3076 2643 τελευταῖον
3131 2585 3221 2642 ἒπὶ
3277 2588 3345 2659 τῇ
3404 2583 3729 2658 Ὀστρακίνῃ

2086 2680 2361 2758 λεγομένῃ
2393 2678 2553 2734 πόλει
2584 2678 2892 2753 γενόμενος,
2923 2675 3123 2748 πολλῷ
3154 2679 3234 2747 τῷ
3267 2676 3455 2750 χρόνῳ
3486 2673 3584 2736 τὰς
3611 2669 3733 2726 δια-

2083 2766 2275 2844 τριϐὰς
2330 2770 2501 2823 ἐκεῖσε
2555 2765 2873 2837 πεποιηκώς
2909 2787 2921 2798 ·
2980 2762 3251 2826 κινδύνοις
3315 2784 3374 2818 τε
3448 2763 3562 2834 ἅμα
3636 2760 3731 2815 καὶ

2086 2859 2273 2921 ἄθλοις
2306 2859 2381 2919 ὡς
2413 2857 2690 2917 πλείστοις
2731 2854 3077 2926 ἐνηθληκὼς,
3108 2853 3326 2930 ὕστερον
3360 2852 3439 2913 εἰς
3490 2844 3727 2926 βεϐαίω-

2087 2970 2167 3004 σιν
2199 2954 2308 3004 τῶν
2359 2946 2799 3023 μαθητευθέντων
2842 2946 2989 3017 αύτῷ
3033 2942 3331 3018 σωτηρίας,
3379 2947 3592 3017 σταυρῷ
3630 2941 3718 2995 καὶ

2088 3039 2243 3099 οὗτος
2304 3039 2440 3113 πρός
2495 3057 2659 3092 τινων
2713 3034 3114 3107 ἀνθισταμένων
3158 3034 3237 3105 τῷ
3285 3030 3437 3108 λόγῳ
3486 3039 3585 3100 τῆς
3631 3028 3725 3083 πί-

2092 3150 2259 3191 στεως
2308 3128 2709 3204 προσηλοῦται,
2752 3124 2844 3180 ’ἱνα
2889 3126 2987 3180 κάν
3034 3124 3211 3196 τούτῳ
3263 3124 3341 3196 μὴ
3400 3120 3589 3195 πόρῥω
3639 3118 3730 3188 ε’ίη

337 3210 575 3279 bantur,
623 3213 902 3284 afﬁgitur,
953 3221 1017 3271 ut
1064 3223 1120 3273 et
1155 3197 1216 3272 in
1263 3217 1389 3288 ipso
1438 3232 1555 3272 non
1603 3215 1682 3271 ita
1733 3213 1976 3269 multum

2091 3227 2192 3289 τῆς
2248 3225 2345 3274 τοῦ
2399 3216 2733 3274 Διδασκάλον
2791 3218 3097 3290 μιμήσεως.
3147 3214 3330 3285 ’Ἄξιον
3390 3211 3448 3267 δὲ
3495 3215 3588 3266 καί
3637 3209 3733 3265 τόν

339 3299 589 3359 imitatio
621 3305 826 3361 mortis
847 3307 1105 3378 Magistri
1135 3306 1225 3363 sui
1249 3307 1706 3376 abesset.0per¢e
1739 3304 1989 3377 pretium

340 3391 507 3448 etiam
586 3394 779 3464 fuerit,
864 3397 1164 3454 Simonem
1234 3399 1392 3454 Cana
1467 3397 1719 3453 Galilaeaa
1772 3398 1990 3466 ortum,

340 3482 439 3551 qui
472 3491 707 3554 propter
754 3485 1099 3557 ﬂagrantem
1157 3488 1219 3542 in
1267 3486 1613 3559 Magistrum
1673 3502 1848 3543 suum
1898 3501 1990 3539 ar-

338 3570 561 3642 dorem,
611 3590 1026 3647 summamque
1074 3576 1416 3648 evangelicae
1489 3577 1570 3633 rei
1634 3592 1738 3649 per
1791 3574 1992 3633 omnia

337 3675 563 3731 curam,
613 3662 833 3721 Zelotes
916 3667 1359 3736 cognominatus
1431 3671 1544 3736 est,
1595 3667 1693 3721 hic
1754 3666 1987 3721 referre.

336 3750 590 3822 Accepto
620 3754 777 3831 enim
803 3755 854 3811 is
885 3755 1117 3812 cmlitus
1146 3757 1489 3814 adveniente
1518 3761 1717 3812 sancto
1742 3755 1987 3825 Spiritu»

342 3838 663 3911 Egyptum,
734 3843 1034 3915 Cyrenem,
1088 3851 1145 3901 et
1198 3846 1477 3914 Africam,
1533 3846 1743 3901 deinde
1773 3843 1990 3901 Mauri-

338 3929 586 3991 taniam,
636 3935 693 3987 et
741 3933 979 4003 Libyam
1031 3951 1290 4005 omnem,
1348 3934 1727 4007 Evangelium
1775 3937 1991 4006 deprae-

339 4014 540 4072 dicans
569 4021 857 4089 percurrit
914 4040 927 4077 :
990 4025 1375 4096 eamdemque
1431 4024 1755 4080 doctrinam
1807 4024 1987 4080 etiam

339 4104 410 4160 ad
460 4106 878 4165 occidentalem
914 4128 1218 4179 oceanum,
1250 4114 1587 4185 insulasque
1624 4113 1987 4169 Britannicas

340 4193 570 4264 perfert.
632 4197 941 4256 Permultis
971 4218 1103 4259 vero
1154 4204 1452 4274 signorum
1502 4209 1559 4258 et
1605 4203 1987 4273 prodigiorum

343 4286 662 4355 miraculis,
720 4287 1030 4362 divinaque
1095 4291 1362 4348 doctrina
1425 4292 1736 4362 Christum,
1794 4293 1875 4348 ita
1922 4292 1988 4347 ut

344 4374 567 4446 debuit,
615 4377 981 4447 celebrando,
1046 4380 1694 4453 innumerabilibusque
1747 4380 1987 4454 insuper

344 4464 618 4523 aerumnis
660 4471 717 4523 et
744 4466 1157 4527 afﬂictionibus
1187 4471 1413 4528 obviam
1443 4474 1656 4541 eundo,
1692 4477 1983 4544 postremo

2093 3308 2200 3364 ἀπὸ
2247 3314 2390 3364 Κάνᾶ
2432 3316 2532 3378 τῆς
2580 3305 2875 3367 Γαλιλαίας
2926 3304 3170 3378 Σίμωνα,
3220 3305 3279 3365 ὃς
3327 3302 3594 3372 Ζηλωτής
3644 3297 3732 3354 διά

2095 3401 2188 3453 τὸν
2232 3399 2366 3471 πρὸς
2412 3398 2503 3453 τὸν
2555 3395 2887 3452 Διδάσκαλον
2936 3392 3196 3467 διάπυρον
3254 3389 3447 3462 ζῆλον,
3495 3391 3584 3444 καὶ
3637 3390 3738 3456 τήν

2095 3488 2184 3544 ἐπὶ
2213 3494 2343 3543 πᾶσι
2370 3494 2470 3557 τῆς
2518 3485 2878 3561 εὐαγγελικῆς
2907 3484 3187 3545 πολιτείας
3236 3477 3511 3557 ἀκριϐειαν
3558 3480 3739 3540 οὕτως

2097 3578 2407 3650 ὠνόμαστο,
2466 3582 2583 3638 τοῖς
2640 3579 2902 3649 παροῦσιν
2974 3572 3203 3642 ἐντάξαι.
3257 3570 3409 3628 Μετά
3476 3568 3577 3644 γὰρ
3637 3569 3739 3635 τὴν

2096 3666 2393 3722 ἔπιπτᾶσαν
2442 3666 2591 3738 αύτῷ
2630 3669 2727 3719 τοῦ
2772 3661 3035 3739 παναγίου
3087 3660 3400 3733 Πνεύματος
3444 3656 3747 3732 ἐπιφοίτη-

2097 3779 2201 3829 σιν,
2254 3756 2511 3831 Αἰγύπτῳ
2562 3756 2779 3830 Κυρήνῃ
2829 3775 2888 3809 τε
2936 3751 3027 3807 καὶ
3073 3756 3140 3825 τῇ
3201 3752 3438 3826 Ἀφρικῇ
3489 3742 3742 3820 προσϐα-

2098 3848 2231 3911 λὼν,
2283 3844 2645 3918 Μαυριτανίαν
2674 3865 2732 3899 τε
2779 3842 2869 3897 καὶ
2918 3842 3041 3898 ὅσον
3090 3847 3190 3908 τῆς
3239 3834 3450 3908 Λιϐύης
3493 3835 3628 3904 ἐστὶ,
3658 3839 3741 3907 τῷ

2098 3937 2409 4013 Εύαγγελίῳ
2457 3934 2793 4009 διαδραμὼν,
2853 3933 2942 3988 καὶ
3001 3932 3137 4007 πρὸς
3192 3930 3439 4003 ἑσπέριον
3495 3928 3735 3983 ὠκεανὸν

2094 4023 2384 4097 εἰσϐαλὼν,
2434 4026 2523 4081 καὶ
2576 4026 2671 4087 τὰς
2730 4022 3077 4097 Βρεταννικάς
3124 4020 3324 4090 νήσους
3381 4016 3739 4093 εὐαγγελισά-

2097 4136 2256 4187 μενος
2287 4133 2300 4147 ·
2361 4113 2597 4175 πολλοῖς
2644 4110 2700 4167 δὲ
2744 4112 2996 4185 σημείοις
3049 4110 3137 4164 καὶ
3196 4109 3483 4179 θαυμάτων
3532 4102 3742 4160 ἐπιδεί-

2091 4207 2221 4274 ξεσι,
2256 4203 2513 4280 θεολογίᾳ
2559 4224 2618 4257 τε
2659 4202 2749 4256 καὶ
2790 4198 3113 4270 διδασκαλίᾳ
3159 4197 3391 4274 Χριστὸν
3433 4197 3508 4256 ὡς
3550 4195 3736 4269 χρεὼν

2091 4296 2444 4367 ἀνύμνησαςο
2506 4293 2753 4366 ἀπείροις
2810 4288 2868 4345 δὲ
2923 4294 3031 4343 τῶν
3100 4287 3338 4361 θλίψεων
3415 4284 3738 4354 ἐξετασθεές,

2090 4383 2248 4447 τέλος
2293 4384 2383 4438 καὶ
2432 4384 2611 4452 οὗτος,
2660 4382 2751 4436 τὸν
2807 4377 2898 4435 διὰ
2954 4380 3186 4451 σταυροῦ
3234 4376 3462 4430 θάνατον
3504 4372 3739 4446 ἀλήκτῳ

2089 4474 2196 4529 τινὶ
2236 4480 2381 4549 χαρᾷ
2428 4470 2825 4545 εἶσδεξάμενος,
2851 4470 2989 4544 πρὸς
3037 4469 3129 4523 τὸν
3177 4465 3345 4521 αὐτοῦ
3395 4462 3735 4519 Διδάσκαλον

342 4559 400 4612 et
451 4556 574 4627 ipse
617 4557 941 4616 incredibili
989 4562 1240 4632 quadam
1313 4561 1510 4619 laetitia
1578 4568 1823 4619 mortem
1883 4578 1976 4634 per

2095 4565 2503 4641 μετεχώρησεν.
2537 4560 2810 4622 Ὡσαύτως
2858 4561 2946 4615 καὶ
3002 4555 3205 4619 Ἰούδας
3251 4558 3280 4611 ὸ
3324 4557 3467 4617 θεῖος
3501 4573 3513 4586 ·
3554 4552 3681 4641 ,οὔχ
3708 4555 3740 4608 ὁ

343 4662 571 4703 crucem
602 4648 933 4719 subiens,ad
967 4650 1311 4723 Magistrum
1352 4667 1525 4707 suum
1572 4652 1823 4708 transiit.
1857 4652 1982 4710 Non

346 4738 543 4795 minus
585 4744 643 4795 et
693 4740 865 4796 divus
912 4741 1117 4807 ludas,
1172 4757 1285 4797 non
1342 4742 1648 4798 Iscariotes
1709 4740 1827 4809 ille,
1879 4741 1980 4798 sed

344 4826 514 4896 alter,
544 4828 640 4885 cui
667 4829 878 4901 duplex
934 4847 1253 4903 cognomen
1299 4830 1426 4899 fuit,
1457 4830 1730 4887 Thaddaei
1762 4831 1984 4887 scilicet

344 4921 402 4973 et
446 4918 697 4989 Lebbasi,
739 4919 896 4979 ﬁlius
951 4922 1188 4993 quidem
1239 4922 1500 4992 Josepbi,
1568 4921 1744 4993 frater
1790 4929 1981 4977 autem

340 5006 560 5079 Jacobi,
617 5010 719 5081 qui
773 5027 804 5066 e
859 5011 1173 5083 pinnaculo
1218 5010 1417 5083 templi
1464 5011 1721 5082 deiectus
1777 5012 1981 5078 fuerat,

343 5097 605 5156 Judaam
659 5099 916 5172 primum
965 5106 1023 5156 et
1060 5100 1376 5168 Galilaeam,
1406 5100 1732 5157 Samariam
1763 5105 1820 5157 et
1849 5101 1981 5156 ldu-

347 5207 573 5261 mteam,
606 5191 816 5249 deinde
870 5192 1090 5249 Arabiae
1123 5193 1397 5261 civitates,
1451 5209 1676 5250 necnon
1715 5192 1896 5265 Syrias
1927 5196 1985 5247 et

348 5280 775 5353 Mesopotamiae
832 5283 1119 5353 regiones,
1183 5298 1393 5353 sagena
1468 5282 1762 5354 Evangelii
1809 5282 1981 5352 cepit.

349 5368 644 5426 Postremo
698 5373 978 5428 Edessam
1053 5372 1330 5443 pervenit,
1388 5372 1605 5444 Abgari
1671 5371 1983 5441 civitatem,

2090 4640 2464 4728 Ἰσκαριώτης,
2497 4653 2623 4708 ἀλλ’
2669 4652 2715 4723 ᾧ
2761 4652 2797 4719 ἡ
2842 4648 3040 4719 κλῆσις
3089 4645 3362 4719 διώνυμος
3397 4664 3413 4679 ο
3465 4640 3741 4707 Θαδδαῖος

2087 4745 2190 4818 γὰρ
2213 4742 2305 4797 καὶ
2354 4738 2587 4804 Λεϐαῖος
2616 4738 2878 4809 ἐκέκλητο
2913 4756 2925 4768 ⁸
2978 4737 3040 4791 οὗ
3071 4737 3252 4810 πατὴρ
3287 4736 3383 4808 μὲν
3425 4734 3455 4787 ὁ
3504 4733 3740 4811 Ἰωσὴφ,

2089 4827 2351 4894 Ἰάκωϐος
2382 4829 2439 4886 δὲ
2476 4832 2504 4885 ὁ
2551 4831 2687 4885 κατά
2715 4832 2813 4884 τοῦ
2862 4825 3150 4902 πτερυγίου
3199 4824 3424 4894 βληθεὶς
3473 4820 3741 4897 κασίγνη-

2088 4941 2182 4984 τος
2211 4919 2500 4994 ἐτύγχανεν
2531 4916 2628 4989 ὢν,
2661 4916 2713 4971 ἐν
2764 4913 3003 4986 Ἰουδαίᾳ
3043 4914 3263 4988 πρῶτον
3308 4910 3400 4965 καὶ
3442 4907 3737 4979 Γαλιλαίᾳ,

2094 5009 2371 5084 Σαμαρείᾳ
2415 5027 2475 5063 τε
2522 5006 2611 5061 καὶ
2658 5002 2942 5078 Ἰδουμαίᾳ
2970 5022 2983 5036 '
3034 5008 3135 5071 τῆς
3194 4995 3473 5077 ’Δραϐείας
3529 5018 3589 5051 τε
3636 4998 3739 5059 τάς

2091 5098 2303 5169 πόλεις,
2352 5100 2488 5173 πρὸς
2539 5094 2606 5166 δὴ
2649 5095 2866 5158 τούτοις
2916 5095 3121 5167 Συρίας
3168 5092 3260 5147 καὶ
3313 5088 3742 5159 Μεσοποταμίας

2091 5195 2262 5244 πᾶσαν
2306 5189 2403 5256 τήν
2450 5190 2572 5259 γῆν,
2623 5185 2691 5260 τῇ
2737 5186 2945 5260 σαγήνῃ
2987 5187 3085 5238 τοῦ
3136 5180 3472 5255 Εὐαγγελίοτ
3512 5179 3741 5251 ζωγρή-

2093 5300 2185 5341 σας
2224 5297 2236 5311 ο
2269 5275 2491 5351 Ἐδέσσῃ
2536 5297 2617 5343 τε,
2647 5276 2682 5345 ἣ
2734 5273 2986 5348 Αύγάρου
3018 5270 3181 5332 πόλις
3226 5271 3316 5338 ἦν,
3348 5266 3566 5341 ὕστερον
3616 5265 3743 5321 ἐπι-

2094 5368 2242 5438 στὰς,
2287 5368 2424 5421 ὅπου
2473 5363 2540 5434 δὴ
2592 5364 2857 5439 πρότερον
2905 5361 2995 5416 καὶ
3045 5362 3074 5415 ὁ
3120 5357 3306 5432 ἕτερος
3347 5353 3633 5426 Θαδδαῖος,
3679 5356 3744 5417 ὃς

353 5456 451 5513 ubi
487 5461 658 5514 antea
704 5460 845 5517 alter
892 5478 1124 5533 quoque
1162 5461 1491 5517 Thaddaaus
1521 5477 1589 5517 ex
1618 5461 1976 5533 septuaginta

2090 5462 2198 5512 τῶν
2252 5451 2630 5529 ἑϐδομήκοντα
2676 5456 2741 5523 ἦν
2793 5454 2891 5519 εἷς,
2937 5452 3004 5506 τὰ
3057 5451 3194 5504 κατά
3249 5447 3477 5521 Χριστὸν
3533 5464 3744 5519 προσε-

352 5546 471 5603 illis
526 5561 675 5604 unus
729 5548 1028 5607 Christum
1073 5551 1362 5607 docuerat.
1409 5551 1795 5622 208'Atque
1858 5566 1990 5605 cum

354 5636 457 5711 ibi,
488 5636 539 5694 si
579 5637 716 5709 quid
746 5638 940 5696 adhuc
969 5656 1037 5697 ex
1064 5640 1306 5700 alterius
1347 5639 1509 5699 illius
1537 5639 1863 5699 ministerio
1893 5639 1990 5696 de-

2094 5547 2324 5603 σάλπισε
2357 5564 2369 5576 ·
2403 5547 2491 5600 καὶ
2526 5547 2587 5599 τὸ
2618 5541 2794 5599 ἐνδέον
2825 5540 3009 5613 ἐκείνῳ
3041 5536 3310 5595 κάλλιστα
3353 5534 3743 5610 ἐκπληρώσας,

2094 5635 2248 5714 λόγῳ
2274 5656 2332 5692 τε
2361 5634 2511 5710 θείῳ,
2560 5634 2651 5690 καὶ
2698 5630 2948 5706 ἐξαισίοις
2980 5627 3162 5705 ἔργοις
3208 5624 3433 5700 δοξάσας
3478 5625 3742 5702 Χριστὸν,

3962 5864 4016 6058 i
