  <div class='ocr_page' id='page_1' title='image "/cluster/home/n/w/nwhite01/storage/ocr_20150623/145/mdp.39015061167048/440.png"; bbox 0 0 4070 6274; ppageno 0'>
   <div class='ocr_carea' id='block_1_1' title="bbox 289 381 418 441">
    <p class='ocr_par' dir='ltr' id='par_1_1' title="bbox 289 381 418 441">
     <span class='ocr_line' id='line_1_1' title="bbox 289 381 418 441; baseline -0.016 0"><span class='ocrx_word' id='word_1_1' title='bbox 289 381 418 441; x_wconf 86' lang='grc'><strong>865</strong></span> 
     </span>
    </p>
   </div>
   <div class='ocr_carea' id='block_1_2' title="bbox 1320 364 2698 436">
    <p class='ocr_par' dir='ltr' id='par_1_2' title="bbox 1320 364 2698 436">
     <span class='ocr_line' id='line_1_2' title="bbox 1320 364 2698 436; baseline -0.004 -2"><span class='ocrx_word' id='word_1_2' title='bbox 1320 367 1943 436; x_wconf 68' lang='lat' dir='ltr'><strong>ECCLESMSTICE</strong></span> <span class='ocrx_word' id='word_1_3' title='bbox 1985 365 2381 428; x_wconf 66' lang='lat' dir='ltr'><strong>HISTORI/E</strong></span> <span class='ocrx_word' id='word_1_4' title='bbox 2421 366 2573 428; x_wconf 91' lang='lat' dir='ltr'><strong>LIB.</strong></span> <span class='ocrx_word' id='word_1_5' title='bbox 2623 364 2698 428; x_wconf 90' lang='grc' dir='ltr'><strong>ΙΙ.</strong></span> 
     </span>
    </p>
   </div>
   <div class='ocr_carea' id='block_1_3' title="bbox 3584 378 3706 439">
    <p class='ocr_par' dir='ltr' id='par_1_3' title="bbox 3584 378 3706 439">
     <span class='ocr_line' id='line_1_3' title="bbox 3584 378 3706 439; baseline 0 -1"><span class='ocrx_word' id='word_1_6' title='bbox 3584 378 3706 439; x_wconf 87' lang='grc'><strong>866</strong></span> 
     </span>
    </p>
   </div>
   <div class='ocr_carea' id='block_1_4' title="bbox 292 501 1956 587">
    <p class='ocr_par' dir='ltr' id='par_1_4' title="bbox 292 501 1942 587">
     <span class='ocr_line' id='line_1_4' title="bbox 292 501 1942 587; baseline -0.007 -20"><span class='ocrx_word' id='word_1_7' title='bbox 292 514 562 587; x_wconf 81' lang='grc' dir='ltr'>εἰρηνικῷ</span> <span class='ocrx_word' id='word_1_8' title='bbox 607 508 755 566; x_wconf 81' lang='grc' dir='ltr'>τέλει</span> <span class='ocrx_word' id='word_1_9' title='bbox 810 509 946 584; x_wconf 86' lang='grc' dir='ltr'>πρὸς</span> <span class='ocrx_word' id='word_1_10' title='bbox 1005 508 1168 564; x_wconf 77' lang='grc' dir='ltr'>αὐτὸν</span> <span class='ocrx_word' id='word_1_11' title='bbox 1227 501 1512 562; x_wconf 77' lang='grc' dir='ltr'>διαϐαίνει.</span> <span class='ocrx_word' id='word_1_12' title='bbox 1557 507 1616 560; x_wconf 79' lang='lat'><strong>&#39;0</strong></span> <span class='ocrx_word' id='word_1_13' title='bbox 1664 502 1712 559; x_wconf 90' lang='grc' dir='ltr'>δ’</span> <span class='ocrx_word' id='word_1_14' title='bbox 1767 502 1836 558; x_wconf 78' lang='grc' dir='ltr'>αὖ</span> <span class='ocrx_word' id='word_1_15' title='bbox 1881 523 1942 577; x_wconf 94' lang='grc' dir='ltr'><strong>γε</strong></span> 
     </span>
    </p>
   </div>
   <div class='ocr_carea' id='block_1_5' title="bbox 2070 501 3698 587">
    <p class='ocr_par' dir='ltr' id='par_1_5' title="bbox 2070 503 3698 586">
     <span class='ocr_line' id='line_1_5' title="bbox 2070 503 3698 586; baseline 0.006 -28"><span class='ocrx_word' id='word_1_16' title='bbox 2070 507 2224 572; x_wconf 63' lang='lat' dir='ltr'><strong>asset,</strong></span> <span class='ocrx_word' id='word_1_17' title='bbox 2258 503 2648 575; x_wconf 81' lang='lat' dir='ltr'><strong>pulcherrime</strong></span> <span class='ocrx_word' id='word_1_18' title='bbox 2677 503 3043 576; x_wconf 82' lang='lat' dir='ltr'><strong>explevisset,</strong></span> <span class='ocrx_word' id='word_1_19' title='bbox 3077 509 3493 586; x_wconf 82' lang='lat' dir='ltr'><strong>Christumque</strong></span> <span class='ocrx_word' id='word_1_20' title='bbox 3523 511 3698 572; x_wconf 89' lang='lat' dir='ltr'><strong>simul</strong></span> 
     </span>
    </p>
   </div>
   <div class='ocr_carea' id='block_1_6' title="bbox 289 592 1949 672">
    <p class='ocr_par' dir='ltr' id='par_1_6' title="bbox 289 592 1949 672">
     <span class='ocr_line' id='line_1_6' title="bbox 289 592 1949 672; baseline -0.006 -15"><span class='ocrx_word' id='word_1_21' title='bbox 289 599 564 666; x_wconf 79' lang='grc' dir='ltr'>Ματθίας,</span> <span class='ocrx_word' id='word_1_22' title='bbox 598 599 628 654; x_wconf 98' lang='lat'><strong>6</strong></span> <span class='ocrx_word' id='word_1_23' title='bbox 656 599 718 654; x_wconf 89' lang='grc' dir='ltr'>τὸ</span> <span class='ocrx_word' id='word_1_24' title='bbox 767 595 1046 672; x_wconf 76' lang='grc' dir='ltr'><strong>ἔλλειμμα</strong></span> <span class='ocrx_word' id='word_1_25' title='bbox 1072 603 1174 668; x_wconf 82' lang='grc' dir='ltr'><strong>τῆς</strong></span> <span class='ocrx_word' id='word_1_26' title='bbox 1223 592 1531 660; x_wconf 68' lang='grc' dir='ltr'>δωδεκάδος</span> <span class='ocrx_word' id='word_1_27' title='bbox 1567 593 1949 672; x_wconf 76' lang='grc' dir='ltr'>ἐφαρμοσάμε-</span> 
     </span>
    </p>
   </div>
   <div class='ocr_carea' id='block_1_7' title="bbox 289 679 1944 763">
    <p class='ocr_par' dir='ltr' id='par_1_7' title="bbox 289 679 1944 763">
     <span class='ocr_line' id='line_1_7' title="bbox 289 679 1944 763; baseline -0.007 -17"><span class='ocrx_word' id='word_1_28' title='bbox 289 711 414 763; x_wconf 87' lang='grc' dir='ltr'>νος,</span> <span class='ocrx_word' id='word_1_29' title='bbox 446 690 604 752; x_wconf 78' lang='grc' dir='ltr'>οὗτος</span> <span class='ocrx_word' id='word_1_30' title='bbox 637 686 695 744; x_wconf 70' lang='grc' dir='ltr'>δὲ</span> <span class='ocrx_word' id='word_1_31' title='bbox 725 691 796 761; x_wconf 79' lang='grc' dir='ltr'><strong>τῇ</strong></span> <span class='ocrx_word' id='word_1_32' title='bbox 839 688 1030 762; x_wconf 80' lang='grc' dir='ltr'>πρώτῃ</span> <span class='ocrx_word' id='word_1_33' title='bbox 1068 686 1324 756; x_wconf 78' lang='grc' dir='ltr'><strong>Αἰθιοπίᾳ</strong></span> <span class='ocrx_word' id='word_1_34' title='bbox 1354 679 1706 760; x_wconf 73' lang='grc' dir='ltr'>προσϐαλὼν,</span> <span class='ocrx_word' id='word_1_35' title='bbox 1737 683 1828 736; x_wconf 83' lang='grc' dir='ltr'><strong>καὶ</strong></span> <span class='ocrx_word' id='word_1_36' title='bbox 1875 685 1944 754; x_wconf 84' lang='grc' dir='ltr'><strong>τῇ</strong></span> 
     </span>
    </p>
   </div>
   <div class='ocr_carea' id='block_1_8' title="bbox 294 769 1949 854">
    <p class='ocr_par' dir='ltr' id='par_1_8' title="bbox 294 769 1949 854">
     <span class='ocr_line' id='line_1_8' title="bbox 294 769 1949 854; baseline -0.006 -20"><span class='ocrx_word' id='word_1_37' title='bbox 294 775 574 854; x_wconf 79' lang='grc' dir='ltr'>θηριωδίᾳ</span> <span class='ocrx_word' id='word_1_38' title='bbox 599 777 689 832; x_wconf 83' lang='grc' dir='ltr'><strong>καὶ</strong></span> <span class='ocrx_word' id='word_1_39' title='bbox 733 774 998 852; x_wconf 76' lang='grc' dir='ltr'><strong>ἀπεχθείᾳ</strong></span> <span class='ocrx_word' id='word_1_40' title='bbox 1043 780 1152 830; x_wconf 81' lang='grc' dir='ltr'><strong>τῶν</strong></span> <span class='ocrx_word' id='word_1_41' title='bbox 1184 773 1492 849; x_wconf 72' lang='grc' dir='ltr'>ἀλογίστων</span> <span class='ocrx_word' id='word_1_42' title='bbox 1533 769 1752 829; x_wconf 82' lang='grc' dir='ltr'><strong>ἐκείνων</strong></span> <span class='ocrx_word' id='word_1_43' title='bbox 1782 769 1949 825; x_wconf 83' lang='grc' dir='ltr'>ἐθνῶν</span> 
     </span>
    </p>
   </div>
   <div class='ocr_carea' id='block_1_9' title="bbox 293 858 1949 938">
    <p class='ocr_par' dir='ltr' id='par_1_9' title="bbox 293 858 1949 938">
     <span class='ocr_line' id='line_1_9' title="bbox 293 858 1949 938; baseline -0.004 -15"><span class='ocrx_word' id='word_1_44' title='bbox 293 868 533 923; x_wconf 85' lang='grc' dir='ltr'>πλεῖστα</span> <span class='ocrx_word' id='word_1_45' title='bbox 577 865 921 937; x_wconf 87' lang='grc' dir='ltr'>πεπονηκὼς,</span> <span class='ocrx_word' id='word_1_46' title='bbox 954 863 1052 920; x_wconf 77' lang='grc' dir='ltr'><strong>ὅσα</strong></span> <span class='ocrx_word' id='word_1_47' title='bbox 1099 865 1149 918; x_wconf 90' lang='grc' dir='ltr'>τ’</span> <span class='ocrx_word' id='word_1_48' title='bbox 1195 863 1366 938; x_wconf 78' lang='grc' dir='ltr'>ἐχρῆν</span> <span class='ocrx_word' id='word_1_49' title='bbox 1417 861 1606 936; x_wconf 82' lang='grc' dir='ltr'>λόγοις</span> <span class='ocrx_word' id='word_1_50' title='bbox 1655 858 1743 916; x_wconf 79' lang='grc' dir='ltr'>καί</span> <span class='ocrx_word' id='word_1_51' title='bbox 1771 859 1949 936; x_wconf 82' lang='grc' dir='ltr'>ἔργοις</span> 
     </span>
    </p>
   </div>
   <div class='ocr_carea' id='block_1_10' title="bbox 291 951 1949 1031">
    <p class='ocr_par' dir='ltr' id='par_1_10' title="bbox 291 951 1949 1031">
     <span class='ocr_line' id='line_1_10' title="bbox 291 951 1949 1031; baseline -0.005 -18"><span class='ocrx_word' id='word_1_52' title='bbox 291 962 380 1030; x_wconf 73' lang='grc' dir='ltr'>τῷ</span> <span class='ocrx_word' id='word_1_53' title='bbox 428 956 558 1029; x_wconf 82' lang='grc' dir='ltr'>θείῳ</span> <span class='ocrx_word' id='word_1_54' title='bbox 604 953 927 1031; x_wconf 81' lang='grc' dir='ltr'>Εὐαγγελίῳ</span> <span class='ocrx_word' id='word_1_55' title='bbox 975 951 1404 1026; x_wconf 69' lang='grc' dir='ltr'>ἐπιδειξάμενος,</span> <span class='ocrx_word' id='word_1_56' title='bbox 1453 951 1544 1007; x_wconf 82' lang='grc' dir='ltr'><strong>καὶ</strong></span> <span class='ocrx_word' id='word_1_57' title='bbox 1600 955 1681 1022; x_wconf 84' lang='grc' dir='ltr'>τῷ</span> <span class='ocrx_word' id='word_1_58' title='bbox 1732 953 1949 1025; x_wconf 80' lang='grc' dir='ltr'>Χριστῷ</span> 
     </span>
    </p>
   </div>
   <div class='ocr_carea' id='block_1_11' title="bbox 296 1040 1948 1122">
    <p class='ocr_par' dir='ltr' id='par_1_11' title="bbox 296 1040 1948 1122">
     <span class='ocr_line' id='line_1_11' title="bbox 296 1040 1948 1122; baseline -0.006 -20"><span class='ocrx_word' id='word_1_59' title='bbox 296 1048 368 1102; x_wconf 73' lang='grc' dir='ltr'><strong>τὰ</strong></span> <span class='ocrx_word' id='word_1_60' title='bbox 424 1045 615 1117; x_wconf 76' lang='grc' dir='ltr'>πλήθη</span> <span class='ocrx_word' id='word_1_61' title='bbox 675 1045 990 1122; x_wconf 78' lang='grc' dir='ltr'>ὑπαγαγὼν,</span> <span class='ocrx_word' id='word_1_62' title='bbox 1043 1047 1124 1114; x_wconf 85' lang='grc' dir='ltr'><strong>τῷ</strong></span> <span class='ocrx_word' id='word_1_63' title='bbox 1181 1041 1435 1118; x_wconf 81' lang='grc' dir='ltr'>λογισμῷ</span> <span class='ocrx_word' id='word_1_64' title='bbox 1499 1040 1948 1117; x_wconf 86' lang='grc' dir='ltr'>κραταιούμενος,</span> 
     </span>
    </p>
   </div>
   <div class='ocr_carea' id='block_1_12' title="bbox 296 1129 1504 1212">
    <p class='ocr_par' dir='ltr' id='par_1_12' title="bbox 296 1129 1504 1212">
     <span class='ocr_line' id='line_1_12' title="bbox 296 1129 1504 1212; baseline -0.002 -21"><span class='ocrx_word' id='word_1_65' title='bbox 296 1137 395 1191; x_wconf 83' lang='grc' dir='ltr'><strong>τὸν</strong></span> <span class='ocrx_word' id='word_1_66' title='bbox 427 1138 524 1191; x_wconf 89' lang='grc' dir='ltr'><strong>τοῦ</strong></span> <span class='ocrx_word' id='word_1_67' title='bbox 557 1131 858 1210; x_wconf 81' lang='grc' dir='ltr'>μαρτυρίου</span> <span class='ocrx_word' id='word_1_68' title='bbox 890 1131 1148 1212; x_wconf 74' lang='grc' dir='ltr'>στέφανον</span> <span class='ocrx_word' id='word_1_69' title='bbox 1177 1129 1504 1202; x_wconf 78' lang='grc' dir='ltr'>ἀνεδήσατο.</span> 
     </span>
    </p>
   </div>
   <div class='ocr_carea' id='block_1_13' title="bbox 2055 591 3698 667">
    <p class='ocr_par' dir='ltr' id='par_1_13' title="bbox 2055 591 3698 667">
     <span class='ocr_line' id='line_1_13' title="bbox 2055 591 3698 667; baseline 0.009 -21"><span class='ocrx_word' id='word_1_70' title='bbox 2055 596 2114 648; x_wconf 89' lang='lat' dir='ltr'><strong>et</strong></span> <span class='ocrx_word' id='word_1_71' title='bbox 2170 591 2384 647; x_wconf 87' lang='lat' dir='ltr'><strong>divinis</strong></span> <span class='ocrx_word' id='word_1_72' title='bbox 2442 593 2817 649; x_wconf 88' lang='lat' dir='ltr'><strong>concionibus</strong></span> <span class='ocrx_word' id='word_1_73' title='bbox 2880 599 2937 650; x_wconf 90' lang='lat' dir='ltr'><strong>et</strong></span> <span class='ocrx_word' id='word_1_74' title='bbox 3012 599 3284 667; x_wconf 86' lang='lat' dir='ltr'><strong>operibus</strong></span> <span class='ocrx_word' id='word_1_75' title='bbox 3341 602 3698 660; x_wconf 71' lang='lat' dir='ltr'><strong>admirandis</strong></span> 
     </span>
    </p>
   </div>
   <div class='ocr_carea' id='block_1_14' title="bbox 2057 680 3699 759">
    <p class='ocr_par' dir='ltr' id='par_1_14' title="bbox 2057 680 3699 759">
     <span class='ocr_line' id='line_1_14' title="bbox 2057 680 3699 759; baseline 0.009 -23"><span class='ocrx_word' id='word_1_76' title='bbox 2057 680 2460 754; x_wconf 84' lang='lat' dir='ltr'><strong>gloriﬁcasset,</strong></span> <span class='ocrx_word' id='word_1_77' title='bbox 2519 689 2704 740; x_wconf 88' lang='lat' dir='ltr'><strong>morte</strong></span> <span class='ocrx_word' id='word_1_78' title='bbox 2752 683 2988 754; x_wconf 76' lang='lat' dir='ltr'><strong>pacifica</strong></span> <span class='ocrx_word' id='word_1_79' title='bbox 3035 691 3092 742; x_wconf 88' lang='lat' dir='ltr'><strong>et</strong></span> <span class='ocrx_word' id='word_1_80' title='bbox 3133 689 3332 759; x_wconf 86' lang='lat' dir='ltr'><strong>quieta</strong></span> <span class='ocrx_word' id='word_1_81' title='bbox 3389 693 3458 748; x_wconf 88' lang='lat' dir='ltr'><strong>ad</strong></span> <span class='ocrx_word' id='word_1_82' title='bbox 3527 693 3699 751; x_wconf 90' lang='lat' dir='ltr'><strong>illum</strong></span> 
     </span>
    </p>
   </div>
   <div class='ocr_carea' id='block_1_15' title="bbox 2056 770 3710 848">
    <p class='ocr_par' dir='ltr' id='par_1_15' title="bbox 2056 770 3710 848">
     <span class='ocr_line' id='line_1_15' title="bbox 2056 770 3710 848; baseline 0.009 -23"><span class='ocrx_word' id='word_1_83' title='bbox 2056 771 2479 841; x_wconf 89' lang='lat' dir='ltr'><strong>commigravit.</strong></span> <span class='ocrx_word' id='word_1_84' title='bbox 2513 770 2786 827; x_wconf 81' lang='lat' dir='ltr'><strong>Matthiae</strong></span> <span class='ocrx_word' id='word_1_85' title='bbox 2832 789 3021 844; x_wconf 90' lang='lat' dir='ltr'><strong>porro,</strong></span> <span class='ocrx_word' id='word_1_86' title='bbox 3055 777 3155 848; x_wconf 90' lang='lat' dir='ltr'><strong>qui</strong></span> <span class='ocrx_word' id='word_1_87' title='bbox 3197 780 3494 848; x_wconf 86' lang='lat' dir='ltr'><strong>jacturam</strong></span> <span class='ocrx_word' id='word_1_88' title='bbox 3561 785 3710 839; x_wconf 85' lang='lat' dir='ltr'><strong>duo-</strong></span> 
     </span>
    </p>
   </div>
   <div class='ocr_carea' id='block_1_16' title="bbox 2057 859 3695 942">
    <p class='ocr_par' dir='ltr' id='par_1_16' title="bbox 2057 859 3695 942">
     <span class='ocr_line' id='line_1_16' title="bbox 2057 859 3695 942; baseline 0.009 -26"><span class='ocrx_word' id='word_1_89' title='bbox 2057 859 2284 916; x_wconf 86' lang='lat' dir='ltr'><strong>denarii</strong></span> <span class='ocrx_word' id='word_1_90' title='bbox 2335 861 2735 932; x_wconf 75' lang='lat' dir='ltr'><strong>apostolorum</strong></span> <span class='ocrx_word' id='word_1_91' title='bbox 2817 865 3045 920; x_wconf 89' lang='lat' dir='ltr'><strong>numeri</strong></span> <span class='ocrx_word' id='word_1_92' title='bbox 3103 874 3380 940; x_wconf 85' lang='lat' dir='ltr'><strong>sarserat,</strong></span> <span class='ocrx_word' id='word_1_93' title='bbox 3443 871 3695 942; x_wconf 88' lang='lat' dir='ltr'><strong>primam</strong></span> 
     </span>
    </p>
   </div>
   <div class='ocr_carea' id='block_1_17' title="bbox 2057 948 3706 1031">
    <p class='ocr_par' dir='ltr' id='par_1_17' title="bbox 2057 948 3706 1031">
     <span class='ocr_line' id='line_1_17' title="bbox 2057 948 3706 1031; baseline 0.009 -27"><span class='ocrx_word' id='word_1_94' title='bbox 2057 948 2406 1019; x_wconf 69' lang='lat' dir='ltr'><strong>Ethiopiam</strong></span> <span class='ocrx_word' id='word_1_95' title='bbox 2465 949 2662 1006; x_wconf 86' lang='lat' dir='ltr'><strong>adiit:</strong></span> <span class='ocrx_word' id='word_1_96' title='bbox 2720 955 2896 1023; x_wconf 88' lang='lat' dir='ltr'><strong>atque</strong></span> <span class='ocrx_word' id='word_1_97' title='bbox 2966 954 3045 1008; x_wconf 89' lang='lat' dir='ltr'><strong>ibi</strong></span> <span class='ocrx_word' id='word_1_98' title='bbox 3123 973 3156 1011; x_wconf 94' lang='lat' dir='ltr'><strong>a</strong></span> <span class='ocrx_word' id='word_1_99' title='bbox 3219 957 3371 1030; x_wconf 82' lang='lat' dir='ltr'><strong>feris,</strong></span> <span class='ocrx_word' id='word_1_100' title='bbox 3450 961 3706 1031; x_wconf 76' lang='lat' dir='ltr'><strong>infestis,</strong></span> 
     </span>
    </p>
   </div>
   <div class='ocr_carea' id='block_1_18' title="bbox 2057 1037 3705 1121">
    <p class='ocr_par' dir='ltr' id='par_1_18' title="bbox 2057 1037 3705 1121">
     <span class='ocr_line' id='line_1_18' title="bbox 2057 1037 3705 1121; baseline 0.01 -29"><span class='ocrx_word' id='word_1_101' title='bbox 2057 1037 2531 1108; x_wconf 86' lang='lat' dir='ltr'><strong>immanibusque</strong></span> <span class='ocrx_word' id='word_1_102' title='bbox 2562 1039 2834 1110; x_wconf 77' lang='lat' dir='ltr'><strong>gentibus</strong></span> <span class='ocrx_word' id='word_1_103' title='bbox 2873 1042 3062 1099; x_wconf 85' lang='lat' dir='ltr'><strong>multa</strong></span> <span class='ocrx_word' id='word_1_104' title='bbox 3091 1045 3344 1114; x_wconf 75' lang='lat' dir='ltr'><strong>pertulit.</strong></span> <span class='ocrx_word' id='word_1_105' title='bbox 3371 1047 3516 1104; x_wconf 89' lang='lat' dir='ltr'><strong>Cum</strong></span> <span class='ocrx_word' id='word_1_106' title='bbox 3547 1066 3705 1121; x_wconf 90' lang='lat' dir='ltr'><strong>vero,</strong></span> 
     </span>
    </p>
   </div>
   <div class='ocr_carea' id='block_1_19' title="bbox 2059 1128 3706 1211">
    <p class='ocr_par' dir='ltr' id='par_1_19' title="bbox 2059 1128 3706 1211">
     <span class='ocr_line' id='line_1_19' title="bbox 2059 1128 3706 1211; baseline 0.009 -30"><span class='ocrx_word' id='word_1_107' title='bbox 2059 1143 2188 1198; x_wconf 62' lang='lat' dir='ltr'><strong>quae</strong></span> <span class='ocrx_word' id='word_1_108' title='bbox 2219 1128 2488 1198; x_wconf 84' lang='lat' dir='ltr'><strong>oportuit,</strong></span> <span class='ocrx_word' id='word_1_109' title='bbox 2521 1131 2579 1182; x_wconf 90' lang='lat' dir='ltr'><strong>et</strong></span> <span class='ocrx_word' id='word_1_110' title='bbox 2607 1129 2798 1185; x_wconf 88' lang='lat' dir='ltr'><strong>verbis</strong></span> <span class='ocrx_word' id='word_1_111' title='bbox 2836 1134 2894 1186; x_wconf 89' lang='lat' dir='ltr'><strong>et</strong></span> <span class='ocrx_word' id='word_1_112' title='bbox 2941 1131 3104 1188; x_wconf 87' lang='lat' dir='ltr'><strong>factis</strong></span> <span class='ocrx_word' id='word_1_113' title='bbox 3153 1134 3347 1192; x_wconf 90' lang='lat' dir='ltr'><strong>divino</strong></span> <span class='ocrx_word' id='word_1_114' title='bbox 3396 1137 3706 1211; x_wconf 79' lang='lat' dir='ltr'><strong>Evangelia</strong></span> 
     </span>
    </p>
   </div>
   <div class='ocr_carea' id='block_1_20' title="bbox 294 1217 3704 1298">
    <p class='ocr_par' dir='ltr' id='par_1_20' title="bbox 294 1217 3704 1298">
     <span class='ocr_line' id='line_1_20' title="bbox 294 1217 3704 1298; baseline 0.001 -14"><span class='ocrx_word' id='word_1_115' title='bbox 294 1225 705 1284; x_wconf 85' lang='lat' dir='ltr'><strong>annuntiando</strong></span> <span class='ocrx_word' id='word_1_116' title='bbox 779 1225 1162 1298; x_wconf 76' lang='lat' dir='ltr'><strong>praestitisset,</strong></span> <span class='ocrx_word' id='word_1_117' title='bbox 1238 1227 1296 1280; x_wconf 88' lang='lat' dir='ltr'><strong>et</strong></span> <span class='ocrx_word' id='word_1_118' title='bbox 1367 1222 1597 1279; x_wconf 83' lang='lat' dir='ltr'><strong>Christo</strong></span> <span class='ocrx_word' id='word_1_119' title='bbox 1680 1235 1957 1292; x_wconf 87' lang='lat' dir='ltr'><strong>magnam</strong></span> <span class='ocrx_word' id='word_1_120' title='bbox 2043 1217 2357 1273; x_wconf 88' lang='lat' dir='ltr'><strong>huminum</strong></span> <span class='ocrx_word' id='word_1_121' title='bbox 2453 1217 2882 1277; x_wconf 88' lang='lat' dir='ltr'><strong>multitudinem</strong></span> <span class='ocrx_word' id='word_1_122' title='bbox 2977 1225 3425 1297; x_wconf 83' lang='lat' dir='ltr'><strong>accumulasset,</strong></span> <span class='ocrx_word' id='word_1_123' title='bbox 3504 1231 3704 1288; x_wconf 79' lang='lat' dir='ltr'><strong>animo</strong></span> 
     </span>
    </p>
   </div>
   <div class='ocr_carea' id='block_1_21' title="bbox 295 1309 1846 1390">
    <p class='ocr_par' dir='ltr' id='par_1_21' title="bbox 295 1309 1846 1390">
     <span class='ocr_line' id='line_1_21' title="bbox 295 1309 1846 1390; baseline -0.006 -16"><span class='ocrx_word' id='word_1_124' title='bbox 295 1317 592 1390; x_wconf 88' lang='lat' dir='ltr'><strong>intrepido</strong></span> <span class='ocrx_word' id='word_1_125' title='bbox 621 1323 672 1374; x_wconf 92' lang='lat' dir='ltr'><strong>et</strong></span> <span class='ocrx_word' id='word_1_126' title='bbox 704 1315 837 1372; x_wconf 88' lang='lat' dir='ltr'><strong>forti</strong></span> <span class='ocrx_word' id='word_1_127' title='bbox 868 1313 1128 1386; x_wconf 81' lang='lat' dir='ltr'><strong>martyrii</strong></span> <span class='ocrx_word' id='word_1_128' title='bbox 1159 1329 1432 1370; x_wconf 83' lang='lat' dir='ltr'><strong>coronam</strong></span> <span class='ocrx_word' id='word_1_129' title='bbox 1463 1311 1717 1383; x_wconf 82' lang='lat' dir='ltr'><strong>suscepit</strong></span> <span class='ocrx_word' id='word_1_130' title='bbox 1745 1309 1846 1382; x_wconf 86' lang='grc'>(1).</span> 
     </span>
    </p>
   </div>
   <div class='ocr_carea' id='block_1_22' title="bbox 901 1422 1341 1480">
    <p class='ocr_par' dir='ltr' id='par_1_22' title="bbox 901 1422 1341 1480">
     <span class='ocr_line' id='line_1_22' title="bbox 901 1422 1341 1480; baseline -0.002 -1"><span class='ocrx_word' id='word_1_131' title='bbox 901 1427 1167 1480; x_wconf 76' lang='grc' dir='ltr'><strong>ΚΕΦΔΛ.</strong></span> <span class='ocrx_word' id='word_1_132' title='bbox 1207 1422 1341 1478; x_wconf 82' lang='lat' dir='ltr'><strong>MA&#39;.</strong></span> 
     </span>
    </p>
   </div>
   <div class='ocr_carea' id='block_1_23' title="bbox 294 1504 1956 1638">
    <p class='ocr_par' dir='ltr' id='par_1_23' title="bbox 294 1504 1956 1638">
     <span class='ocr_line' id='line_1_23' title="bbox 294 1504 1956 1638; baseline -0.008 -67"><span class='ocrx_word' id='word_1_133' title='bbox 294 1516 460 1590; x_wconf 80' lang='grc' dir='ltr'>Περὶ</span> <span class='ocrx_word' id='word_1_134' title='bbox 497 1517 612 1571; x_wconf 88' lang='grc' dir='ltr'><strong>τοῦ</strong></span> <span class='ocrx_word' id='word_1_135' title='bbox 649 1511 845 1588; x_wconf 78' lang='grc' dir='ltr'>ἁγίου</span> <span class='ocrx_word' id='word_1_136' title='bbox 884 1511 1273 1638; x_wconf 43' lang='grc' dir='ltr'>ἆποστθόλΙου</span> <span class='ocrx_word' id='word_1_137' title='bbox 1310 1508 1418 1566; x_wconf 82' lang='grc' dir='ltr'><strong>καὶ</strong></span> <span class='ocrx_word' id='word_1_138' title='bbox 1458 1504 1956 1585; x_wconf 82' lang='grc' dir='ltr'>εὐαγγελιστοῦ</span> 
     </span>
     <span class='ocr_line' id='line_1_24' title="bbox 943 1591 1312 1638; baseline 0 0"><span class='ocrx_word' id='word_1_139' title='bbox 943 1591 1078 1638; x_wconf 82' lang='grc' dir='ltr'><strong>Ματ</strong></span> <span class='ocrx_word' id='word_1_140' title='bbox 1133 1604 1312 1638; x_wconf 90' lang='grc' dir='ltr'>αιου.</span> 
     </span>
    </p>
   </div>
   <div class='ocr_carea' id='block_1_24' title="bbox 943 1591 1312 1640">
    <p class='ocr_par' dir='ltr' id='par_1_24' title="bbox 943 1591 1312 1640">
     <span class='ocr_line' id='line_1_25' title="bbox 943 1591 1312 1640; baseline -0.003 0"><span class='ocrx_word' id='word_1_141' title='bbox 943 1591 1312 1640; x_wconf 81' lang='grc' dir='ltr'>Ματθαίου.</span> 
     </span>
    </p>
   </div>
   <div class='ocr_carea' id='block_1_25' title="bbox 2679 1417 3088 1476">
    <p class='ocr_par' dir='ltr' id='par_1_25' title="bbox 2679 1417 3088 1476">
     <span class='ocr_line' id='line_1_26' title="bbox 2679 1417 3088 1476; baseline 0.007 -2"><span class='ocrx_word' id='word_1_142' title='bbox 2679 1417 2907 1475; x_wconf 87' lang='lat' dir='ltr'><strong>CAPUT</strong></span> <span class='ocrx_word' id='word_1_143' title='bbox 2947 1421 3088 1476; x_wconf 79' lang='lat' dir='ltr'><strong>XLI.</strong></span> 
     </span>
    </p>
   </div>
   <div class='ocr_carea' id='block_1_26' title="bbox 2237 1507 3536 1582">
    <p class='ocr_par' dir='ltr' id='par_1_26' title="bbox 2237 1507 3536 1582">
     <span class='ocr_line' id='line_1_27' title="bbox 2237 1507 3536 1582; baseline 0.011 -22"><span class='ocrx_word' id='word_1_144' title='bbox 2237 1507 2310 1562; x_wconf 80' lang='lat' dir='ltr'><strong>De</strong></span> <span class='ocrx_word' id='word_1_145' title='bbox 2337 1510 2520 1563; x_wconf 83' lang='lat' dir='ltr'><strong>sancto</strong></span> <span class='ocrx_word' id='word_1_146' title='bbox 2551 1509 2796 1578; x_wconf 81' lang='lat' dir='ltr'><strong>apostolo</strong></span> <span class='ocrx_word' id='word_1_147' title='bbox 2826 1519 2877 1565; x_wconf 81' lang='lat' dir='ltr'><strong>et</strong></span> <span class='ocrx_word' id='word_1_148' title='bbox 2905 1512 3238 1582; x_wconf 80' lang='lat' dir='ltr'><strong>evangelista</strong></span> <span class='ocrx_word' id='word_1_149' title='bbox 3268 1515 3536 1576; x_wconf 72' lang='lat' dir='ltr'><strong>Illutlhaeo.</strong></span> 
     </span>
    </p>
   </div>
   <div class='ocr_carea' id='block_1_27' title="bbox 373 1633 1956 1756">
    <p class='ocr_par' dir='ltr' id='par_1_27' title="bbox 373 1669 1952 1748">
     <span class='ocr_line' id='line_1_28' title="bbox 373 1669 1952 1748; baseline -0.007 -17"><span class='ocrx_word' id='word_1_150' title='bbox 373 1679 472 1732; x_wconf 89' lang='grc' dir='ltr'><strong>Ἐκ</strong></span> <span class='ocrx_word' id='word_1_151' title='bbox 519 1673 576 1730; x_wconf 79' lang='grc' dir='ltr'>δὲ</span> <span class='ocrx_word' id='word_1_152' title='bbox 617 1674 884 1731; x_wconf 80' lang='grc' dir='ltr'>τελωνίου</span> <span class='ocrx_word' id='word_1_153' title='bbox 941 1675 1217 1736; x_wconf 67' lang='grc' dir='ltr'>Μπθαῖος</span> <span class='ocrx_word' id='word_1_154' title='bbox 1275 1669 1653 1748; x_wconf 76' lang='grc' dir='ltr'>παρείληπται</span> <span class='ocrx_word' id='word_1_155' title='bbox 1689 1687 1704 1702; x_wconf 79' lang='grc' dir='ltr'><strong>ο</strong></span> <span class='ocrx_word' id='word_1_156' title='bbox 1757 1686 1952 1742; x_wconf 78' lang='grc' dir='ltr'>πυρινῃ</span> 
     </span>
    </p>
   </div>
   <div class='ocr_carea' id='block_1_28' title="bbox 2070 1633 3712 1756">
    <p class='ocr_par' dir='ltr' id='par_1_28' title="bbox 2135 1669 3712 1756">
     <span class='ocr_line' id='line_1_29' title="bbox 2135 1669 3712 1756; baseline 0.01 -30"><span class='ocrx_word' id='word_1_157' title='bbox 2135 1669 2460 1736; x_wconf 64' lang='lat' dir='ltr'><strong>Mattheus,</strong></span> <span class='ocrx_word' id='word_1_158' title='bbox 2484 1674 2703 1741; x_wconf 88' lang='lat' dir='ltr'><strong>autem,</strong></span> <span class='ocrx_word' id='word_1_159' title='bbox 2725 1687 2793 1727; x_wconf 78' lang='lat' dir='ltr'><strong>ex</strong></span> <span class='ocrx_word' id='word_1_160' title='bbox 2809 1674 3136 1744; x_wconf 87' lang='lat' dir='ltr'><strong>publicanis</strong></span> <span class='ocrx_word' id='word_1_161' title='bbox 3165 1695 3362 1736; x_wconf 88' lang='lat' dir='ltr'><strong>assum</strong></span> <span class='ocrx_word' id='word_1_162' title='bbox 3372 1683 3712 1756; x_wconf 87' lang='lat' dir='ltr'><strong>ptus,ignea</strong></span> 
     </span>
    </p>
   </div>
   <div class='ocr_carea' id='block_1_29' title="bbox 299 1757 1951 1840">
    <p class='ocr_par' dir='ltr' id='par_1_29' title="bbox 299 1757 1951 1840">
     <span class='ocr_line' id='line_1_30' title="bbox 299 1757 1951 1840; baseline -0.007 -19"><span class='ocrx_word' id='word_1_163' title='bbox 299 1764 363 1822; x_wconf 71' lang='grc' dir='ltr'>δὲ</span> <span class='ocrx_word' id='word_1_164' title='bbox 391 1765 617 1840; x_wconf 82' lang='grc' dir='ltr'>γλώσσῃ</span> <span class='ocrx_word' id='word_1_165' title='bbox 644 1766 746 1820; x_wconf 84' lang='grc' dir='ltr'>οὐκ</span> <span class='ocrx_word' id='word_1_166' title='bbox 796 1760 1020 1820; x_wconf 88' lang='grc' dir='ltr'>ἔλαττον</span> <span class='ocrx_word' id='word_1_167' title='bbox 1049 1768 1166 1824; x_wconf 83' lang='grc' dir='ltr'>τοῖς</span> <span class='ocrx_word' id='word_1_168' title='bbox 1217 1763 1458 1838; x_wconf 84' lang='grc' dir='ltr'>πρώτοις</span> <span class='ocrx_word' id='word_1_169' title='bbox 1487 1765 1595 1816; x_wconf 78' lang='grc' dir='ltr'><strong>τῶν</strong></span> <span class='ocrx_word' id='word_1_170' title='bbox 1629 1757 1951 1815; x_wconf 79' lang='grc' dir='ltr'>ἀποστόλων</span> 
     </span>
    </p>
   </div>
   <div class='ocr_carea' id='block_1_30' title="bbox 299 1843 1954 1928">
    <p class='ocr_par' dir='ltr' id='par_1_30' title="bbox 299 1843 1954 1928">
     <span class='ocr_line' id='line_1_31' title="bbox 299 1843 1954 1928; baseline -0.007 -18"><span class='ocrx_word' id='word_1_171' title='bbox 299 1853 742 1928; x_wconf 74' lang='grc' dir='ltr'>κληρωσάμενος</span> <span class='ocrx_word' id='word_1_172' title='bbox 789 1852 950 1927; x_wconf 81' lang='grc' dir='ltr'>γέρας</span> <span class='ocrx_word' id='word_1_173' title='bbox 997 1853 1094 1921; x_wconf 78' lang='grc' dir='ltr'><strong>τήν</strong></span> <span class='ocrx_word' id='word_1_174' title='bbox 1153 1853 1270 1907; x_wconf 86' lang='grc' dir='ltr'>κατ’</span> <span class='ocrx_word' id='word_1_175' title='bbox 1329 1850 1489 1906; x_wconf 80' lang='grc' dir='ltr'>αὐτὸν</span> <span class='ocrx_word' id='word_1_176' title='bbox 1545 1843 1787 1924; x_wconf 71' lang='grc' dir='ltr'>ἱστορίαν</span> <span class='ocrx_word' id='word_1_177' title='bbox 1843 1851 1954 1902; x_wconf 76' lang='grc' dir='ltr'>τῶν</span> 
     </span>
    </p>
   </div>
   <div class='ocr_carea' id='block_1_31' title="bbox 296 1935 1950 2020">
    <p class='ocr_par' dir='ltr' id='par_1_31' title="bbox 296 1935 1950 2020">
     <span class='ocr_line' id='line_1_32' title="bbox 296 1935 1950 2020; baseline -0.005 -22"><span class='ocrx_word' id='word_1_178' title='bbox 296 1945 469 2020; x_wconf 76' lang='grc' dir='ltr'>ἱερῶν</span> <span class='ocrx_word' id='word_1_179' title='bbox 529 1941 883 2018; x_wconf 81' lang='grc' dir='ltr'>Εὖαγγελίων</span> <span class='ocrx_word' id='word_1_180' title='bbox 955 1945 1171 2016; x_wconf 79' lang='grc' dir='ltr'>πρῶτος</span> <span class='ocrx_word' id='word_1_181' title='bbox 1244 1935 1520 2016; x_wconf 66' lang='grc' dir='ltr'>Ἐἕραίοις</span> <span class='ocrx_word' id='word_1_182' title='bbox 1596 1937 1950 2010; x_wconf 72' lang='grc' dir='ltr'>κατάρχεται.</span> 
     </span>
    </p>
   </div>
   <div class='ocr_carea' id='block_1_32' title="bbox 301 2027 1951 2106">
    <p class='ocr_par' dir='ltr' id='par_1_32' title="bbox 301 2027 1951 2106">
     <span class='ocr_line' id='line_1_33' title="bbox 301 2027 1951 2106; baseline -0.005 -18"><span class='ocrx_word' id='word_1_183' title='bbox 301 2029 557 2094; x_wconf 86' lang='grc' dir='ltr'>Πολλαῖς</span> <span class='ocrx_word' id='word_1_184' title='bbox 588 2034 876 2106; x_wconf 76' lang='grc' dir='ltr'>τοιγαροῦν</span> <span class='ocrx_word' id='word_1_185' title='bbox 927 2031 1014 2085; x_wconf 87' lang='grc' dir='ltr'><strong>καὶ</strong></span> <span class='ocrx_word' id='word_1_186' title='bbox 1061 2031 1221 2092; x_wconf 83' lang='grc' dir='ltr'>οὗτος</span> <span class='ocrx_word' id='word_1_187' title='bbox 1270 2030 1298 2084; x_wconf 90' lang='lat'><strong>6</strong></span> <span class='ocrx_word' id='word_1_188' title='bbox 1328 2031 1474 2090; x_wconf 81' lang='grc' dir='ltr'>θεῖος</span> <span class='ocrx_word' id='word_1_189' title='bbox 1524 2027 1829 2086; x_wconf 75' lang='grc' dir='ltr'>ἀπόστολος</span> <span class='ocrx_word' id='word_1_190' title='bbox 1861 2046 1951 2079; x_wconf 89' lang='grc' dir='ltr'>πε·</span> 
     </span>
    </p>
   </div>
   <div class='ocr_carea' id='block_1_33' title="bbox 301 2113 1954 2196">
    <p class='ocr_par' dir='ltr' id='par_1_33' title="bbox 301 2113 1954 2196">
     <span class='ocr_line' id='line_1_34' title="bbox 301 2113 1954 2196; baseline -0.005 -20"><span class='ocrx_word' id='word_1_191' title='bbox 301 2119 516 2196; x_wconf 83' lang='grc' dir='ltr'>ριόδοις</span> <span class='ocrx_word' id='word_1_192' title='bbox 558 2120 650 2174; x_wconf 84' lang='grc' dir='ltr'>τὸν</span> <span class='ocrx_word' id='word_1_193' title='bbox 706 2119 934 2194; x_wconf 83' lang='grc' dir='ltr'>Χριστὸν</span> <span class='ocrx_word' id='word_1_194' title='bbox 989 2117 1500 2193; x_wconf 72' lang='grc' dir='ltr'>εύαγγελισάμενος,</span> <span class='ocrx_word' id='word_1_195' title='bbox 1551 2117 1741 2193; x_wconf 86' lang='grc' dir='ltr'>χώραν</span> <span class='ocrx_word' id='word_1_196' title='bbox 1790 2135 1849 2170; x_wconf 84' lang='grc' dir='ltr'><strong>τε</strong></span> <span class='ocrx_word' id='word_1_197' title='bbox 1895 2113 1954 2168; x_wconf 89' lang='grc' dir='ltr'><strong>ἐκ</strong></span> 
     </span>
    </p>
   </div>
   <div class='ocr_carea' id='block_1_34' title="bbox 299 2201 1955 2286">
    <p class='ocr_par' dir='ltr' id='par_1_34' title="bbox 299 2201 1955 2286">
     <span class='ocr_line' id='line_1_35' title="bbox 299 2201 1955 2286; baseline -0.004 -22"><span class='ocrx_word' id='word_1_198' title='bbox 299 2211 496 2286; x_wconf 87' lang='grc' dir='ltr'>χώρας</span> <span class='ocrx_word' id='word_1_199' title='bbox 545 2203 814 2282; x_wconf 79' lang='grc' dir='ltr'>ἀμείϐων,</span> <span class='ocrx_word' id='word_1_200' title='bbox 864 2206 956 2262; x_wconf 70' lang='grc' dir='ltr'><strong>καί</strong></span> <span class='ocrx_word' id='word_1_201' title='bbox 1016 2205 1166 2269; x_wconf 82' lang='grc' dir='ltr'>ἔθνος</span> <span class='ocrx_word' id='word_1_202' title='bbox 1213 2206 1263 2279; x_wconf 81' lang='grc' dir='ltr'><strong>ἐξ</strong></span> <span class='ocrx_word' id='word_1_203' title='bbox 1321 2201 1530 2275; x_wconf 77' lang='grc' dir='ltr'>ἔθνους,</span> <span class='ocrx_word' id='word_1_204' title='bbox 1580 2203 1808 2280; x_wconf 80' lang='grc' dir='ltr'>ἔσχατον</span> <span class='ocrx_word' id='word_1_205' title='bbox 1853 2205 1955 2258; x_wconf 84' lang='grc' dir='ltr'><strong>ὑπὸ</strong></span> 
     </span>
    </p>
   </div>
   <div class='ocr_carea' id='block_1_35' title="bbox 295 2295 1957 2374">
    <p class='ocr_par' dir='ltr' id='par_1_35' title="bbox 295 2295 1957 2374">
     <span class='ocr_line' id='line_1_36' title="bbox 295 2295 1957 2374; baseline -0.005 -19"><span class='ocrx_word' id='word_1_206' title='bbox 295 2304 399 2356; x_wconf 89' lang='grc' dir='ltr'><strong>τοῦ</strong></span> <span class='ocrx_word' id='word_1_207' title='bbox 459 2297 688 2374; x_wconf 78' lang='grc' dir='ltr'>ἄγοντος</span> <span class='ocrx_word' id='word_1_208' title='bbox 745 2297 906 2353; x_wconf 83' lang='grc' dir='ltr'>αὐτὸν</span> <span class='ocrx_word' id='word_1_209' title='bbox 975 2297 1290 2370; x_wconf 82' lang='grc' dir='ltr'>Πνεύματος</span> <span class='ocrx_word' id='word_1_210' title='bbox 1364 2297 1454 2352; x_wconf 82' lang='grc' dir='ltr'>καὶ</span> <span class='ocrx_word' id='word_1_211' title='bbox 1512 2295 1600 2352; x_wconf 85' lang='grc' dir='ltr'><strong>ἐπὶ</strong></span> <span class='ocrx_word' id='word_1_212' title='bbox 1673 2297 1772 2364; x_wconf 80' lang='grc' dir='ltr'>τὴν</span> <span class='ocrx_word' id='word_1_213' title='bbox 1846 2297 1957 2348; x_wconf 78' lang='grc' dir='ltr'><strong>τῶν</strong></span> 
     </span>
    </p>
   </div>
   <div class='ocr_carea' id='block_1_36' title="bbox 299 2383 1954 2465">
    <p class='ocr_par' dir='ltr' id='par_1_36' title="bbox 299 2383 1954 2465">
     <span class='ocr_line' id='line_1_37' title="bbox 299 2383 1954 2465; baseline -0.005 -21"><span class='ocrx_word' id='word_1_214' title='bbox 299 2387 773 2465; x_wconf 74' lang='grc' dir='ltr'>’Δνθρωποφάγων</span> <span class='ocrx_word' id='word_1_215' title='bbox 845 2387 1034 2461; x_wconf 89' lang='grc' dir='ltr'>χώραν</span> <span class='ocrx_word' id='word_1_216' title='bbox 1107 2385 1388 2462; x_wconf 76' lang='grc' dir='ltr'>ἀπάγεται,</span> <span class='ocrx_word' id='word_1_217' title='bbox 1449 2383 1504 2440; x_wconf 79' lang='grc' dir='ltr'>ἔν</span> <span class='ocrx_word' id='word_1_218' title='bbox 1584 2406 1691 2440; x_wconf 87' lang='grc' dir='ltr'>τινι</span> <span class='ocrx_word' id='word_1_219' title='bbox 1769 2383 1954 2438; x_wconf 61' lang='grc' dir='ltr'>πόλει,</span> 
     </span>
    </p>
   </div>
   <div class='ocr_carea' id='block_1_37' title="bbox 217 2471 1943 2553">
    <p class='ocr_par' dir='ltr' id='par_1_37' title="bbox 217 2471 1943 2553">
     <span class='ocr_line' id='line_1_38' title="bbox 217 2471 1943 2553; baseline -0.005 -21"><span class='ocrx_word' id='word_1_220' title='bbox 217 2542 222 2547; x_wconf 25' lang='grc'><strong>⁸</strong></span> <span class='ocrx_word' id='word_1_221' title='bbox 299 2478 580 2553; x_wconf 76' lang='grc' dir='ltr'>Μυρμήνη</span> <span class='ocrx_word' id='word_1_222' title='bbox 625 2476 695 2545; x_wconf 80' lang='grc' dir='ltr'>ἦν</span> <span class='ocrx_word' id='word_1_223' title='bbox 737 2476 886 2547; x_wconf 81' lang='grc' dir='ltr'>αύτῷ</span> <span class='ocrx_word' id='word_1_224' title='bbox 929 2471 1109 2548; x_wconf 78' lang='grc' dir='ltr'>ὄνομα</span> <span class='ocrx_word' id='word_1_225' title='bbox 1140 2491 1156 2506; x_wconf 79' lang='grc'><strong><em>⁸</em></strong></span> <span class='ocrx_word' id='word_1_226' title='bbox 1206 2474 1288 2546; x_wconf 78' lang='grc' dir='ltr'><strong>ἐφ’</strong></span> <span class='ocrx_word' id='word_1_227' title='bbox 1423 2471 1490 2543; x_wconf 75' lang='grc' dir='ltr'>δή</span> <span class='ocrx_word' id='word_1_228' title='bbox 1541 2473 1630 2528; x_wconf 83' lang='grc' dir='ltr'><strong>καὶ</strong></span> <span class='ocrx_word' id='word_1_229' title='bbox 1677 2471 1943 2527; x_wconf 83' lang='grc' dir='ltr'>Πλάτωνα</span> 
     </span>
    </p>
   </div>
   <div class='ocr_carea' id='block_1_38' title="bbox 296 2558 1965 2643">
    <p class='ocr_par' dir='ltr' id='par_1_38' title="bbox 296 2558 1965 2643">
     <span class='ocr_line' id='line_1_39' title="bbox 296 2558 1965 2643; baseline -0.005 -22"><span class='ocrx_word' id='word_1_230' title='bbox 296 2567 398 2622; x_wconf 81' lang='grc' dir='ltr'><strong>τὸν</strong></span> <span class='ocrx_word' id='word_1_231' title='bbox 445 2564 614 2621; x_wconf 81' lang='grc' dir='ltr'>αὐτοῦ</span> <span class='ocrx_word' id='word_1_232' title='bbox 672 2566 952 2643; x_wconf 69' lang='grc' dir='ltr'>φοιτητὴν</span> <span class='ocrx_word' id='word_1_233' title='bbox 1006 2561 1299 2618; x_wconf 80' lang='grc' dir='ltr'>ἐπίσκοπον</span> <span class='ocrx_word' id='word_1_234' title='bbox 1360 2561 1630 2631; x_wconf 67' lang='grc' dir='ltr'>ἂνειπὼν,</span> <span class='ocrx_word' id='word_1_235' title='bbox 1677 2560 1838 2621; x_wconf 74' lang='grc' dir='ltr'>αὐτὸς</span> <span class='ocrx_word' id='word_1_236' title='bbox 1898 2558 1965 2614; x_wconf 88' lang='grc' dir='ltr'><strong>ἐπ</strong></span> 
     </span>
    </p>
   </div>
   <div class='ocr_carea' id='block_1_39' title="bbox 299 2647 1950 2730">
    <p class='ocr_par' dir='ltr' id='par_1_39' title="bbox 299 2647 1950 2730">
     <span class='ocr_line' id='line_1_40' title="bbox 299 2647 1950 2730; baseline -0.004 -20"><span class='ocrx_word' id='word_1_237' title='bbox 299 2676 410 2710; x_wconf 89' lang='grc' dir='ltr'>τινι</span> <span class='ocrx_word' id='word_1_238' title='bbox 436 2658 547 2712; x_wconf 80' lang='grc' dir='ltr'><strong>τῶν</strong></span> <span class='ocrx_word' id='word_1_239' title='bbox 596 2653 912 2730; x_wconf 77' lang='grc' dir='ltr'>ἂγχιθύρων</span> <span class='ocrx_word' id='word_1_240' title='bbox 939 2655 1009 2727; x_wconf 79' lang='grc' dir='ltr'><strong>τῇ</strong></span> <span class='ocrx_word' id='word_1_241' title='bbox 1057 2651 1220 2708; x_wconf 89' lang='grc' dir='ltr'>πόλει</span> <span class='ocrx_word' id='word_1_242' title='bbox 1269 2653 1429 2706; x_wconf 82' lang='grc' dir='ltr'>ἀνιὼν</span> <span class='ocrx_word' id='word_1_243' title='bbox 1483 2651 1676 2726; x_wconf 70' lang='grc' dir='ltr'>ὀρέων,</span> <span class='ocrx_word' id='word_1_244' title='bbox 1707 2650 1808 2718; x_wconf 74' lang='grc' dir='ltr'><strong>τὴν</strong></span> <span class='ocrx_word' id='word_1_245' title='bbox 1854 2647 1950 2704; x_wconf 79' lang='grc' dir='ltr'><strong>τοῦ</strong></span> 
     </span>
    </p>
   </div>
   <div class='ocr_carea' id='block_1_40' title="bbox 301 2735 1947 2818">
    <p class='ocr_par' dir='ltr' id='par_1_40' title="bbox 301 2735 1947 2818">
     <span class='ocr_line' id='line_1_41' title="bbox 301 2735 1947 2818; baseline -0.007 -19"><span class='ocrx_word' id='word_1_246' title='bbox 301 2741 491 2805; x_wconf 85' lang='grc' dir='ltr'>ἔθνους</span> <span class='ocrx_word' id='word_1_247' title='bbox 535 2743 810 2817; x_wconf 82' lang='grc' dir='ltr'>σωτηρίαν</span> <span class='ocrx_word' id='word_1_248' title='bbox 861 2741 1310 2818; x_wconf 79' lang='grc' dir='ltr'>ἀποκαλυφθῆναι</span> <span class='ocrx_word' id='word_1_249' title='bbox 1361 2739 1735 2816; x_wconf 81' lang='grc' dir='ltr'>προσηύχετο.</span> <span class='ocrx_word' id='word_1_250' title='bbox 1788 2735 1947 2794; x_wconf 77' lang='grc' dir='ltr'>Οὕτω</span> 
     </span>
    </p>
   </div>
   <div class='ocr_carea' id='block_1_41' title="bbox 311 2827 1956 2908">
    <p class='ocr_par' dir='ltr' id='par_1_41' title="bbox 311 2827 1956 2908">
     <span class='ocr_line' id='line_1_42' title="bbox 311 2827 1956 2908; baseline -0.004 -22"><span class='ocrx_word' id='word_1_251' title='bbox 311 2830 360 2886; x_wconf 82' lang='grc' dir='ltr'>δ’</span> <span class='ocrx_word' id='word_1_252' title='bbox 421 2827 601 2908; x_wconf 73' lang='grc' dir='ltr'>ἔχοντι</span> <span class='ocrx_word' id='word_1_253' title='bbox 657 2835 738 2903; x_wconf 80' lang='grc' dir='ltr'>τῷ</span> <span class='ocrx_word' id='word_1_254' title='bbox 795 2827 1108 2903; x_wconf 84' lang='grc' dir='ltr'>ἀποστόλῳ,</span> <span class='ocrx_word' id='word_1_255' title='bbox 1153 2832 1182 2886; x_wconf 83' lang='grc' dir='ltr'>ὁ</span> <span class='ocrx_word' id='word_1_256' title='bbox 1239 2829 1442 2904; x_wconf 82' lang='grc' dir='ltr'>Κύριος</span> <span class='ocrx_word' id='word_1_257' title='bbox 1500 2829 1710 2900; x_wconf 82' lang='grc' dir='ltr'>Ἰησοῦς</span> <span class='ocrx_word' id='word_1_258' title='bbox 1767 2827 1956 2902; x_wconf 85' lang='grc' dir='ltr'>ὡραίῳ</span> 
     </span>
    </p>
   </div>
   <div class='ocr_carea' id='block_1_42' title="bbox 312 2913 1958 2994">
    <p class='ocr_par' dir='ltr' id='par_1_42' title="bbox 312 2913 1958 2994">
     <span class='ocr_line' id='line_1_43' title="bbox 312 2913 1958 2994; baseline -0.004 -19"><span class='ocrx_word' id='word_1_259' title='bbox 312 2921 418 2990; x_wconf 70' lang='grc' dir='ltr'>τήν</span> <span class='ocrx_word' id='word_1_260' title='bbox 469 2919 590 2994; x_wconf 71' lang='grc' dir='ltr'>ὄψιν</span> <span class='ocrx_word' id='word_1_261' title='bbox 637 2917 792 2976; x_wconf 82' lang='grc' dir='ltr'>παιδί</span> <span class='ocrx_word' id='word_1_262' title='bbox 839 2917 1234 2994; x_wconf 72' lang='grc' dir='ltr'>ἀφομοιωθεὶς,</span> <span class='ocrx_word' id='word_1_263' title='bbox 1265 2919 1355 2974; x_wconf 81' lang='grc' dir='ltr'><strong>καὶ</strong></span> <span class='ocrx_word' id='word_1_264' title='bbox 1403 2917 1639 2988; x_wconf 81' lang='grc' dir='ltr'>πλησίον</span> <span class='ocrx_word' id='word_1_265' title='bbox 1691 2915 1839 2986; x_wconf 76' lang='grc' dir='ltr'>στὰς,</span> <span class='ocrx_word' id='word_1_266' title='bbox 1885 2913 1958 2969; x_wconf 83' lang='grc' dir='ltr'>εί-</span> 
     </span>
    </p>
   </div>
   <div class='ocr_carea' id='block_1_43' title="bbox 2063 1757 3709 1845">
    <p class='ocr_par' dir='ltr' id='par_1_43' title="bbox 2063 1757 3709 1845">
     <span class='ocr_line' id='line_1_44' title="bbox 2063 1757 3709 1845; baseline 0.01 -33"><span class='ocrx_word' id='word_1_267' title='bbox 2063 1757 2265 1830; x_wconf 89' lang='lat' dir='ltr'><strong>lingua</strong></span> <span class='ocrx_word' id='word_1_268' title='bbox 2306 1775 2422 1816; x_wconf 90' lang='lat' dir='ltr'><strong>non</strong></span> <span class='ocrx_word' id='word_1_269' title='bbox 2451 1759 2736 1816; x_wconf 88' lang='lat' dir='ltr'><strong>minorem</strong></span> <span class='ocrx_word' id='word_1_270' title='bbox 2769 1777 2938 1834; x_wconf 89' lang='lat' dir='ltr'><strong>quam</strong></span> <span class='ocrx_word' id='word_1_271' title='bbox 2969 1765 3234 1836; x_wconf 88' lang='lat' dir='ltr'><strong>primarii</strong></span> <span class='ocrx_word' id='word_1_272' title='bbox 3267 1772 3514 1842; x_wconf 86' lang='lat' dir='ltr'><strong>apostoli</strong></span> <span class='ocrx_word' id='word_1_273' title='bbox 3564 1788 3709 1845; x_wconf 90' lang='lat' dir='ltr'><strong>gra-</strong></span> 
     </span>
    </p>
   </div>
   <div class='ocr_carea' id='block_1_44' title="bbox 2066 1850 3710 1928">
    <p class='ocr_par' dir='ltr' id='par_1_44' title="bbox 2066 1850 3710 1928">
     <span class='ocr_line' id='line_1_45' title="bbox 2066 1850 3710 1928; baseline 0.011 -25"><span class='ocrx_word' id='word_1_274' title='bbox 2066 1850 2202 1905; x_wconf 87' lang='lat' dir='ltr'><strong>tiam</strong></span> <span class='ocrx_word' id='word_1_275' title='bbox 2235 1856 2606 1920; x_wconf 84' lang='lat' dir='ltr'><strong>consecutus,</strong></span> <span class='ocrx_word' id='word_1_276' title='bbox 2628 1869 2922 1910; x_wconf 81' lang='lat' dir='ltr'><strong>sacrorum</strong></span> <span class='ocrx_word' id='word_1_277' title='bbox 2941 1855 3387 1928; x_wconf 84' lang='lat' dir='ltr'><strong>Evangeliornm</strong></span> <span class='ocrx_word' id='word_1_278' title='bbox 3412 1861 3710 1920; x_wconf 82' lang='lat' dir='ltr'><strong>historiam</strong></span> 
     </span>
    </p>
   </div>
   <div class='ocr_carea' id='block_1_45' title="bbox 2065 1938 3714 2024">
    <p class='ocr_par' dir='ltr' id='par_1_45' title="bbox 2065 1938 3714 2024">
     <span class='ocr_line' id='line_1_46' title="bbox 2065 1938 3714 2024; baseline 0.01 -31"><span class='ocrx_word' id='word_1_279' title='bbox 2065 1938 2290 2009; x_wconf 88' lang='lat' dir='ltr'><strong>primus</strong></span> <span class='ocrx_word' id='word_1_280' title='bbox 2321 1939 2574 1995; x_wconf 80' lang='lat' dir='ltr'><strong>Hebraeis</strong></span> <span class='ocrx_word' id='word_1_281' title='bbox 2621 1941 2872 2013; x_wconf 86' lang='lat' dir='ltr'><strong>scripsit.</strong></span> <span class='ocrx_word' id='word_1_282' title='bbox 2909 1943 2962 2000; x_wconf 84' lang='lat' dir='ltr'><strong>Is</strong></span> <span class='ocrx_word' id='word_1_283' title='bbox 3003 1962 3232 2018; x_wconf 90' lang='lat' dir='ltr'><strong>quoque</strong></span> <span class='ocrx_word' id='word_1_284' title='bbox 3283 1955 3522 2008; x_wconf 86' lang='lat' dir='ltr'><strong>sanctus</strong></span> <span class='ocrx_word' id='word_1_285' title='bbox 3579 1969 3714 2024; x_wconf 89' lang='lat' dir='ltr'><strong>apo-</strong></span> 
     </span>
    </p>
   </div>
   <div class='ocr_carea' id='block_1_46' title="bbox 2064 2027 3712 2113">
    <p class='ocr_par' dir='ltr' id='par_1_46' title="bbox 2064 2027 3712 2113">
     <span class='ocr_line' id='line_1_47' title="bbox 2064 2027 3712 2113; baseline 0.009 -30"><span class='ocrx_word' id='word_1_286' title='bbox 2064 2027 2269 2095; x_wconf 88' lang='lat' dir='ltr'><strong>stolus,</strong></span> <span class='ocrx_word' id='word_1_287' title='bbox 2301 2029 2756 2100; x_wconf 84' lang='lat' dir='ltr'><strong>profectionibus</strong></span> <span class='ocrx_word' id='word_1_288' title='bbox 2790 2033 3004 2102; x_wconf 90' lang='lat' dir='ltr'><strong>multis,</strong></span> <span class='ocrx_word' id='word_1_289' title='bbox 3038 2051 3105 2090; x_wconf 85' lang='lat' dir='ltr'><strong>ex</strong></span> <span class='ocrx_word' id='word_1_290' title='bbox 3137 2036 3251 2094; x_wconf 84' lang='lat' dir='ltr'><strong>alia</strong></span> <span class='ocrx_word' id='word_1_291' title='bbox 3274 2038 3507 2110; x_wconf 89' lang='lat' dir='ltr'><strong>regione</strong></span> <span class='ocrx_word' id='word_1_292' title='bbox 3537 2045 3712 2113; x_wconf 86' lang='lat' dir='ltr'><strong>atque</strong></span> 
     </span>
    </p>
   </div>
   <div class='ocr_carea' id='block_1_47' title="bbox 2065 2117 3711 2202">
    <p class='ocr_par' dir='ltr' id='par_1_47' title="bbox 2065 2117 3711 2202">
     <span class='ocr_line' id='line_1_48' title="bbox 2065 2117 3711 2202; baseline 0.009 -30"><span class='ocrx_word' id='word_1_293' title='bbox 2065 2122 2236 2188; x_wconf 90' lang='lat' dir='ltr'><strong>gente</strong></span> <span class='ocrx_word' id='word_1_294' title='bbox 2262 2117 2319 2172; x_wconf 94' lang='lat' dir='ltr'><strong>in</strong></span> <span class='ocrx_word' id='word_1_295' title='bbox 2351 2117 2524 2174; x_wconf 89' lang='lat' dir='ltr'><strong>aliam</strong></span> <span class='ocrx_word' id='word_1_296' title='bbox 2583 2120 2832 2176; x_wconf 86' lang='lat' dir='ltr'><strong>subinde</strong></span> <span class='ocrx_word' id='word_1_297' title='bbox 2889 2123 3174 2194; x_wconf 82' lang='lat' dir='ltr'><strong>migrans,</strong></span> <span class='ocrx_word' id='word_1_298' title='bbox 3206 2127 3518 2200; x_wconf 79' lang='lat' dir='ltr'><strong>Evangelia</strong></span> <span class='ocrx_word' id='word_1_299' title='bbox 3569 2147 3711 2202; x_wconf 77' lang='lat' dir='ltr'><strong>pree-</strong></span> 
     </span>
    </p>
   </div>
   <div class='ocr_carea' id='block_1_48' title="bbox 2065 2205 3712 2287">
    <p class='ocr_par' dir='ltr' id='par_1_48' title="bbox 2065 2205 3712 2287">
     <span class='ocr_line' id='line_1_49' title="bbox 2065 2205 3712 2287; baseline 0.01 -27"><span class='ocrx_word' id='word_1_300' title='bbox 2065 2205 2310 2262; x_wconf 87' lang='lat' dir='ltr'><strong>dicando</strong></span> <span class='ocrx_word' id='word_1_301' title='bbox 2359 2207 2646 2278; x_wconf 72' lang='lat' dir='ltr'><strong>perfectis,</strong></span> <span class='ocrx_word' id='word_1_302' title='bbox 2690 2209 2760 2264; x_wconf 92' lang='lat' dir='ltr'><strong>ad</strong></span> <span class='ocrx_word' id='word_1_303' title='bbox 2815 2218 3170 2281; x_wconf 88' lang='lat' dir='ltr'><strong>postremum</strong></span> <span class='ocrx_word' id='word_1_304' title='bbox 3227 2215 3480 2287; x_wconf 88' lang='lat' dir='ltr'><strong>Spiritus</strong></span> <span class='ocrx_word' id='word_1_305' title='bbox 3529 2221 3712 2275; x_wconf 87' lang='lat' dir='ltr'><strong>sancti</strong></span> 
     </span>
    </p>
   </div>
   <div class='ocr_carea' id='block_1_49' title="bbox 2066 2295 3711 2372">
    <p class='ocr_par' dir='ltr' id='par_1_49' title="bbox 2066 2295 3711 2372">
     <span class='ocr_line' id='line_1_50' title="bbox 2066 2295 3711 2372; baseline 0.009 -22"><span class='ocrx_word' id='word_1_306' title='bbox 2066 2295 2242 2351; x_wconf 87' lang='lat' dir='ltr'><strong>ductu</strong></span> <span class='ocrx_word' id='word_1_307' title='bbox 2263 2295 2338 2352; x_wconf 83' lang='lat' dir='ltr'><strong>ad</strong></span> <span class='ocrx_word' id='word_1_308' title='bbox 2393 2295 3015 2368; x_wconf 82' lang='lat' dir='ltr'><strong>Anthropophagorum</strong></span> <span class='ocrx_word' id='word_1_309' title='bbox 3049 2305 3282 2372; x_wconf 88' lang='lat' dir='ltr'><strong>terram,</strong></span> <span class='ocrx_word' id='word_1_310' title='bbox 3316 2304 3374 2359; x_wconf 89' lang='lat' dir='ltr'><strong>in</strong></span> <span class='ocrx_word' id='word_1_311' title='bbox 3415 2305 3711 2364; x_wconf 84' lang='lat' dir='ltr'><strong>civitatem</strong></span> 
     </span>
    </p>
   </div>
   <div class='ocr_carea' id='block_1_50' title="bbox 2065 2384 3711 2463">
    <p class='ocr_par' dir='ltr' id='par_1_50' title="bbox 2065 2384 3711 2463">
     <span class='ocr_line' id='line_1_51' title="bbox 2065 2384 3711 2463; baseline 0.007 -25"><span class='ocrx_word' id='word_1_312' title='bbox 2065 2384 2160 2439; x_wconf 91' lang='lat' dir='ltr'><strong>cui</strong></span> <span class='ocrx_word' id='word_1_313' title='bbox 2191 2399 2403 2440; x_wconf 89' lang='lat' dir='ltr'><strong>nomen</strong></span> <span class='ocrx_word' id='word_1_314' title='bbox 2435 2387 2524 2439; x_wconf 87' lang='lat' dir='ltr'><strong>est</strong></span> <span class='ocrx_word' id='word_1_315' title='bbox 2539 2386 2870 2457; x_wconf 66' lang='lat' dir='ltr'><strong>Myrmenaa,</strong></span> <span class='ocrx_word' id='word_1_316' title='bbox 2890 2389 3176 2457; x_wconf 86' lang='lat' dir='ltr'><strong>pervenit:</strong></span> <span class='ocrx_word' id='word_1_317' title='bbox 3211 2391 3271 2445; x_wconf 90' lang='lat' dir='ltr'><strong>in</strong></span> <span class='ocrx_word' id='word_1_318' title='bbox 3315 2407 3429 2462; x_wconf 85' lang='lat' dir='ltr'><strong>qua</strong></span> <span class='ocrx_word' id='word_1_319' title='bbox 3449 2393 3711 2463; x_wconf 87' lang='lat' dir='ltr'><strong>Platone,</strong></span> 
     </span>
    </p>
   </div>
   <div class='ocr_carea' id='block_1_51' title="bbox 2065 2473 3714 2555">
    <p class='ocr_par' dir='ltr' id='par_1_51' title="bbox 2065 2473 3714 2555">
     <span class='ocr_line' id='line_1_52' title="bbox 2065 2473 3714 2555; baseline 0.007 -27"><span class='ocrx_word' id='word_1_320' title='bbox 2065 2477 2352 2529; x_wconf 89' lang='lat' dir='ltr'><strong>sectatore</strong></span> <span class='ocrx_word' id='word_1_321' title='bbox 2397 2489 2527 2542; x_wconf 92' lang='lat' dir='ltr'><strong>suo,</strong></span> <span class='ocrx_word' id='word_1_322' title='bbox 2559 2473 2826 2545; x_wconf 88' lang='lat' dir='ltr'><strong>episcopo</strong></span> <span class='ocrx_word' id='word_1_323' title='bbox 2885 2476 3194 2545; x_wconf 86' lang='lat' dir='ltr'><strong>declarato,</strong></span> <span class='ocrx_word' id='word_1_324' title='bbox 3215 2478 3340 2550; x_wconf 87' lang='lat' dir='ltr'><strong>ipse</strong></span> <span class='ocrx_word' id='word_1_325' title='bbox 3384 2482 3444 2538; x_wconf 88' lang='lat' dir='ltr'><strong>in</strong></span> <span class='ocrx_word' id='word_1_326' title='bbox 3503 2499 3714 2555; x_wconf 90' lang='lat' dir='ltr'><strong>quem-</strong></span> 
     </span>
    </p>
   </div>
   <div class='ocr_carea' id='block_1_52' title="bbox 2065 2565 3714 2644">
    <p class='ocr_par' dir='ltr' id='par_1_52' title="bbox 2065 2565 3714 2644">
     <span class='ocr_line' id='line_1_53' title="bbox 2065 2565 3714 2644; baseline 0.007 -25"><span class='ocrx_word' id='word_1_327' title='bbox 2065 2566 2200 2622; x_wconf 83' lang='lat' dir='ltr'><strong>dam</strong></span> <span class='ocrx_word' id='word_1_328' title='bbox 2260 2565 2476 2622; x_wconf 86' lang='lat' dir='ltr'><strong>civitati</strong></span> <span class='ocrx_word' id='word_1_329' title='bbox 2536 2566 2867 2638; x_wconf 81' lang='lat' dir='ltr'><strong>proximum</strong></span> <span class='ocrx_word' id='word_1_330' title='bbox 2925 2567 3130 2624; x_wconf 89' lang='lat' dir='ltr'><strong>collem</strong></span> <span class='ocrx_word' id='word_1_331' title='bbox 3185 2573 3602 2644; x_wconf 86' lang='lat' dir='ltr'><strong>conscendens,</strong></span> <span class='ocrx_word' id='word_1_332' title='bbox 3650 2579 3714 2630; x_wconf 90' lang='lat' dir='ltr'><strong>ut</strong></span> 
     </span>
    </p>
   </div>
   <div class='ocr_carea' id='block_1_53' title="bbox 2065 2655 3712 2728">
    <p class='ocr_par' dir='ltr' id='par_1_53' title="bbox 2065 2655 3712 2728">
     <span class='ocr_line' id='line_1_54' title="bbox 2065 2655 3712 2728; baseline 0.007 -18"><span class='ocrx_word' id='word_1_333' title='bbox 2065 2655 2177 2711; x_wconf 92' lang='lat' dir='ltr'><strong>sibi</strong></span> <span class='ocrx_word' id='word_1_334' title='bbox 2235 2656 2421 2727; x_wconf 80' lang='lat' dir='ltr'><strong>gentis</strong></span> <span class='ocrx_word' id='word_1_335' title='bbox 2477 2657 2606 2727; x_wconf 86' lang='lat' dir='ltr'><strong>ejus</strong></span> <span class='ocrx_word' id='word_1_336' title='bbox 2651 2655 2811 2712; x_wconf 88' lang='lat' dir='ltr'><strong>salus</strong></span> <span class='ocrx_word' id='word_1_337' title='bbox 2855 2657 3228 2728; x_wconf 88' lang='lat' dir='ltr'><strong>revelaretur,</strong></span> <span class='ocrx_word' id='word_1_338' title='bbox 3279 2666 3427 2720; x_wconf 88' lang='lat' dir='ltr'><strong>orat.</strong></span> <span class='ocrx_word' id='word_1_339' title='bbox 3469 2663 3585 2720; x_wconf 87' lang='lat' dir='ltr'><strong>Hoc</strong></span> <span class='ocrx_word' id='word_1_340' title='bbox 3633 2665 3712 2721; x_wconf 87' lang='lat' dir='ltr'><strong>ita</strong></span> 
     </span>
    </p>
   </div>
   <div class='ocr_carea' id='block_1_54' title="bbox 2064 2745 3710 2825">
    <p class='ocr_par' dir='ltr' id='par_1_54' title="bbox 2064 2745 3710 2825">
     <span class='ocr_line' id='line_1_55' title="bbox 2064 2745 3710 2825; baseline 0.005 -25"><span class='ocrx_word' id='word_1_341' title='bbox 2064 2745 2255 2816; x_wconf 84' lang='lat' dir='ltr'><strong>agenti</strong></span> <span class='ocrx_word' id='word_1_342' title='bbox 2320 2745 2600 2817; x_wconf 88' lang='lat' dir='ltr'><strong>apostolo,</strong></span> <span class='ocrx_word' id='word_1_343' title='bbox 2665 2745 2944 2803; x_wconf 89' lang='lat' dir='ltr'><strong>Dominus</strong></span> <span class='ocrx_word' id='word_1_344' title='bbox 3014 2749 3150 2804; x_wconf 83' lang='lat' dir='ltr'><strong>Jesu</strong></span> <span class='ocrx_word' id='word_1_345' title='bbox 3229 2750 3465 2808; x_wconf 87' lang='lat' dir='ltr'><strong>formosi</strong></span> <span class='ocrx_word' id='word_1_346' title='bbox 3541 2753 3710 2825; x_wconf 90' lang='lat' dir='ltr'><strong>pueri</strong></span> 
     </span>
    </p>
   </div>
   <div class='ocr_carea' id='block_1_55' title="bbox 2062 2833 3706 2911">
    <p class='ocr_par' dir='ltr' id='par_1_55' title="bbox 2062 2833 3706 2911">
     <span class='ocr_line' id='line_1_56' title="bbox 2062 2833 3706 2911; baseline 0.007 -23"><span class='ocrx_word' id='word_1_347' title='bbox 2062 2833 2252 2906; x_wconf 87' lang='lat' dir='ltr'><strong>specie</strong></span> <span class='ocrx_word' id='word_1_348' title='bbox 2307 2833 2610 2902; x_wconf 85' lang='lat' dir='ltr'><strong>assistens,</strong></span> <span class='ocrx_word' id='word_1_349' title='bbox 2663 2849 2794 2890; x_wconf 93' lang='lat' dir='ltr'><strong>cum</strong></span> <span class='ocrx_word' id='word_1_350' title='bbox 2837 2851 3036 2907; x_wconf 87' lang='lat' dir='ltr'><strong>pacem</strong></span> <span class='ocrx_word' id='word_1_351' title='bbox 3095 2836 3180 2892; x_wconf 90' lang='lat' dir='ltr'><strong>illi</strong></span> <span class='ocrx_word' id='word_1_352' title='bbox 3233 2844 3519 2911; x_wconf 83' lang='lat' dir='ltr'><strong>precatur,</strong></span> <span class='ocrx_word' id='word_1_353' title='bbox 3577 2846 3706 2899; x_wconf 90' lang='lat' dir='ltr'><strong>tum</strong></span> 
     </span>
    </p>
   </div>
   <div class='ocr_carea' id='block_1_56' title="bbox 2061 2924 3704 3005">
    <p class='ocr_par' dir='ltr' id='par_1_56' title="bbox 2061 2924 3704 3005">
     <span class='ocr_line' id='line_1_57' title="bbox 2061 2924 3704 3005; baseline 0.006 -27"><span class='ocrx_word' id='word_1_354' title='bbox 2061 2924 2282 2996; x_wconf 88' lang='lat' dir='ltr'><strong>virgam</strong></span> <span class='ocrx_word' id='word_1_355' title='bbox 2312 2925 2370 2980; x_wconf 92' lang='lat' dir='ltr'><strong>in</strong></span> <span class='ocrx_word' id='word_1_356' title='bbox 2423 2940 2633 2981; x_wconf 86' lang='lat' dir='ltr'><strong>manus</strong></span> <span class='ocrx_word' id='word_1_357' title='bbox 2665 2925 2714 2980; x_wconf 92' lang='lat' dir='ltr'><strong>ei</strong></span> <span class='ocrx_word' id='word_1_358' title='bbox 2750 2925 2866 2981; x_wconf 90' lang='lat' dir='ltr'><strong>dat.</strong></span> <span class='ocrx_word' id='word_1_359' title='bbox 2900 2927 3064 2996; x_wconf 86' lang='lat' dir='ltr'><strong>Eam,</strong></span> <span class='ocrx_word' id='word_1_360' title='bbox 3095 2943 3229 2984; x_wconf 91' lang='lat' dir='ltr'><strong>cum</strong></span> <span class='ocrx_word' id='word_1_361' title='bbox 3289 2930 3704 3005; x_wconf 81' lang='lat' dir='ltr'><strong>descendisset,</strong></span> 
     </span>
    </p>
   </div>
   <div class='ocr_carea' id='block_1_57' title="bbox 304 3003 1956 3088">
    <p class='ocr_par' dir='ltr' id='par_1_57' title="bbox 304 3003 1945 3088">
     <span class='ocr_line' id='line_1_58' title="bbox 304 3003 1945 3088; baseline -0.004 -24"><span class='ocrx_word' id='word_1_362' title='bbox 304 3011 486 3087; x_wconf 73' lang='grc' dir='ltr'>ρήνην</span> <span class='ocrx_word' id='word_1_363' title='bbox 521 3031 580 3064; x_wconf 90' lang='grc' dir='ltr'><strong>τε</strong></span> <span class='ocrx_word' id='word_1_364' title='bbox 625 3009 769 3082; x_wconf 81' lang='grc' dir='ltr'><strong>αὐτῷ</strong></span> <span class='ocrx_word' id='word_1_365' title='bbox 813 3007 1188 3088; x_wconf 69' lang='grc' dir='ltr'>ἐπιφθέγγεται</span> <span class='ocrx_word' id='word_1_366' title='bbox 1222 3027 1236 3041; x_wconf 85' lang='grc'>⁶</span> <span class='ocrx_word' id='word_1_367' title='bbox 1289 3003 1474 3064; x_wconf 80' lang='grc' dir='ltr'>ἔπειτα</span> <span class='ocrx_word' id='word_1_368' title='bbox 1524 3003 1722 3083; x_wconf 76' lang='grc' dir='ltr'>ῥάϐδον</span> <span class='ocrx_word' id='word_1_369' title='bbox 1772 3003 1945 3082; x_wconf 82' lang='grc' dir='ltr'>ἐγχειο</span> 
     </span>
    </p>
   </div>
   <div class='ocr_carea' id='block_1_58' title="bbox 2070 3003 3706 3088">
    <p class='ocr_par' dir='ltr' id='par_1_58' title="bbox 2070 3003 3706 3088">
     <span class='ocr_line' id='line_1_59' title="bbox 2070 3003 3706 3088; baseline 0.007 -20"><span class='ocrx_word' id='word_1_370' title='bbox 2070 3013 2118 3069; x_wconf 77' lang='lat' dir='ltr'><strong>in</strong></span> <span class='ocrx_word' id='word_1_371' title='bbox 2153 3014 2296 3068; x_wconf 84' lang='lat' dir='ltr'><strong>urbe</strong></span> <span class='ocrx_word' id='word_1_372' title='bbox 2325 3013 2394 3069; x_wconf 92' lang='lat' dir='ltr'><strong>ad</strong></span> <span class='ocrx_word' id='word_1_373' title='bbox 2437 3013 2714 3082; x_wconf 81' lang='lat' dir='ltr'><strong>ecclesiae,</strong></span> <span class='ocrx_word' id='word_1_374' title='bbox 2746 3030 2925 3086; x_wconf 89' lang='lat' dir='ltr'><strong>quam</strong></span> <span class='ocrx_word' id='word_1_375' title='bbox 2973 3015 3097 3088; x_wconf 79' lang='lat' dir='ltr'><strong>ipse</strong></span> <span class='ocrx_word' id='word_1_376' title='bbox 3154 3021 3212 3074; x_wconf 90' lang='lat' dir='ltr'><strong>et</strong></span> <span class='ocrx_word' id='word_1_377' title='bbox 3258 3019 3522 3078; x_wconf 84' lang='lat' dir='ltr'><strong>Andreas</strong></span> <span class='ocrx_word' id='word_1_378' title='bbox 3561 3003 3706 3079; x_wconf 42' lang='lat' dir='ltr'><strong>con;</strong></span> 
     </span>
    </p>
   </div>
   <div class='ocr_carea' id='block_1_59' title="bbox 309 3095 1948 3179">
    <p class='ocr_par' dir='ltr' id='par_1_59' title="bbox 309 3095 1948 3179">
     <span class='ocr_line' id='line_1_60' title="bbox 309 3095 1948 3179; baseline -0.002 -25"><span class='ocrx_word' id='word_1_379' title='bbox 309 3099 492 3176; x_wconf 87' lang='grc' dir='ltr'>ρίσασ,</span> <span class='ocrx_word' id='word_1_380' title='bbox 542 3100 767 3170; x_wconf 78' lang='grc' dir='ltr'>Ταύτην,</span> <span class='ocrx_word' id='word_1_381' title='bbox 817 3095 944 3179; x_wconf 70' lang='grc' dir='ltr'>ἔφη,</span> <span class='ocrx_word' id='word_1_382' title='bbox 987 3100 1190 3154; x_wconf 84' lang='grc' dir='ltr'>κατιὼν</span> <span class='ocrx_word' id='word_1_383' title='bbox 1239 3098 1290 3153; x_wconf 85' lang='grc' dir='ltr'><strong>ἐν</strong></span> <span class='ocrx_word' id='word_1_384' title='bbox 1347 3101 1416 3172; x_wconf 83' lang='grc' dir='ltr'><strong>τῇ</strong></span> <span class='ocrx_word' id='word_1_385' title='bbox 1467 3097 1627 3153; x_wconf 85' lang='grc' dir='ltr'>πόλει</span> <span class='ocrx_word' id='word_1_386' title='bbox 1683 3098 1821 3172; x_wconf 85' lang='grc' dir='ltr'>πρὸς</span> <span class='ocrx_word' id='word_1_387' title='bbox 1878 3101 1948 3170; x_wconf 79' lang='grc' dir='ltr'><strong>τῇ</strong></span> 
     </span>
    </p>
   </div>
   <div class='ocr_carea' id='block_1_60' title="bbox 302 3184 1954 3264">
    <p class='ocr_par' dir='ltr' id='par_1_60' title="bbox 302 3184 1954 3264">
     <span class='ocr_line' id='line_1_61' title="bbox 302 3184 1954 3264; baseline -0.003 -18"><span class='ocrx_word' id='word_1_388' title='bbox 302 3188 464 3264; x_wconf 81' lang='grc' dir='ltr'>πύλῃ</span> <span class='ocrx_word' id='word_1_389' title='bbox 517 3193 619 3256; x_wconf 77' lang='grc' dir='ltr'>τῆς</span> <span class='ocrx_word' id='word_1_390' title='bbox 667 3187 982 3260; x_wconf 76' lang='grc' dir='ltr'>ἐκκλησίας,</span> <span class='ocrx_word' id='word_1_391' title='bbox 1038 3189 1101 3258; x_wconf 81' lang='grc' dir='ltr'>ἣν</span> <span class='ocrx_word' id='word_1_392' title='bbox 1157 3189 1220 3242; x_wconf 80' lang='grc' dir='ltr'>σὺ</span> <span class='ocrx_word' id='word_1_393' title='bbox 1275 3187 1366 3242; x_wconf 81' lang='grc' dir='ltr'><strong>καὶ</strong></span> <span class='ocrx_word' id='word_1_394' title='bbox 1414 3185 1664 3263; x_wconf 79' lang='grc' dir='ltr'>’Δνδρέας</span> <span class='ocrx_word' id='word_1_395' title='bbox 1739 3184 1954 3258; x_wconf 86' lang='grc' dir='ltr'>ᾠκοδο-</span> 
     </span>
    </p>
   </div>
   <div class='ocr_carea' id='block_1_61' title="bbox 315 3273 1956 3354">
    <p class='ocr_par' dir='ltr' id='par_1_61' title="bbox 315 3273 1956 3354">
     <span class='ocr_line' id='line_1_62' title="bbox 315 3273 1956 3354; baseline -0.002 -21"><span class='ocrx_word' id='word_1_396' title='bbox 315 3282 552 3352; x_wconf 73' lang='grc' dir='ltr'>μήσατε,</span> <span class='ocrx_word' id='word_1_397' title='bbox 611 3278 1032 3354; x_wconf 80' lang='grc' dir='ltr'>καταφύτευσον,</span> <span class='ocrx_word' id='word_1_398' title='bbox 1092 3277 1184 3332; x_wconf 81' lang='grc' dir='ltr'><strong>καὶ</strong></span> <span class='ocrx_word' id='word_1_399' title='bbox 1242 3278 1320 3340; x_wconf 84' lang='grc' dir='ltr'><strong>εἰς</strong></span> <span class='ocrx_word' id='word_1_400' title='bbox 1383 3273 1602 3351; x_wconf 75' lang='grc' dir='ltr'>δένδρον</span> <span class='ocrx_word' id='word_1_401' title='bbox 1660 3275 1798 3352; x_wconf 73' lang='grc' dir='ltr'>μέγα</span> <span class='ocrx_word' id='word_1_402' title='bbox 1866 3276 1956 3330; x_wconf 87' lang='grc' dir='ltr'><strong>καὶ</strong></span> 
     </span>
    </p>
   </div>
   <div class='ocr_carea' id='block_1_62' title="bbox 317 3367 1964 3445">
    <p class='ocr_par' dir='ltr' id='par_1_62' title="bbox 317 3367 1964 3445">
     <span class='ocr_line' id='line_1_63' title="bbox 317 3367 1964 3445; baseline -0.003 -18"><span class='ocrx_word' id='word_1_403' title='bbox 317 3369 539 3445; x_wconf 76' lang='grc' dir='ltr'>ὑψηλὸν</span> <span class='ocrx_word' id='word_1_404' title='bbox 594 3368 750 3430; x_wconf 80' lang='grc' dir='ltr'>εὐθὺς</span> <span class='ocrx_word' id='word_1_405' title='bbox 807 3367 1083 3424; x_wconf 78' lang='grc' dir='ltr'>ἐπιδώσει.</span> <span class='ocrx_word' id='word_1_406' title='bbox 1142 3371 1214 3427; x_wconf 84' lang='lat'><strong>&quot;0</strong></span> <span class='ocrx_word' id='word_1_407' title='bbox 1268 3389 1328 3444; x_wconf 86' lang='grc' dir='ltr'><strong>γε</strong></span> <span class='ocrx_word' id='word_1_408' title='bbox 1388 3370 1494 3442; x_wconf 72' lang='grc' dir='ltr'>μὴν</span> <span class='ocrx_word' id='word_1_409' title='bbox 1554 3369 1760 3443; x_wconf 84' lang='grc' dir='ltr'>καρπὸς</span> <span class='ocrx_word' id='word_1_410' title='bbox 1816 3367 1964 3442; x_wconf 76' lang='grc' dir='ltr'>αὐτῷ</span> 
     </span>
    </p>
   </div>
   <div class='ocr_carea' id='block_1_63' title="bbox 317 3453 1962 3536">
    <p class='ocr_par' dir='ltr' id='par_1_63' title="bbox 317 3453 1962 3536">
     <span class='ocr_line' id='line_1_64' title="bbox 317 3453 1962 3536; baseline -0.002 -21"><span class='ocrx_word' id='word_1_411' title='bbox 317 3457 500 3521; x_wconf 82' lang='grc' dir='ltr'>πολὺς</span> <span class='ocrx_word' id='word_1_412' title='bbox 532 3453 677 3514; x_wconf 78' lang='grc' dir='ltr'>ἔσται</span> <span class='ocrx_word' id='word_1_413' title='bbox 727 3455 954 3536; x_wconf 64' lang='grc' dir='ltr'>σφόδρα,</span> <span class='ocrx_word' id='word_1_414' title='bbox 1001 3457 1401 3532; x_wconf 84' lang='grc' dir='ltr'>παραλλάττων</span> <span class='ocrx_word' id='word_1_415' title='bbox 1440 3479 1499 3514; x_wconf 84' lang='grc' dir='ltr'><strong>τε</strong></span> <span class='ocrx_word' id='word_1_416' title='bbox 1545 3457 1674 3520; x_wconf 81' lang='grc' dir='ltr'>τοὺς</span> <span class='ocrx_word' id='word_1_417' title='bbox 1715 3456 1962 3520; x_wconf 74' lang='grc' dir='ltr'>πολλοὺς</span> 
     </span>
    </p>
   </div>
   <div class='ocr_carea' id='block_1_64' title="bbox 318 3545 1963 3626">
    <p class='ocr_par' dir='ltr' id='par_1_64' title="bbox 318 3545 1963 3626">
     <span class='ocr_line' id='line_1_65' title="bbox 318 3545 1963 3626; baseline -0.001 -20"><span class='ocrx_word' id='word_1_418' title='bbox 318 3555 404 3624; x_wconf 79' lang='grc' dir='ltr'><strong>τῷ</strong></span> <span class='ocrx_word' id='word_1_419' title='bbox 456 3549 688 3623; x_wconf 84' lang='grc' dir='ltr'>μεγέθει,</span> <span class='ocrx_word' id='word_1_420' title='bbox 733 3547 828 3603; x_wconf 72' lang='grc' dir='ltr'>κᾶν</span> <span class='ocrx_word' id='word_1_421' title='bbox 879 3552 948 3620; x_wconf 76' lang='grc' dir='ltr'><strong>τῇ</strong></span> <span class='ocrx_word' id='word_1_422' title='bbox 992 3548 1168 3624; x_wconf 83' lang='grc' dir='ltr'>γεύσει</span> <span class='ocrx_word' id='word_1_423' title='bbox 1218 3546 1483 3626; x_wconf 59' lang='grc' dir='ltr'>διαιρέρων</span> <span class='ocrx_word' id='word_1_424' title='bbox 1535 3549 1607 3611; x_wconf 80' lang='grc' dir='ltr'><strong>ὡς</strong></span> <span class='ocrx_word' id='word_1_425' title='bbox 1656 3545 1916 3604; x_wconf 81' lang='grc' dir='ltr'>πλεῖστον</span> <span class='ocrx_word' id='word_1_426' title='bbox 1949 3567 1963 3582; x_wconf 87' lang='grc'><strong>·</strong></span> 
     </span>
    </p>
   </div>
   <div class='ocr_carea' id='block_1_65' title="bbox 315 3634 1965 3716">
    <p class='ocr_par' dir='ltr' id='par_1_65' title="bbox 315 3634 1965 3716">
     <span class='ocr_line' id='line_1_66' title="bbox 315 3634 1965 3716; baseline 0 -24"><span class='ocrx_word' id='word_1_427' title='bbox 315 3640 476 3714; x_wconf 86' lang='grc' dir='ltr'><strong>πηγὴ</strong></span> <span class='ocrx_word' id='word_1_428' title='bbox 509 3636 567 3692; x_wconf 70' lang='grc' dir='ltr'>δὲ</span> <span class='ocrx_word' id='word_1_429' title='bbox 616 3639 849 3716; x_wconf 79' lang='grc' dir='ltr'>ἀφθόνου</span> <span class='ocrx_word' id='word_1_430' title='bbox 895 3637 988 3692; x_wconf 81' lang='grc' dir='ltr'><strong>καὶ</strong></span> <span class='ocrx_word' id='word_1_431' title='bbox 1021 3635 1255 3701; x_wconf 85' lang='grc' dir='ltr'>διειδοῦς</span> <span class='ocrx_word' id='word_1_432' title='bbox 1301 3634 1517 3703; x_wconf 71' lang='grc' dir='ltr'>ὕδατος,</span> <span class='ocrx_word' id='word_1_433' title='bbox 1551 3636 1610 3691; x_wconf 89' lang='grc' dir='ltr'><strong>ἐκ</strong></span> <span class='ocrx_word' id='word_1_434' title='bbox 1653 3644 1754 3707; x_wconf 85' lang='grc' dir='ltr'><strong>τῆς</strong></span> <span class='ocrx_word' id='word_1_435' title='bbox 1801 3637 1965 3692; x_wconf 79' lang='grc' dir='ltr'>αὐτοῦ</span> 
     </span>
    </p>
   </div>
   <div class='ocr_carea' id='block_1_66' title="bbox 328 3723 1963 3806">
    <p class='ocr_par' dir='ltr' id='par_1_66' title="bbox 328 3723 1963 3806">
     <span class='ocr_line' id='line_1_67' title="bbox 328 3723 1963 3806; baseline 0 -24"><span class='ocrx_word' id='word_1_436' title='bbox 328 3728 490 3806; x_wconf 78' lang='grc' dir='ltr'>ῥίζης</span> <span class='ocrx_word' id='word_1_437' title='bbox 545 3725 916 3802; x_wconf 80' lang='grc' dir='ltr'>κελαρύζουσα</span> <span class='ocrx_word' id='word_1_438' title='bbox 972 3723 1388 3802; x_wconf 87' lang='grc' dir='ltr'>προσελεύσεται</span> <span class='ocrx_word' id='word_1_439' title='bbox 1423 3745 1435 3758; x_wconf 90' lang='grc'><strong>·</strong></span> <span class='ocrx_word' id='word_1_440' title='bbox 1487 3725 1539 3779; x_wconf 88' lang='grc' dir='ltr'><strong>ἐν</strong></span> <span class='ocrx_word' id='word_1_441' title='bbox 1593 3726 1640 3797; x_wconf 80' lang='grc' dir='ltr'>ᾧ</span> <span class='ocrx_word' id='word_1_442' title='bbox 1685 3729 1793 3780; x_wconf 81' lang='grc' dir='ltr'><strong>τῶν</strong></span> <span class='ocrx_word' id='word_1_443' title='bbox 1846 3728 1963 3784; x_wconf 81' lang='grc' dir='ltr'><strong>Ἀν-</strong></span> 
     </span>
    </p>
   </div>
   <div class='ocr_carea' id='block_1_67' title="bbox 318 3814 1967 3893">
    <p class='ocr_par' dir='ltr' id='par_1_67' title="bbox 318 3814 1967 3893">
     <span class='ocr_line' id='line_1_68' title="bbox 318 3814 1967 3893; baseline -0.001 -21"><span class='ocrx_word' id='word_1_444' title='bbox 318 3816 700 3893; x_wconf 73' lang='grc' dir='ltr'>θρωποφὰγων</span> <span class='ocrx_word' id='word_1_445' title='bbox 761 3817 912 3878; x_wconf 81' lang='grc' dir='ltr'>ὅσοις</span> <span class='ocrx_word' id='word_1_446' title='bbox 969 3814 1262 3870; x_wconf 78' lang='grc' dir='ltr'>λούσασθαι</span> <span class='ocrx_word' id='word_1_447' title='bbox 1318 3814 1556 3892; x_wconf 79' lang='grc' dir='ltr'>γένοιτο,</span> <span class='ocrx_word' id='word_1_448' title='bbox 1617 3815 1652 3885; x_wconf 74' lang='grc' dir='ltr'>ἦ</span> <span class='ocrx_word' id='word_1_449' title='bbox 1710 3837 1768 3871; x_wconf 84' lang='grc' dir='ltr'><strong>τε</strong></span> <span class='ocrx_word' id='word_1_450' title='bbox 1843 3815 1967 3890; x_wconf 77' lang='grc' dir='ltr'>ὄψις</span> 
     </span>
    </p>
   </div>
   <div class='ocr_carea' id='block_1_68' title="bbox 313 3903 1962 3982">
    <p class='ocr_par' dir='ltr' id='par_1_68' title="bbox 313 3903 1962 3982">
     <span class='ocr_line' id='line_1_69' title="bbox 313 3903 1962 3982; baseline -0.002 -19"><span class='ocrx_word' id='word_1_451' title='bbox 313 3907 458 3982; x_wconf 82' lang='grc' dir='ltr'>πρὸς</span> <span class='ocrx_word' id='word_1_452' title='bbox 505 3907 569 3962; x_wconf 87' lang='grc' dir='ltr'>τὸ</span> <span class='ocrx_word' id='word_1_453' title='bbox 627 3907 886 3981; x_wconf 71' lang='grc' dir='ltr'>εὐπρεπὲς</span> <span class='ocrx_word' id='word_1_454' title='bbox 935 3903 1452 3982; x_wconf 72' lang='grc' dir='ltr'>μεταβρυθμισθείη,</span> <span class='ocrx_word' id='word_1_455' title='bbox 1507 3903 1562 3960; x_wconf 75' lang='grc' dir='ltr'>α⁹ί</span> <span class='ocrx_word' id='word_1_456' title='bbox 1627 3925 1685 3960; x_wconf 90' lang='grc' dir='ltr'><strong>τε</strong></span> <span class='ocrx_word' id='word_1_457' title='bbox 1741 3903 1962 3980; x_wconf 85' lang='grc' dir='ltr'>καρδίαι</span> 
     </span>
    </p>
   </div>
   <div class='ocr_carea' id='block_1_69' title="bbox 327 3994 1970 4074">
    <p class='ocr_par' dir='ltr' id='par_1_69' title="bbox 327 3994 1970 4074">
     <span class='ocr_line' id='line_1_70' title="bbox 327 3994 1970 4074; baseline -0.001 -23"><span class='ocrx_word' id='word_1_458' title='bbox 327 3998 394 4051; x_wconf 87' lang='grc' dir='ltr'>τὸ</span> <span class='ocrx_word' id='word_1_459' title='bbox 448 3994 634 4072; x_wconf 77' lang='grc' dir='ltr'>Ξὶγριον</span> <span class='ocrx_word' id='word_1_460' title='bbox 678 3994 1032 4068; x_wconf 78' lang='grc' dir='ltr'>ἀποθέμεναι,</span> <span class='ocrx_word' id='word_1_461' title='bbox 1081 3995 1224 4070; x_wconf 86' lang='grc' dir='ltr'>πρὸς</span> <span class='ocrx_word' id='word_1_462' title='bbox 1283 3995 1346 4050; x_wconf 85' lang='grc' dir='ltr'><strong>τὸ</strong></span> <span class='ocrx_word' id='word_1_463' title='bbox 1406 3995 1682 4070; x_wconf 75' lang='grc' dir='ltr'>εἰρηναῖον</span> <span class='ocrx_word' id='word_1_464' title='bbox 1742 4016 1970 4074; x_wconf 88' lang='grc' dir='ltr'>μεταχω</span> 
     </span>
    </p>
   </div>
   <div class='ocr_carea' id='block_1_70' title="bbox 316 4083 1964 4162">
    <p class='ocr_par' dir='ltr' id='par_1_70' title="bbox 316 4083 1964 4162">
     <span class='ocr_line' id='line_1_71' title="bbox 316 4083 1964 4162; baseline 0 -23"><span class='ocrx_word' id='word_1_465' title='bbox 316 4087 570 4162; x_wconf 72' lang='grc' dir='ltr'>ρήσουσι,</span> <span class='ocrx_word' id='word_1_466' title='bbox 621 4085 712 4140; x_wconf 78' lang='grc' dir='ltr'><strong>καὶ</strong></span> <span class='ocrx_word' id='word_1_467' title='bbox 760 4085 860 4153; x_wconf 74' lang='grc' dir='ltr'><strong>τήν</strong></span> <span class='ocrx_word' id='word_1_468' title='bbox 908 4084 996 4138; x_wconf 87' lang='grc' dir='ltr'><strong>ἐπὶ</strong></span> <span class='ocrx_word' id='word_1_469' title='bbox 1042 4084 1106 4140; x_wconf 85' lang='grc' dir='ltr'><strong>τὸ</strong></span> <span class='ocrx_word' id='word_1_470' title='bbox 1159 4083 1374 4158; x_wconf 71' lang='grc' dir='ltr'>βέλτιον</span> <span class='ocrx_word' id='word_1_471' title='bbox 1424 4083 1724 4139; x_wconf 88' lang='grc' dir='ltr'>ἀλλοίωσιν</span> <span class='ocrx_word' id='word_1_472' title='bbox 1760 4083 1964 4157; x_wconf 75' lang='grc' dir='ltr'>ἕξουσι.</span> 
     </span>
    </p>
   </div>
   <div class='ocr_carea' id='block_1_71' title="bbox 315 4171 1958 4248">
    <p class='ocr_par' dir='ltr' id='par_1_71' title="bbox 315 4171 1958 4248">
     <span class='ocr_line' id='line_1_72' title="bbox 315 4171 1958 4248; baseline -0.001 -20"><span class='ocrx_word' id='word_1_473' title='bbox 315 4175 416 4230; x_wconf 81' lang='grc' dir='ltr'><strong>Καὶ</strong></span> <span class='ocrx_word' id='word_1_474' title='bbox 478 4172 544 4243; x_wconf 83' lang='grc' dir='ltr'>δὴ</span> <span class='ocrx_word' id='word_1_475' title='bbox 600 4173 860 4236; x_wconf 71' lang='grc' dir='ltr'>κατιόντι.</span> <span class='ocrx_word' id='word_1_476' title='bbox 920 4175 948 4228; x_wconf 89' lang='lat'><strong>6</strong></span> <span class='ocrx_word' id='word_1_477' title='bbox 1003 4180 1103 4244; x_wconf 83' lang='grc' dir='ltr'><strong>τῆς</strong></span> <span class='ocrx_word' id='word_1_478' title='bbox 1159 4173 1376 4234; x_wconf 86' lang='grc' dir='ltr'>πόλεως</span> <span class='ocrx_word' id='word_1_479' title='bbox 1435 4173 1644 4246; x_wconf 79' lang='grc' dir='ltr'>ἐκείνης</span> <span class='ocrx_word' id='word_1_480' title='bbox 1703 4171 1958 4248; x_wconf 70' lang='grc' dir='ltr'>βασιλεὺς</span> 
     </span>
    </p>
   </div>
   <div class='ocr_carea' id='block_1_72' title="bbox 308 4260 1952 4338">
    <p class='ocr_par' dir='ltr' id='par_1_72' title="bbox 308 4260 1952 4338">
     <span class='ocr_line' id='line_1_73' title="bbox 308 4260 1952 4338; baseline 0 -20"><span class='ocrx_word' id='word_1_481' title='bbox 308 4265 690 4338; x_wconf 73' lang='grc' dir='ltr'>προσυπήντα,</span> <span class='ocrx_word' id='word_1_482' title='bbox 759 4263 969 4334; x_wconf 87' lang='grc' dir='ltr'>σύναμα</span> <span class='ocrx_word' id='word_1_483' title='bbox 1023 4263 1231 4338; x_wconf 78' lang='grc' dir='ltr'>γυναικὶ</span> <span class='ocrx_word' id='word_1_484' title='bbox 1289 4263 1378 4318; x_wconf 78' lang='grc' dir='ltr'><strong>καὶ</strong></span> <span class='ocrx_word' id='word_1_485' title='bbox 1429 4264 1615 4337; x_wconf 80' lang='grc' dir='ltr'>τέκνῳ.</span> <span class='ocrx_word' id='word_1_486' title='bbox 1668 4260 1952 4318; x_wconf 82' lang='grc' dir='ltr'>Φουλϐια-</span> 
     </span>
    </p>
   </div>
   <div class='ocr_carea' id='block_1_73' title="bbox 2061 3102 3705 3176">
    <p class='ocr_par' dir='ltr' id='par_1_73' title="bbox 2061 3102 3705 3176">
     <span class='ocr_line' id='line_1_74' title="bbox 2061 3102 3705 3176; baseline 0.005 -18"><span class='ocrx_word' id='word_1_487' title='bbox 2061 3102 2394 3171; x_wconf 83' lang='lat' dir='ltr'><strong>struxisset,</strong></span> <span class='ocrx_word' id='word_1_488' title='bbox 2441 3107 2666 3173; x_wconf 88' lang='lat' dir='ltr'><strong>portam</strong></span> <span class='ocrx_word' id='word_1_489' title='bbox 2728 3102 2989 3174; x_wconf 86' lang='lat' dir='ltr'><strong>plantare</strong></span> <span class='ocrx_word' id='word_1_490' title='bbox 3063 3105 3254 3176; x_wconf 87' lang='lat' dir='ltr'><strong>jubet,</strong></span> <span class='ocrx_word' id='word_1_491' title='bbox 3312 3108 3373 3165; x_wconf 90' lang='lat' dir='ltr'><strong>in</strong></span> <span class='ocrx_word' id='word_1_492' title='bbox 3437 3111 3705 3168; x_wconf 84' lang='lat' dir='ltr'><strong>arborem</strong></span> 
     </span>
    </p>
   </div>
   <div class='ocr_carea' id='block_1_74' title="bbox 2061 3191 3708 3272">
    <p class='ocr_par' dir='ltr' id='par_1_74' title="bbox 2061 3191 3708 3272">
     <span class='ocr_line' id='line_1_75' title="bbox 2061 3191 3708 3272; baseline 0.005 -24"><span class='ocrx_word' id='word_1_493' title='bbox 2061 3207 2336 3266; x_wconf 88' lang='lat' dir='ltr'><strong>magnam</strong></span> <span class='ocrx_word' id='word_1_494' title='bbox 2359 3195 2418 3248; x_wconf 91' lang='lat' dir='ltr'><strong>et</strong></span> <span class='ocrx_word' id='word_1_495' title='bbox 2445 3191 2730 3247; x_wconf 87' lang='lat' dir='ltr'><strong>excelsam</strong></span> <span class='ocrx_word' id='word_1_496' title='bbox 2769 3191 2922 3249; x_wconf 92' lang='lat' dir='ltr'><strong>illico</strong></span> <span class='ocrx_word' id='word_1_497' title='bbox 2977 3209 3302 3254; x_wconf 86' lang='lat' dir='ltr'><strong>evasuram.</strong></span> <span class='ocrx_word' id='word_1_498' title='bbox 3337 3198 3708 3272; x_wconf 88' lang='lat' dir='ltr'><strong>fructumque</strong></span> 
     </span>
    </p>
   </div>
   <div class='ocr_carea' id='block_1_75' title="bbox 2065 3281 3710 3361">
    <p class='ocr_par' dir='ltr' id='par_1_75' title="bbox 2065 3281 3710 3361">
     <span class='ocr_line' id='line_1_76' title="bbox 2065 3281 3710 3361; baseline 0.005 -25"><span class='ocrx_word' id='word_1_499' title='bbox 2065 3282 2388 3355; x_wconf 88' lang='lat' dir='ltr'><strong>plurimum</strong></span> <span class='ocrx_word' id='word_1_500' title='bbox 2423 3281 2826 3352; x_wconf 79' lang='lat' dir='ltr'><strong>magnitudine</strong></span> <span class='ocrx_word' id='word_1_501' title='bbox 2857 3282 3032 3338; x_wconf 89' lang='lat' dir='ltr'><strong>simul</strong></span> <span class='ocrx_word' id='word_1_502' title='bbox 3058 3291 3110 3339; x_wconf 91' lang='lat' dir='ltr'><strong>et</strong></span> <span class='ocrx_word' id='word_1_503' title='bbox 3143 3302 3346 3357; x_wconf 86' lang='lat' dir='ltr'><strong>sapore</strong></span> <span class='ocrx_word' id='word_1_504' title='bbox 3378 3287 3508 3344; x_wconf 88' lang='lat' dir='ltr'><strong>aliis</strong></span> <span class='ocrx_word' id='word_1_505' title='bbox 3547 3289 3710 3361; x_wconf 87' lang='lat' dir='ltr'><strong>longe</strong></span> 
     </span>
    </p>
   </div>
   <div class='ocr_carea' id='block_1_76' title="bbox 2069 3369 3722 3450">
    <p class='ocr_par' dir='ltr' id='par_1_76' title="bbox 2069 3369 3722 3450">
     <span class='ocr_line' id='line_1_77' title="bbox 2069 3369 3722 3450; baseline 0.005 -23"><span class='ocrx_word' id='word_1_506' title='bbox 2069 3371 2425 3443; x_wconf 88' lang='lat' dir='ltr'><strong>superiorem</strong></span> <span class='ocrx_word' id='word_1_507' title='bbox 2483 3369 2737 3426; x_wconf 88' lang='lat' dir='ltr'><strong>laturum</strong></span> <span class='ocrx_word' id='word_1_508' title='bbox 2775 3387 2789 3426; x_wconf 89' lang='lat'><strong>:</strong></span> <span class='ocrx_word' id='word_1_509' title='bbox 2823 3371 3038 3428; x_wconf 88' lang='lat' dir='ltr'><strong>fontem</strong></span> <span class='ocrx_word' id='word_1_510' title='bbox 3097 3379 3374 3444; x_wconf 66' lang='lat' dir='ltr'><strong>praeterea</strong></span> <span class='ocrx_word' id='word_1_511' title='bbox 3422 3379 3722 3450; x_wconf 87' lang='lat' dir='ltr'><strong>copiosum</strong></span> 
     </span>
    </p>
   </div>
   <div class='ocr_carea' id='block_1_77' title="bbox 2071 3458 3723 3538">
    <p class='ocr_par' dir='ltr' id='par_1_77' title="bbox 2071 3458 3723 3538">
     <span class='ocr_line' id='line_1_78' title="bbox 2071 3458 3723 3538; baseline 0.005 -23"><span class='ocrx_word' id='word_1_512' title='bbox 2071 3463 2128 3515; x_wconf 88' lang='lat' dir='ltr'><strong>et</strong></span> <span class='ocrx_word' id='word_1_513' title='bbox 2157 3458 2536 3530; x_wconf 89' lang='lat' dir='ltr'><strong>pellucidum,</strong></span> <span class='ocrx_word' id='word_1_514' title='bbox 2569 3473 2702 3515; x_wconf 90' lang='lat' dir='ltr'><strong>cum</strong></span> <span class='ocrx_word' id='word_1_515' title='bbox 2750 3458 2868 3516; x_wconf 88' lang='lat' dir='ltr'><strong>leni</strong></span> <span class='ocrx_word' id='word_1_516' title='bbox 2925 3477 3188 3530; x_wconf 90' lang='lat' dir='ltr'><strong>susurro,</strong></span> <span class='ocrx_word' id='word_1_517' title='bbox 3222 3478 3289 3519; x_wconf 87' lang='lat' dir='ltr'><strong>ex</strong></span> <span class='ocrx_word' id='word_1_518' title='bbox 3346 3465 3537 3521; x_wconf 86' lang='lat' dir='ltr'><strong>radice</strong></span> <span class='ocrx_word' id='word_1_519' title='bbox 3593 3469 3723 3538; x_wconf 88' lang='lat' dir='ltr'><strong>ejus</strong></span> 
     </span>
    </p>
   </div>
   <div class='ocr_carea' id='block_1_78' title="bbox 2073 3547 3724 3627">
    <p class='ocr_par' dir='ltr' id='par_1_78' title="bbox 2073 3547 3724 3627">
     <span class='ocr_line' id='line_1_79' title="bbox 2073 3547 3724 3627; baseline 0.006 -25"><span class='ocrx_word' id='word_1_520' title='bbox 2073 3555 2415 3619; x_wconf 86' lang='lat' dir='ltr'><strong>erupturum</strong></span> <span class='ocrx_word' id='word_1_521' title='bbox 2493 3563 2618 3602; x_wconf 90' lang='lat' dir='ltr'><strong>esse</strong></span> <span class='ocrx_word' id='word_1_522' title='bbox 2693 3547 2986 3617; x_wconf 88' lang='lat' dir='ltr'><strong>pollicitus</strong></span> <span class='ocrx_word' id='word_1_523' title='bbox 3035 3565 3050 3606; x_wconf 92' lang='lat'>:</span> <span class='ocrx_word' id='word_1_524' title='bbox 3108 3551 3168 3606; x_wconf 90' lang='lat' dir='ltr'><strong>in</strong></span> <span class='ocrx_word' id='word_1_525' title='bbox 3217 3569 3333 3624; x_wconf 91' lang='lat' dir='ltr'><strong>quo</strong></span> <span class='ocrx_word' id='word_1_526' title='bbox 3389 3555 3724 3627; x_wconf 87' lang='lat' dir='ltr'><strong>quicunque</strong></span> 
     </span>
    </p>
   </div>
   <div class='ocr_carea' id='block_1_79' title="bbox 2074 3644 3725 3716">
    <p class='ocr_par' dir='ltr' id='par_1_79' title="bbox 2074 3644 3725 3716">
     <span class='ocr_line' id='line_1_80' title="bbox 2074 3644 3725 3716; baseline 0.007 -18"><span class='ocrx_word' id='word_1_527' title='bbox 2074 3644 2554 3716; x_wconf 79' lang='lat' dir='ltr'><strong>AnthrOpOphagi</strong></span> <span class='ocrx_word' id='word_1_528' title='bbox 2606 3645 2902 3713; x_wconf 86' lang='lat' dir='ltr'><strong>lavisscnt,</strong></span> <span class='ocrx_word' id='word_1_529' title='bbox 2938 3662 3138 3704; x_wconf 89' lang='lat' dir='ltr'><strong>eorum</strong></span> <span class='ocrx_word' id='word_1_530' title='bbox 3193 3649 3369 3705; x_wconf 84' lang='lat' dir='ltr'><strong>simul</strong></span> <span class='ocrx_word' id='word_1_531' title='bbox 3427 3655 3482 3708; x_wconf 89' lang='lat' dir='ltr'><strong>et</strong></span> <span class='ocrx_word' id='word_1_532' title='bbox 3529 3653 3725 3709; x_wconf 90' lang='lat' dir='ltr'><strong>vultus</strong></span> 
     </span>
    </p>
   </div>
   <div class='ocr_carea' id='block_1_80' title="bbox 2078 3733 3724 3808">
    <p class='ocr_par' dir='ltr' id='par_1_80' title="bbox 2078 3733 3724 3808">
     <span class='ocr_line' id='line_1_81' title="bbox 2078 3733 3724 3808; baseline 0.005 -18"><span class='ocrx_word' id='word_1_533' title='bbox 2078 3735 2149 3790; x_wconf 92' lang='lat' dir='ltr'><strong>ad</strong></span> <span class='ocrx_word' id='word_1_534' title='bbox 2211 3733 2454 3789; x_wconf 85' lang='lat' dir='ltr'><strong>formam</strong></span> <span class='ocrx_word' id='word_1_535' title='bbox 2534 3733 2922 3791; x_wconf 90' lang='lat' dir='ltr'><strong>decentiorem</strong></span> <span class='ocrx_word' id='word_1_536' title='bbox 2984 3738 3374 3808; x_wconf 89' lang='lat' dir='ltr'><strong>compositum</strong></span> <span class='ocrx_word' id='word_1_537' title='bbox 3437 3745 3494 3796; x_wconf 90' lang='lat' dir='ltr'><strong>et</strong></span> <span class='ocrx_word' id='word_1_538' title='bbox 3544 3742 3724 3799; x_wconf 91' lang='lat' dir='ltr'><strong>corda</strong></span> 
     </span>
    </p>
   </div>
   <div class='ocr_carea' id='block_1_81' title="bbox 2081 3823 3727 3896">
    <p class='ocr_par' dir='ltr' id='par_1_81' title="bbox 2081 3823 3727 3896">
     <span class='ocr_line' id='line_1_82' title="bbox 2081 3823 3727 3896; baseline 0.007 -18"><span class='ocrx_word' id='word_1_539' title='bbox 2081 3825 2286 3896; x_wconf 84' lang='lat' dir='ltr'><strong>agresti</strong></span> <span class='ocrx_word' id='word_1_540' title='bbox 2335 3823 2559 3880; x_wconf 86' lang='lat' dir='ltr'><strong>feritate</strong></span> <span class='ocrx_word' id='word_1_541' title='bbox 2615 3824 2820 3895; x_wconf 90' lang='lat' dir='ltr'><strong>posita,</strong></span> <span class='ocrx_word' id='word_1_542' title='bbox 2854 3827 2924 3880; x_wconf 87' lang='lat' dir='ltr'><strong>ad</strong></span> <span class='ocrx_word' id='word_1_543' title='bbox 2972 3825 3416 3896; x_wconf 84' lang='lat' dir='ltr'><strong>placabititatem</strong></span> <span class='ocrx_word' id='word_1_544' title='bbox 3475 3837 3532 3886; x_wconf 90' lang='lat' dir='ltr'><strong>et</strong></span> <span class='ocrx_word' id='word_1_545' title='bbox 3581 3833 3727 3889; x_wconf 87' lang='lat' dir='ltr'><strong>leni-</strong></span> 
     </span>
    </p>
   </div>
   <div class='ocr_carea' id='block_1_82' title="bbox 2081 3917 3726 3986">
    <p class='ocr_par' dir='ltr' id='par_1_82' title="bbox 2081 3917 3726 3986">
     <span class='ocr_line' id='line_1_83' title="bbox 2081 3917 3726 3986; baseline 0.006 -18"><span class='ocrx_word' id='word_1_546' title='bbox 2081 3918 2268 3968; x_wconf 88' lang='lat' dir='ltr'><strong>tatum</strong></span> <span class='ocrx_word' id='word_1_547' title='bbox 2320 3927 2679 3981; x_wconf 88' lang='lat' dir='ltr'><strong>conversum,</strong></span> <span class='ocrx_word' id='word_1_548' title='bbox 2713 3929 3070 3986; x_wconf 89' lang='lat' dir='ltr'><strong>prorsusque</strong></span> <span class='ocrx_word' id='word_1_549' title='bbox 3093 3931 3190 3972; x_wconf 89' lang='lat' dir='ltr'><strong>eos</strong></span> <span class='ocrx_word' id='word_1_550' title='bbox 3220 3917 3279 3972; x_wconf 92' lang='lat' dir='ltr'><strong>in</strong></span> <span class='ocrx_word' id='word_1_551' title='bbox 3339 3918 3550 3976; x_wconf 85' lang='lat' dir='ltr'><strong>melius</strong></span> <span class='ocrx_word' id='word_1_552' title='bbox 3593 3937 3726 3978; x_wconf 88' lang='lat' dir='ltr'><strong>mu-</strong></span> 
     </span>
    </p>
   </div>
   <div class='ocr_carea' id='block_1_83' title="bbox 2083 4001 3732 4082">
    <p class='ocr_par' dir='ltr' id='par_1_83' title="bbox 2083 4001 3732 4082">
     <span class='ocr_line' id='line_1_84' title="bbox 2083 4001 3732 4082; baseline 0.004 -24"><span class='ocrx_word' id='word_1_553' title='bbox 2083 4007 2267 4058; x_wconf 88' lang='lat' dir='ltr'><strong>tatum</strong></span> <span class='ocrx_word' id='word_1_554' title='bbox 2307 4002 2398 4057; x_wconf 89' lang='lat' dir='ltr'><strong>iri.</strong></span> <span class='ocrx_word' id='word_1_555' title='bbox 2432 4001 2816 4058; x_wconf 85' lang='lat' dir='ltr'><strong>Descendenti</strong></span> <span class='ocrx_word' id='word_1_556' title='bbox 2865 4002 3058 4074; x_wconf 81' lang='lat' dir='ltr'><strong>igitur,</strong></span> <span class='ocrx_word' id='word_1_557' title='bbox 3090 4003 3340 4062; x_wconf 87' lang='lat' dir='ltr'><strong>civitatis</strong></span> <span class='ocrx_word' id='word_1_558' title='bbox 3388 4007 3517 4078; x_wconf 89' lang='lat' dir='ltr'><strong>ejus</strong></span> <span class='ocrx_word' id='word_1_559' title='bbox 3573 4008 3732 4082; x_wconf 77' lang='lat' dir='ltr'><strong>prin.</strong></span> 
     </span>
    </p>
   </div>
   <div class='ocr_carea' id='block_1_84' title="bbox 2083 4091 3729 4167">
    <p class='ocr_par' dir='ltr' id='par_1_84' title="bbox 2083 4091 3729 4167">
     <span class='ocr_line' id='line_1_85' title="bbox 2083 4091 3729 4167; baseline 0.004 -19"><span class='ocrx_word' id='word_1_560' title='bbox 2083 4108 2221 4166; x_wconf 91' lang='lat' dir='ltr'><strong>cepe</strong></span> <span class='ocrx_word' id='word_1_561' title='bbox 2254 4107 2368 4146; x_wconf 89' lang='lat' dir='ltr'><strong>una</strong></span> <span class='ocrx_word' id='word_1_562' title='bbox 2399 4105 2532 4147; x_wconf 90' lang='lat' dir='ltr'><strong>cum</strong></span> <span class='ocrx_word' id='word_1_563' title='bbox 2565 4091 2814 4162; x_wconf 87' lang='lat' dir='ltr'><strong>conjuge</strong></span> <span class='ocrx_word' id='word_1_564' title='bbox 2845 4095 2900 4146; x_wconf 89' lang='lat' dir='ltr'><strong>et</strong></span> <span class='ocrx_word' id='word_1_565' title='bbox 2957 4092 3074 4148; x_wconf 82' lang='lat' dir='ltr'><strong>filio</strong></span> <span class='ocrx_word' id='word_1_566' title='bbox 3105 4093 3258 4150; x_wconf 69' lang='lat'><strong>204</strong></span> <span class='ocrx_word' id='word_1_567' title='bbox 3291 4095 3729 4167; x_wconf 80' lang='lat' dir='ltr'><strong>(Fulvianorum</strong></span> 
     </span>
    </p>
   </div>
   <div class='ocr_carea' id='block_1_85' title="bbox 2085 4178 3732 4260">
    <p class='ocr_par' dir='ltr' id='par_1_85' title="bbox 2085 4178 3732 4260">
     <span class='ocr_line' id='line_1_86' title="bbox 2085 4178 3732 4260; baseline 0.004 -24"><span class='ocrx_word' id='word_1_568' title='bbox 2085 4181 2234 4253; x_wconf 90' lang='lat' dir='ltr'><strong>patri</strong></span> <span class='ocrx_word' id='word_1_569' title='bbox 2261 4187 2314 4235; x_wconf 88' lang='lat' dir='ltr'><strong>et</strong></span> <span class='ocrx_word' id='word_1_570' title='bbox 2369 4179 2508 4246; x_wconf 81' lang='lat' dir='ltr'><strong>filio,</strong></span> <span class='ocrx_word' id='word_1_571' title='bbox 2545 4178 2831 4234; x_wconf 71' lang='lat' dir='ltr'><strong>Fulvianus</strong></span> <span class='ocrx_word' id='word_1_572' title='bbox 2863 4185 3055 4236; x_wconf 79' lang='lat' dir='ltr'><strong>autem</strong></span> <span class='ocrx_word' id='word_1_573' title='bbox 3090 4185 3262 4240; x_wconf 86' lang='lat' dir='ltr'><strong>matri</strong></span> <span class='ocrx_word' id='word_1_574' title='bbox 3295 4185 3732 4260; x_wconf 85' lang='lat' dir='ltr'><strong>nominaerant)</strong></span> 
     </span>
    </p>
   </div>
   <div class='ocr_carea' id='block_1_86' title="bbox 2087 4267 3737 4349">
    <p class='ocr_par' dir='ltr' id='par_1_86' title="bbox 2087 4267 3737 4349">
     <span class='ocr_line' id='line_1_87' title="bbox 2087 4267 3737 4349; baseline 0.004 -23"><span class='ocrx_word' id='word_1_575' title='bbox 2087 4269 2295 4326; x_wconf 90' lang='lat' dir='ltr'><strong>obvius</strong></span> <span class='ocrx_word' id='word_1_576' title='bbox 2326 4268 2412 4325; x_wconf 83' lang='lat' dir='ltr'><strong>fit.</strong></span> <span class='ocrx_word' id='word_1_577' title='bbox 2445 4267 2715 4340; x_wconf 88' lang='lat' dir='ltr'><strong>Malignis</strong></span> <span class='ocrx_word' id='word_1_578' title='bbox 2747 4271 2940 4324; x_wconf 87' lang='lat' dir='ltr'><strong>autem</strong></span> <span class='ocrx_word' id='word_1_579' title='bbox 2971 4269 3055 4324; x_wconf 91' lang='lat' dir='ltr'><strong>illi</strong></span> <span class='ocrx_word' id='word_1_580' title='bbox 3099 4273 3581 4331; x_wconf 86' lang='lat' dir='ltr'><strong>excruciabantur</strong></span> <span class='ocrx_word' id='word_1_581' title='bbox 3615 4276 3737 4349; x_wconf 90' lang='lat' dir='ltr'><strong>spi-</strong></span> 
     </span>
    </p>
   </div>
   <div class='ocr_carea' id='block_1_87' title="bbox 312 4347 1956 4438">
    <p class='ocr_par' dir='ltr' id='par_1_87' title="bbox 312 4347 1956 4422">
     <span class='ocr_line' id='line_1_88' title="bbox 312 4347 1956 4422; baseline -0.001 -15"><span class='ocrx_word' id='word_1_582' title='bbox 312 4351 407 4414; x_wconf 73' lang='grc' dir='ltr'>νὰς</span> <span class='ocrx_word' id='word_1_583' title='bbox 460 4349 518 4406; x_wconf 76' lang='grc' dir='ltr'>δὲ</span> <span class='ocrx_word' id='word_1_584' title='bbox 563 4353 656 4407; x_wconf 80' lang='grc' dir='ltr'><strong>καὶ</strong></span> <span class='ocrx_word' id='word_1_585' title='bbox 708 4348 1024 4406; x_wconf 77' lang='grc' dir='ltr'>Φουλϐιάνα</span> <span class='ocrx_word' id='word_1_586' title='bbox 1069 4352 1159 4406; x_wconf 79' lang='grc' dir='ltr'>καί</span> <span class='ocrx_word' id='word_1_587' title='bbox 1211 4347 1554 4414; x_wconf 76' lang='grc' dir='ltr'>Φουλϐιανὸς</span> <span class='ocrx_word' id='word_1_588' title='bbox 1595 4353 1730 4422; x_wconf 79' lang='grc' dir='ltr'>ἦσαν</span> <span class='ocrx_word' id='word_1_589' title='bbox 1781 4354 1956 4408; x_wconf 70' lang='grc' dir='ltr'>αὐτοῖς</span> 
     </span>
    </p>
   </div>
   <div class='ocr_carea' id='block_1_88' title="bbox 2070 4347 3730 4438">
    <p class='ocr_par' dir='ltr' id='par_1_88' title="bbox 2083 4347 3730 4438">
     <span class='ocr_line' id='line_1_89' title="bbox 2083 4347 3730 4438; baseline 0.003 -21"><span class='ocrx_word' id='word_1_590' title='bbox 2083 4361 2310 4417; x_wconf 85' lang='lat' dir='ltr'><strong>ritibus.</strong></span> <span class='ocrx_word' id='word_1_591' title='bbox 2362 4357 2582 4425; x_wconf 85' lang='lat' dir='ltr'><strong>Quibus</strong></span> <span class='ocrx_word' id='word_1_592' title='bbox 2623 4374 2750 4413; x_wconf 89' lang='lat' dir='ltr'><strong>cum</strong></span> <span class='ocrx_word' id='word_1_593' title='bbox 2801 4375 3015 4415; x_wconf 87' lang='lat' dir='ltr'><strong>manus</strong></span> <span class='ocrx_word' id='word_1_594' title='bbox 3083 4363 3278 4418; x_wconf 89' lang='lat' dir='ltr'><strong>statim</strong></span> <span class='ocrx_word' id='word_1_595' title='bbox 3335 4347 3730 4438; x_wconf 49' lang='lat' dir='ltr'><strong>imposuisset.</strong></span> 
     </span>
    </p>
   </div>
   <div class='ocr_carea' id='block_1_89' title="bbox 313 4439 1968 4516">
    <p class='ocr_par' dir='ltr' id='par_1_89' title="bbox 313 4439 1968 4516">
     <span class='ocr_line' id='line_1_90' title="bbox 313 4439 1968 4516; baseline -0.001 -18"><span class='ocrx_word' id='word_1_596' title='bbox 313 4443 386 4498; x_wconf 81' lang='grc' dir='ltr'>τὰ</span> <span class='ocrx_word' id='word_1_597' title='bbox 444 4441 708 4514; x_wconf 84' lang='grc' dir='ltr'>ὀνόματα,</span> <span class='ocrx_word' id='word_1_598' title='bbox 759 4439 1022 4515; x_wconf 83' lang='grc' dir='ltr'>πνεύμασι</span> <span class='ocrx_word' id='word_1_599' title='bbox 1071 4447 1340 4516; x_wconf 81' lang='grc' dir='ltr'>πονηροῖς</span> <span class='ocrx_word' id='word_1_600' title='bbox 1391 4441 1764 4516; x_wconf 85' lang='grc' dir='ltr'>ἐξεταζόμενοι</span> <span class='ocrx_word' id='word_1_601' title='bbox 1804 4459 1818 4477; x_wconf 77' lang='grc'><strong><em>⁸</em></strong></span> <span class='ocrx_word' id='word_1_602' title='bbox 1883 4443 1968 4504; x_wconf 79' lang='grc' dir='ltr'><strong>οἷς</strong></span> 
     </span>
    </p>
   </div>
   <div class='ocr_carea' id='block_1_90' title="bbox 316 4528 1953 4606">
    <p class='ocr_par' dir='ltr' id='par_1_90' title="bbox 316 4528 1953 4606">
     <span class='ocr_line' id='line_1_91' title="bbox 316 4528 1953 4606; baseline 0.002 -20"><span class='ocrx_word' id='word_1_603' title='bbox 316 4530 417 4592; x_wconf 70' lang='grc' dir='ltr'><strong>τὰς</strong></span> <span class='ocrx_word' id='word_1_604' title='bbox 475 4535 667 4606; x_wconf 65' lang='grc' dir='ltr'>χεῖρας</span> <span class='ocrx_word' id='word_1_605' title='bbox 737 4528 893 4592; x_wconf 75' lang='grc' dir='ltr'>εὐθὺς</span> <span class='ocrx_word' id='word_1_606' title='bbox 965 4529 1189 4599; x_wconf 72' lang='grc' dir='ltr'>ἐπιθεὶς,</span> <span class='ocrx_word' id='word_1_607' title='bbox 1249 4529 1511 4601; x_wconf 76' lang='grc' dir='ltr'>ἐξήλαυνε</span> <span class='ocrx_word' id='word_1_608' title='bbox 1577 4531 1642 4586; x_wconf 86' lang='grc' dir='ltr'>τὸ</span> <span class='ocrx_word' id='word_1_609' title='bbox 1719 4530 1953 4590; x_wconf 77' lang='grc' dir='ltr'>λυποῦν.</span> 
     </span>
    </p>
   </div>
   <div class='ocr_carea' id='block_1_91' title="bbox 316 4616 1962 4694">
    <p class='ocr_par' dir='ltr' id='par_1_91' title="bbox 316 4616 1962 4694">
     <span class='ocr_line' id='line_1_92' title="bbox 316 4616 1962 4694; baseline -0.001 -18"><span class='ocrx_word' id='word_1_610' title='bbox 316 4621 563 4693; x_wconf 80' lang='grc' dir='ltr'>Ἔπήγνυ</span> <span class='ocrx_word' id='word_1_611' title='bbox 616 4616 674 4673; x_wconf 74' lang='grc' dir='ltr'>δὲ</span> <span class='ocrx_word' id='word_1_612' title='bbox 716 4619 807 4674; x_wconf 87' lang='grc' dir='ltr'><strong>καὶ</strong></span> <span class='ocrx_word' id='word_1_613' title='bbox 855 4620 953 4690; x_wconf 77' lang='grc' dir='ltr'>τὴν</span> <span class='ocrx_word' id='word_1_614' title='bbox 991 4617 1216 4693; x_wconf 72' lang='grc' dir='ltr'>ῥάϐδον,</span> <span class='ocrx_word' id='word_1_615' title='bbox 1265 4620 1354 4675; x_wconf 89' lang='grc' dir='ltr'>καὶ</span> <span class='ocrx_word' id='word_1_616' title='bbox 1404 4620 1481 4683; x_wconf 81' lang='grc' dir='ltr'>εἷς</span> <span class='ocrx_word' id='word_1_617' title='bbox 1531 4617 1755 4694; x_wconf 80' lang='grc' dir='ltr'>δένδρον</span> <span class='ocrx_word' id='word_1_618' title='bbox 1804 4622 1962 4683; x_wconf 85' lang='grc' dir='ltr'>εὐθὺς</span> 
     </span>
    </p>
   </div>
   <div class='ocr_carea' id='block_1_92' title="bbox 321 4706 1962 4786">
    <p class='ocr_par' dir='ltr' id='par_1_92' title="bbox 321 4706 1962 4786">
     <span class='ocr_line' id='line_1_93' title="bbox 321 4706 1962 4786; baseline -0.001 -23"><span class='ocrx_word' id='word_1_619' title='bbox 321 4706 734 4784; x_wconf 87' lang='grc' dir='ltr'>μετεσκεύαστο.</span> <span class='ocrx_word' id='word_1_620' title='bbox 771 4707 871 4762; x_wconf 84' lang='grc' dir='ltr'>Καὶ</span> <span class='ocrx_word' id='word_1_621' title='bbox 903 4709 936 4777; x_wconf 82' lang='grc' dir='ltr'><strong>ἡ</strong></span> <span class='ocrx_word' id='word_1_622' title='bbox 982 4711 1132 4784; x_wconf 84' lang='grc' dir='ltr'><strong>πηγή</strong></span> <span class='ocrx_word' id='word_1_623' title='bbox 1169 4707 1376 4786; x_wconf 80' lang='grc' dir='ltr'>ῥιζόθεν</span> <span class='ocrx_word' id='word_1_624' title='bbox 1427 4709 1492 4764; x_wconf 88' lang='grc' dir='ltr'>τὸ</span> <span class='ocrx_word' id='word_1_625' title='bbox 1545 4707 1691 4782; x_wconf 76' lang='grc' dir='ltr'>ὕδωρ</span> <span class='ocrx_word' id='word_1_626' title='bbox 1742 4709 1962 4783; x_wconf 78' lang='grc' dir='ltr'>προῄει,</span> 
     </span>
    </p>
   </div>
   <div class='ocr_carea' id='block_1_93' title="bbox 315 4793 1966 4870">
    <p class='ocr_par' dir='ltr' id='par_1_93' title="bbox 315 4793 1966 4870">
     <span class='ocr_line' id='line_1_94' title="bbox 315 4793 1966 4870; baseline 0 -16"><span class='ocrx_word' id='word_1_627' title='bbox 315 4797 556 4870; x_wconf 87' lang='grc' dir='ltr'>πότιμον</span> <span class='ocrx_word' id='word_1_628' title='bbox 606 4796 697 4850; x_wconf 86' lang='grc' dir='ltr'>καὶ</span> <span class='ocrx_word' id='word_1_629' title='bbox 736 4793 932 4857; x_wconf 77' lang='grc' dir='ltr'>διειδές</span> <span class='ocrx_word' id='word_1_630' title='bbox 981 4793 1372 4866; x_wconf 78' lang='grc' dir='ltr'>ἀναϐλύζουσα.</span> <span class='ocrx_word' id='word_1_631' title='bbox 1407 4797 1558 4854; x_wconf 75' lang='grc' dir='ltr'>Ἐπεὶ</span> <span class='ocrx_word' id='word_1_632' title='bbox 1616 4795 1674 4852; x_wconf 75' lang='grc' dir='ltr'>δὲ</span> <span class='ocrx_word' id='word_1_633' title='bbox 1715 4799 1778 4854; x_wconf 84' lang='grc' dir='ltr'>τὸ</span> <span class='ocrx_word' id='word_1_634' title='bbox 1819 4797 1966 4868; x_wconf 84' lang='grc' dir='ltr'>πλῆ-</span> 
     </span>
    </p>
   </div>
   <div class='ocr_carea' id='block_1_94' title="bbox 321 4880 1964 4960">
    <p class='ocr_par' dir='ltr' id='par_1_94' title="bbox 321 4880 1964 4960">
     <span class='ocr_line' id='line_1_95' title="bbox 321 4880 1964 4960; baseline 0 -20"><span class='ocrx_word' id='word_1_635' title='bbox 321 4887 418 4947; x_wconf 90' lang='grc' dir='ltr'><strong>θος</strong></span> <span class='ocrx_word' id='word_1_636' title='bbox 465 4882 731 4960; x_wconf 81' lang='grc' dir='ltr'>συνὲῥρει,</span> <span class='ocrx_word' id='word_1_637' title='bbox 777 4883 842 4939; x_wconf 86' lang='grc' dir='ltr'>τὸ</span> <span class='ocrx_word' id='word_1_638' title='bbox 891 4881 1200 4958; x_wconf 80' lang='grc' dir='ltr'>παράδοξον</span> <span class='ocrx_word' id='word_1_639' title='bbox 1257 4880 1717 4958; x_wconf 76' lang='grc' dir='ltr'>ἐκπληττόμενοι,</span> <span class='ocrx_word' id='word_1_640' title='bbox 1763 4886 1964 4948; x_wconf 79' lang='grc' dir='ltr'><strong>¹ἐκεῖνος</strong></span> 
     </span>
    </p>
   </div>
   <div class='ocr_carea' id='block_1_95' title="bbox 321 4971 1966 5049">
    <p class='ocr_par' dir='ltr' id='par_1_95' title="bbox 321 4971 1966 5049">
     <span class='ocr_line' id='line_1_96' title="bbox 321 4971 1966 5049; baseline -0.001 -19"><span class='ocrx_word' id='word_1_641' title='bbox 321 4973 412 5030; x_wconf 79' lang='grc' dir='ltr'><strong>ἐπὶ</strong></span> <span class='ocrx_word' id='word_1_642' title='bbox 447 4972 723 5048; x_wconf 86' lang='grc' dir='ltr'>μετεώρου</span> <span class='ocrx_word' id='word_1_643' title='bbox 771 4971 963 5042; x_wconf 71' lang='grc' dir='ltr'>ἑστὼς,</span> <span class='ocrx_word' id='word_1_644' title='bbox 993 4977 1062 5048; x_wconf 81' lang='grc' dir='ltr'><strong>τῇ</strong></span> <span class='ocrx_word' id='word_1_645' title='bbox 1111 4972 1325 5048; x_wconf 86' lang='grc' dir='ltr'>πατρίῳ</span> <span class='ocrx_word' id='word_1_646' title='bbox 1373 4972 1594 5029; x_wconf 83' lang='grc' dir='ltr'>ἐκείνων</span> <span class='ocrx_word' id='word_1_647' title='bbox 1641 4971 1864 5049; x_wconf 82' lang='grc' dir='ltr'>γλώττῃ</span> <span class='ocrx_word' id='word_1_648' title='bbox 1904 4975 1966 5029; x_wconf 86' lang='grc' dir='ltr'>τὸ</span> 
     </span>
    </p>
   </div>
   <div class='ocr_carea' id='block_1_96' title="bbox 325 5061 1968 5142">
    <p class='ocr_par' dir='ltr' id='par_1_96' title="bbox 325 5061 1968 5142">
     <span class='ocr_line' id='line_1_97' title="bbox 325 5061 1968 5142; baseline 0.008 -25"><span class='ocrx_word' id='word_1_649' title='bbox 325 5065 598 5138; x_wconf 81' lang='grc' dir='ltr'>σωτήριον</span> <span class='ocrx_word' id='word_1_650' title='bbox 630 5061 982 5138; x_wconf 75' lang='grc' dir='ltr'>κατήγγελλε</span> <span class='ocrx_word' id='word_1_651' title='bbox 1029 5063 1307 5137; x_wconf 72' lang='grc' dir='ltr'>κήρσγμα.</span> <span class='ocrx_word' id='word_1_652' title='bbox 1345 5064 1445 5117; x_wconf 77' lang='grc' dir='ltr'>Καὶ</span> <span class='ocrx_word' id='word_1_653' title='bbox 1495 5062 1646 5126; x_wconf 75' lang='grc' dir='ltr'><strong>ὲῦθῦς</strong></span> <span class='ocrx_word' id='word_1_654' title='bbox 1675 5063 1780 5138; x_wconf 75' lang='grc' dir='ltr'>ὅλῃ</span> <span class='ocrx_word' id='word_1_655' title='bbox 1813 5066 1968 5142; x_wconf 76' lang='grc' dir='ltr'>ψυχῇ</span> 
     </span>
    </p>
   </div>
   <div class='ocr_carea' id='block_1_97' title="bbox 322 5147 1973 5229">
    <p class='ocr_par' dir='ltr' id='par_1_97' title="bbox 322 5147 1973 5229">
     <span class='ocr_line' id='line_1_98' title="bbox 322 5147 1973 5229; baseline 0 -23"><span class='ocrx_word' id='word_1_656' title='bbox 322 5156 406 5224; x_wconf 77' lang='grc' dir='ltr'><strong>τῷ</strong></span> <span class='ocrx_word' id='word_1_657' title='bbox 461 5151 659 5206; x_wconf 83' lang='grc' dir='ltr'>ἐκεῖθεν</span> <span class='ocrx_word' id='word_1_658' title='bbox 722 5151 899 5229; x_wconf 80' lang='grc' dir='ltr'>ῥέοντι</span> <span class='ocrx_word' id='word_1_659' title='bbox 956 5148 1112 5207; x_wconf 75' lang='grc' dir='ltr'>ὕδατι</span> <span class='ocrx_word' id='word_1_660' title='bbox 1169 5147 1544 5222; x_wconf 77' lang='grc' dir='ltr'>ἐϐαπτίζοντο.</span> <span class='ocrx_word' id='word_1_661' title='bbox 1605 5151 1702 5207; x_wconf 79' lang='grc' dir='ltr'>Καί</span> <span class='ocrx_word' id='word_1_662' title='bbox 1758 5173 1821 5229; x_wconf 82' lang='grc' dir='ltr'><strong>γε</strong></span> <span class='ocrx_word' id='word_1_663' title='bbox 1875 5156 1973 5208; x_wconf 89' lang='grc' dir='ltr'><strong>τοῦ</strong></span> 
     </span>
    </p>
   </div>
   <div class='ocr_carea' id='block_1_98' title="bbox 323 5236 1973 5316">
    <p class='ocr_par' dir='ltr' id='par_1_98' title="bbox 323 5236 1973 5316">
     <span class='ocr_line' id='line_1_99' title="bbox 323 5236 1973 5316; baseline 0.002 -21"><span class='ocrx_word' id='word_1_664' title='bbox 323 5244 542 5316; x_wconf 81' lang='grc' dir='ltr'>καρποῦ</span> <span class='ocrx_word' id='word_1_665' title='bbox 595 5245 693 5295; x_wconf 87' lang='grc' dir='ltr'><strong>τοῦ</strong></span> <span class='ocrx_word' id='word_1_666' title='bbox 762 5237 988 5314; x_wconf 67' lang='grc' dir='ltr'>δένδρου</span> <span class='ocrx_word' id='word_1_667' title='bbox 1069 5236 1604 5314; x_wconf 77' lang='grc' dir='ltr'>μεταλαμϐάνοντες,</span> <span class='ocrx_word' id='word_1_668' title='bbox 1663 5243 1763 5310; x_wconf 76' lang='grc' dir='ltr'><strong>τήν</strong></span> <span class='ocrx_word' id='word_1_669' title='bbox 1835 5241 1973 5298; x_wconf 87' lang='grc' dir='ltr'>καλ-</span> 
     </span>
    </p>
   </div>
   <div class='ocr_carea' id='block_1_99' title="bbox 326 5325 1974 5404">
    <p class='ocr_par' dir='ltr' id='par_1_99' title="bbox 326 5325 1974 5404">
     <span class='ocr_line' id='line_1_100' title="bbox 326 5325 1974 5404; baseline 0.001 -20"><span class='ocrx_word' id='word_1_670' title='bbox 326 5327 520 5400; x_wconf 83' lang='grc' dir='ltr'>λίστην</span> <span class='ocrx_word' id='word_1_671' title='bbox 553 5325 720 5392; x_wconf 80' lang='grc' dir='ltr'>ὅντως</span> <span class='ocrx_word' id='word_1_672' title='bbox 769 5329 1072 5385; x_wconf 86' lang='grc' dir='ltr'>ἀλλοίωσιν</span> <span class='ocrx_word' id='word_1_673' title='bbox 1121 5328 1484 5399; x_wconf 76' lang='grc' dir='ltr'>ἤλλοιοῦντο.</span> <span class='ocrx_word' id='word_1_674' title='bbox 1537 5325 1868 5404; x_wconf 75' lang='grc' dir='ltr'>Φουλϐιανῷ</span> <span class='ocrx_word' id='word_1_675' title='bbox 1916 5331 1974 5386; x_wconf 79' lang='grc' dir='ltr'>δὲ</span> 
     </span>
    </p>
   </div>
   <div class='ocr_carea' id='block_1_100' title="bbox 329 5417 1970 5495">
    <p class='ocr_par' dir='ltr' id='par_1_100' title="bbox 329 5417 1970 5495">
     <span class='ocr_line' id='line_1_101' title="bbox 329 5417 1970 5495; baseline 0.002 -22"><span class='ocrx_word' id='word_1_676' title='bbox 329 5417 627 5494; x_wconf 75' lang='grc' dir='ltr'>μετέμελεν</span> <span class='ocrx_word' id='word_1_677' title='bbox 657 5417 814 5482; x_wconf 79' lang='grc' dir='ltr'>εὐθύς</span> <span class='ocrx_word' id='word_1_678' title='bbox 850 5437 864 5452; x_wconf 91' lang='grc'><strong>·</strong></span> <span class='ocrx_word' id='word_1_679' title='bbox 896 5419 988 5473; x_wconf 77' lang='grc' dir='ltr'><strong>καὶ</strong></span> <span class='ocrx_word' id='word_1_680' title='bbox 1031 5420 1094 5474; x_wconf 89' lang='grc' dir='ltr'>τὸ</span> <span class='ocrx_word' id='word_1_681' title='bbox 1123 5417 1343 5490; x_wconf 78' lang='grc' dir='ltr'>πλῆθος</span> <span class='ocrx_word' id='word_1_682' title='bbox 1396 5419 1686 5495; x_wconf 76' lang='grc' dir='ltr'>μετὰῥρἐον</span> <span class='ocrx_word' id='word_1_683' title='bbox 1719 5425 1794 5493; x_wconf 79' lang='grc' dir='ltr'>τῷ</span> <span class='ocrx_word' id='word_1_684' title='bbox 1833 5421 1970 5476; x_wconf 80' lang='grc' dir='ltr'>ἀπο-</span> 
     </span>
    </p>
   </div>
   <div class='ocr_carea' id='block_1_101' title="bbox 325 5507 1973 5586">
    <p class='ocr_par' dir='ltr' id='par_1_101' title="bbox 325 5507 1973 5586">
     <span class='ocr_line' id='line_1_102' title="bbox 325 5507 1973 5586; baseline 0.001 -23"><span class='ocrx_word' id='word_1_685' title='bbox 325 5507 512 5582; x_wconf 88' lang='grc' dir='ltr'>στόλῳ</span> <span class='ocrx_word' id='word_1_686' title='bbox 543 5509 706 5584; x_wconf 81' lang='grc' dir='ltr'>ὁρῶν,</span> <span class='ocrx_word' id='word_1_687' title='bbox 740 5509 896 5582; x_wconf 80' lang='grc' dir='ltr'>ζήλῳ</span> <span class='ocrx_word' id='word_1_688' title='bbox 925 5509 1344 5584; x_wconf 83' lang='grc' dir='ltr'>περικαιόμενος</span> <span class='ocrx_word' id='word_1_689' title='bbox 1375 5510 1583 5583; x_wconf 78' lang='grc' dir='ltr'>ἤχθετο</span> <span class='ocrx_word' id='word_1_690' title='bbox 1617 5532 1629 5545; x_wconf 91' lang='grc'><strong>·</strong></span> <span class='ocrx_word' id='word_1_691' title='bbox 1671 5510 1760 5565; x_wconf 76' lang='grc' dir='ltr'><strong>καὶ</strong></span> <span class='ocrx_word' id='word_1_692' title='bbox 1811 5530 1973 5586; x_wconf 88' lang='grc' dir='ltr'>στρα-</span> 
     </span>
    </p>
   </div>
   <div class='ocr_carea' id='block_1_102' title="bbox 2077 4445 3732 4526">
    <p class='ocr_par' dir='ltr' id='par_1_102' title="bbox 2077 4445 3732 4526">
     <span class='ocr_line' id='line_1_103' title="bbox 2077 4445 3732 4526; baseline 0.002 -20"><span class='ocrx_word' id='word_1_693' title='bbox 2077 4451 2374 4506; x_wconf 68' lang='lat' dir='ltr'><strong>daemones</strong></span> <span class='ocrx_word' id='word_1_694' title='bbox 2402 4445 2484 4502; x_wconf 91' lang='lat' dir='ltr'><strong>illi</strong></span> <span class='ocrx_word' id='word_1_695' title='bbox 2519 4445 2846 4502; x_wconf 86' lang='lat' dir='ltr'><strong>turbatores</strong></span> <span class='ocrx_word' id='word_1_696' title='bbox 2906 4448 3311 4522; x_wconf 89' lang='lat' dir='ltr'><strong>profugerunt.</strong></span> <span class='ocrx_word' id='word_1_697' title='bbox 3353 4452 3556 4526; x_wconf 84' lang='lat' dir='ltr'><strong>Pengit</strong></span> <span class='ocrx_word' id='word_1_698' title='bbox 3599 4469 3732 4510; x_wconf 88' lang='lat' dir='ltr'><strong>vero</strong></span> 
     </span>
    </p>
   </div>
   <div class='ocr_carea' id='block_1_103' title="bbox 2073 4535 3735 4608">
    <p class='ocr_par' dir='ltr' id='par_1_103' title="bbox 2073 4535 3735 4608">
     <span class='ocr_line' id='line_1_104' title="bbox 2073 4535 3735 4608; baseline 0.002 -14"><span class='ocrx_word' id='word_1_699' title='bbox 2073 4543 2130 4594; x_wconf 90' lang='lat' dir='ltr'><strong>et</strong></span> <span class='ocrx_word' id='word_1_700' title='bbox 2157 4538 2380 4608; x_wconf 83' lang='lat' dir='ltr'><strong>virgam</strong></span> <span class='ocrx_word' id='word_1_701' title='bbox 2411 4535 2594 4603; x_wconf 89' lang='lat' dir='ltr'><strong>illam,</strong></span> <span class='ocrx_word' id='word_1_702' title='bbox 2627 4539 2683 4591; x_wconf 88' lang='lat' dir='ltr'><strong>et</strong></span> <span class='ocrx_word' id='word_1_703' title='bbox 2713 4537 3020 4594; x_wconf 83' lang='lat' dir='ltr'><strong>confestim</strong></span> <span class='ocrx_word' id='word_1_704' title='bbox 3065 4554 3132 4594; x_wconf 91' lang='lat' dir='ltr'><strong>ea</strong></span> <span class='ocrx_word' id='word_1_705' title='bbox 3185 4539 3244 4594; x_wconf 93' lang='lat' dir='ltr'><strong>in</strong></span> <span class='ocrx_word' id='word_1_706' title='bbox 3310 4541 3578 4597; x_wconf 85' lang='lat' dir='ltr'><strong>arborem</strong></span> <span class='ocrx_word' id='word_1_707' title='bbox 3637 4558 3735 4597; x_wconf 84' lang='lat' dir='ltr'><strong>cx-</strong></span> 
     </span>
    </p>
   </div>
   <div class='ocr_carea' id='block_1_104' title="bbox 2075 4624 3731 4703">
    <p class='ocr_par' dir='ltr' id='par_1_104' title="bbox 2075 4624 3731 4703">
     <span class='ocr_line' id='line_1_105' title="bbox 2075 4624 3731 4703; baseline 0.002 -20"><span class='ocrx_word' id='word_1_708' title='bbox 2075 4626 2284 4682; x_wconf 88' lang='lat' dir='ltr'><strong>crescit</strong></span> <span class='ocrx_word' id='word_1_709' title='bbox 2316 4641 2330 4679; x_wconf 92' lang='lat'><strong>:</strong></span> <span class='ocrx_word' id='word_1_710' title='bbox 2363 4624 2656 4696; x_wconf 87' lang='lat' dir='ltr'><strong>simulque</strong></span> <span class='ocrx_word' id='word_1_711' title='bbox 2705 4643 2737 4681; x_wconf 88' lang='lat' dir='ltr'><strong>a</strong></span> <span class='ocrx_word' id='word_1_712' title='bbox 2771 4625 2961 4683; x_wconf 89' lang='lat' dir='ltr'><strong>radice</strong></span> <span class='ocrx_word' id='word_1_713' title='bbox 3010 4628 3254 4695; x_wconf 87' lang='lat' dir='ltr'><strong>undam,</strong></span> <span class='ocrx_word' id='word_1_714' title='bbox 3289 4644 3422 4684; x_wconf 89' lang='lat' dir='ltr'><strong>cum</strong></span> <span class='ocrx_word' id='word_1_715' title='bbox 3488 4634 3731 4703; x_wconf 88' lang='lat' dir='ltr'><strong>aspectu</strong></span> 
     </span>
    </p>
   </div>
   <div class='ocr_carea' id='block_1_105' title="bbox 2075 4713 3733 4792">
    <p class='ocr_par' dir='ltr' id='par_1_105' title="bbox 2075 4713 3733 4792">
     <span class='ocr_line' id='line_1_106' title="bbox 2075 4713 3733 4792; baseline 0.004 -20"><span class='ocrx_word' id='word_1_716' title='bbox 2075 4728 2386 4784; x_wconf 69' lang='lat' dir='ltr'><strong>amoenam,</strong></span> <span class='ocrx_word' id='word_1_717' title='bbox 2417 4717 2543 4769; x_wconf 92' lang='lat' dir='ltr'><strong>tum</strong></span> <span class='ocrx_word' id='word_1_718' title='bbox 2579 4713 2799 4786; x_wconf 89' lang='lat' dir='ltr'><strong>potioni</strong></span> <span class='ocrx_word' id='word_1_719' title='bbox 2833 4715 3224 4784; x_wconf 86' lang='lat' dir='ltr'><strong>commodam,</strong></span> <span class='ocrx_word' id='word_1_720' title='bbox 3249 4719 3564 4774; x_wconf 87' lang='lat' dir='ltr'><strong>scatentem</strong></span> <span class='ocrx_word' id='word_1_721' title='bbox 3598 4736 3733 4792; x_wconf 92' lang='lat' dir='ltr'><strong>pro-</strong></span> 
     </span>
    </p>
   </div>
   <div class='ocr_carea' id='block_1_106' title="bbox 2075 4802 3727 4875">
    <p class='ocr_par' dir='ltr' id='par_1_106' title="bbox 2075 4802 3727 4875">
     <span class='ocr_line' id='line_1_107' title="bbox 2075 4802 3727 4875; baseline 0.004 -17"><span class='ocrx_word' id='word_1_722' title='bbox 2075 4803 2204 4858; x_wconf 84' lang='lat' dir='ltr'><strong>fert.</strong></span> <span class='ocrx_word' id='word_1_723' title='bbox 2239 4802 2356 4860; x_wconf 91' lang='lat' dir='ltr'><strong>Hoc</strong></span> <span class='ocrx_word' id='word_1_724' title='bbox 2383 4805 2502 4859; x_wconf 89' lang='lat' dir='ltr'><strong>tam</strong></span> <span class='ocrx_word' id='word_1_725' title='bbox 2533 4803 2748 4875; x_wconf 88' lang='lat' dir='ltr'><strong>insigni</strong></span> <span class='ocrx_word' id='word_1_726' title='bbox 2783 4804 3064 4861; x_wconf 87' lang='lat' dir='ltr'><strong>miraculo</strong></span> <span class='ocrx_word' id='word_1_727' title='bbox 3098 4805 3414 4863; x_wconf 90' lang='lat' dir='ltr'><strong>multitudo</strong></span> <span class='ocrx_word' id='word_1_728' title='bbox 3452 4813 3727 4865; x_wconf 91' lang='lat' dir='ltr'><strong>conster-</strong></span> 
     </span>
    </p>
   </div>
   <div class='ocr_carea' id='block_1_107' title="bbox 2077 4893 3730 4969">
    <p class='ocr_par' dir='ltr' id='par_1_107' title="bbox 2077 4893 3730 4969">
     <span class='ocr_line' id='line_1_108' title="bbox 2077 4893 3730 4969; baseline 0.005 -23"><span class='ocrx_word' id='word_1_729' title='bbox 2077 4895 2239 4960; x_wconf 87' lang='lat' dir='ltr'><strong>nata,</strong></span> <span class='ocrx_word' id='word_1_730' title='bbox 2283 4907 2418 4949; x_wconf 89' lang='lat' dir='ltr'><strong>cum</strong></span> <span class='ocrx_word' id='word_1_731' title='bbox 2467 4909 2534 4948; x_wconf 91' lang='lat' dir='ltr'><strong>eo</strong></span> <span class='ocrx_word' id='word_1_732' title='bbox 2590 4893 2942 4950; x_wconf 87' lang='lat' dir='ltr'><strong>conﬂueret:</strong></span> <span class='ocrx_word' id='word_1_733' title='bbox 2990 4893 3087 4951; x_wconf 90' lang='lat' dir='ltr'><strong>ille</strong></span> <span class='ocrx_word' id='word_1_734' title='bbox 3141 4909 3172 4950; x_wconf 89' lang='lat' dir='ltr'><strong>e</strong></span> <span class='ocrx_word' id='word_1_735' title='bbox 3227 4895 3522 4967; x_wconf 89' lang='lat' dir='ltr'><strong>superiore</strong></span> <span class='ocrx_word' id='word_1_736' title='bbox 3578 4897 3730 4969; x_wconf 88' lang='lat' dir='ltr'><strong>loco,</strong></span> 
     </span>
    </p>
   </div>
   <div class='ocr_carea' id='block_1_108' title="bbox 2077 4981 3732 5054">
    <p class='ocr_par' dir='ltr' id='par_1_108' title="bbox 2077 4981 3732 5054">
     <span class='ocr_line' id='line_1_109' title="bbox 2077 4981 3732 5054; baseline 0.004 -17"><span class='ocrx_word' id='word_1_737' title='bbox 2077 4981 2268 5053; x_wconf 91' lang='lat' dir='ltr'><strong>patria</strong></span> <span class='ocrx_word' id='word_1_738' title='bbox 2287 4982 2413 5053; x_wconf 86' lang='lat' dir='ltr'><strong>ejus</strong></span> <span class='ocrx_word' id='word_1_739' title='bbox 2443 4983 2634 5054; x_wconf 87' lang='lat' dir='ltr'><strong>gentis</strong></span> <span class='ocrx_word' id='word_1_740' title='bbox 2663 4982 2887 5054; x_wconf 83' lang='lat' dir='ltr'><strong>lingua,</strong></span> <span class='ocrx_word' id='word_1_741' title='bbox 2915 4983 3284 5040; x_wconf 79' lang='lat' dir='ltr'><strong>salutiferam</strong></span> <span class='ocrx_word' id='word_1_742' title='bbox 3306 4983 3392 5041; x_wconf 89' lang='lat' dir='ltr'><strong>eis</strong></span> <span class='ocrx_word' id='word_1_743' title='bbox 3421 4989 3732 5044; x_wconf 84' lang='lat' dir='ltr'><strong>annuntiat</strong></span> 
     </span>
    </p>
   </div>
   <div class='ocr_carea' id='block_1_109' title="bbox 2076 5069 3730 5144">
    <p class='ocr_par' dir='ltr' id='par_1_109' title="bbox 2076 5069 3730 5144">
     <span class='ocr_line' id='line_1_110' title="bbox 2076 5069 3730 5144; baseline 0.004 -18"><span class='ocrx_word' id='word_1_744' title='bbox 2076 5069 2476 5142; x_wconf 84' lang='lat' dir='ltr'><strong>Evangelium.</strong></span> <span class='ocrx_word' id='word_1_745' title='bbox 2510 5071 2579 5126; x_wconf 87' lang='lat' dir='ltr'><strong>Et</strong></span> <span class='ocrx_word' id='word_1_746' title='bbox 2605 5072 2801 5128; x_wconf 83' lang='lat' dir='ltr'><strong>statim</strong></span> <span class='ocrx_word' id='word_1_747' title='bbox 2834 5086 2904 5127; x_wconf 87' lang='lat' dir='ltr'><strong>ex</strong></span> <span class='ocrx_word' id='word_1_748' title='bbox 2933 5071 3140 5128; x_wconf 89' lang='lat' dir='ltr'><strong>intimo</strong></span> <span class='ocrx_word' id='word_1_749' title='bbox 3174 5071 3354 5129; x_wconf 88' lang='lat' dir='ltr'><strong>animi</strong></span> <span class='ocrx_word' id='word_1_750' title='bbox 3403 5075 3638 5144; x_wconf 75' lang='lat' dir='ltr'><strong>affectu,</strong></span> <span class='ocrx_word' id='word_1_751' title='bbox 3669 5077 3730 5132; x_wconf 90' lang='lat' dir='ltr'><strong>in</strong></span> 
     </span>
    </p>
   </div>
   <div class='ocr_carea' id='block_1_110' title="bbox 2080 5159 3731 5236">
    <p class='ocr_par' dir='ltr' id='par_1_110' title="bbox 2080 5159 3731 5236">
     <span class='ocr_line' id='line_1_111' title="bbox 2080 5159 3731 5236; baseline 0.004 -22"><span class='ocrx_word' id='word_1_752' title='bbox 2080 5175 2146 5214; x_wconf 89' lang='lat' dir='ltr'><strong>eo</strong></span> <span class='ocrx_word' id='word_1_753' title='bbox 2177 5161 2304 5230; x_wconf 90' lang='lat' dir='ltr'><strong>ipso</strong></span> <span class='ocrx_word' id='word_1_754' title='bbox 2337 5159 2514 5228; x_wconf 90' lang='lat' dir='ltr'><strong>fonte,</strong></span> <span class='ocrx_word' id='word_1_755' title='bbox 2547 5176 2712 5216; x_wconf 85' lang='lat' dir='ltr'><strong>sacro</strong></span> <span class='ocrx_word' id='word_1_756' title='bbox 2741 5159 3006 5216; x_wconf 81' lang='lat' dir='ltr'><strong>lavantur</strong></span> <span class='ocrx_word' id='word_1_757' title='bbox 3025 5161 3312 5232; x_wconf 86' lang='lat' dir='ltr'><strong>baptismo</strong></span> <span class='ocrx_word' id='word_1_758' title='bbox 3347 5179 3360 5218; x_wconf 90' lang='lat'>:</span> <span class='ocrx_word' id='word_1_759' title='bbox 3393 5163 3731 5236; x_wconf 88' lang='lat' dir='ltr'><strong>fructusque</strong></span> 
     </span>
    </p>
   </div>
   <div class='ocr_carea' id='block_1_111' title="bbox 2079 5247 3730 5331">
    <p class='ocr_par' dir='ltr' id='par_1_111' title="bbox 2079 5247 3730 5331">
     <span class='ocr_line' id='line_1_112' title="bbox 2079 5247 3730 5331; baseline 0.004 -28"><span class='ocrx_word' id='word_1_760' title='bbox 2079 5247 2280 5304; x_wconf 87' lang='lat' dir='ltr'><strong>itidem</strong></span> <span class='ocrx_word' id='word_1_761' title='bbox 2301 5247 2524 5331; x_wconf 75' lang='lat' dir='ltr'><strong>arboris</strong></span> <span class='ocrx_word' id='word_1_762' title='bbox 2555 5247 2715 5306; x_wconf 90' lang='lat' dir='ltr'><strong>illius</strong></span> <span class='ocrx_word' id='word_1_763' title='bbox 2745 5253 2998 5322; x_wconf 85' lang='lat' dir='ltr'><strong>gustato,</strong></span> <span class='ocrx_word' id='word_1_764' title='bbox 3022 5249 3286 5306; x_wconf 90' lang='lat' dir='ltr'><strong>omnium</strong></span> <span class='ocrx_word' id='word_1_765' title='bbox 3335 5251 3730 5323; x_wconf 88' lang='lat' dir='ltr'><strong>pulcherrima</strong></span> 
     </span>
    </p>
   </div>
   <div class='ocr_carea' id='block_1_112' title="bbox 2081 5336 3730 5410">
    <p class='ocr_par' dir='ltr' id='par_1_112' title="bbox 2081 5336 3730 5410">
     <span class='ocr_line' id='line_1_113' title="bbox 2081 5336 3730 5410; baseline 0.004 -18"><span class='ocrx_word' id='word_1_766' title='bbox 2081 5336 2183 5393; x_wconf 91' lang='lat' dir='ltr'><strong>illa</strong></span> <span class='ocrx_word' id='word_1_767' title='bbox 2213 5338 2534 5394; x_wconf 87' lang='lat' dir='ltr'><strong>mutatione</strong></span> <span class='ocrx_word' id='word_1_768' title='bbox 2565 5339 2960 5410; x_wconf 87' lang='lat' dir='ltr'><strong>perfruuntur.</strong></span> <span class='ocrx_word' id='word_1_769' title='bbox 2997 5339 3314 5396; x_wconf 84' lang='lat' dir='ltr'><strong>Fulvianus</strong></span> <span class='ocrx_word' id='word_1_770' title='bbox 3351 5357 3485 5398; x_wconf 89' lang='lat' dir='ltr'><strong>vero</strong></span> <span class='ocrx_word' id='word_1_771' title='bbox 3530 5343 3730 5399; x_wconf 86' lang='lat' dir='ltr'><strong>statim</strong></span> 
     </span>
    </p>
   </div>
   <div class='ocr_carea' id='block_1_113' title="bbox 2082 5425 3728 5503">
    <p class='ocr_par' dir='ltr' id='par_1_113' title="bbox 2082 5425 3728 5503">
     <span class='ocr_line' id='line_1_114' title="bbox 2082 5425 3728 5503; baseline 0.004 -21"><span class='ocrx_word' id='word_1_772' title='bbox 2082 5425 2428 5497; x_wconf 83' lang='lat' dir='ltr'><strong>poenitentia</strong></span> <span class='ocrx_word' id='word_1_773' title='bbox 2456 5427 2684 5496; x_wconf 85' lang='lat' dir='ltr'><strong>ductus,</strong></span> <span class='ocrx_word' id='word_1_774' title='bbox 2706 5432 2764 5484; x_wconf 86' lang='lat' dir='ltr'><strong>et</strong></span> <span class='ocrx_word' id='word_1_775' title='bbox 2795 5429 2948 5500; x_wconf 88' lang='lat' dir='ltr'><strong>quod</strong></span> <span class='ocrx_word' id='word_1_776' title='bbox 2982 5426 3421 5486; x_wconf 88' lang='lat' dir='ltr'><strong>multitudinem</strong></span> <span class='ocrx_word' id='word_1_777' title='bbox 3459 5432 3530 5488; x_wconf 90' lang='lat' dir='ltr'><strong>ad</strong></span> <span class='ocrx_word' id='word_1_778' title='bbox 3589 5448 3728 5503; x_wconf 88' lang='lat' dir='ltr'><strong>apo-</strong></span> 
     </span>
    </p>
   </div>
   <div class='ocr_carea' id='block_1_114' title="bbox 2083 5513 3730 5579">
    <p class='ocr_par' dir='ltr' id='par_1_114' title="bbox 2083 5513 3730 5579">
     <span class='ocr_line' id='line_1_115' title="bbox 2083 5513 3730 5579; baseline 0.004 -9"><span class='ocrx_word' id='word_1_779' title='bbox 2083 5513 2296 5570; x_wconf 90' lang='lat' dir='ltr'><strong>stolum</strong></span> <span class='ocrx_word' id='word_1_780' title='bbox 2361 5515 2654 5574; x_wconf 83' lang='lat' dir='ltr'><strong>conﬂuere</strong></span> <span class='ocrx_word' id='word_1_781' title='bbox 2723 5517 2960 5579; x_wconf 80' lang='lat' dir='ltr'><strong>videret,</strong></span> <span class='ocrx_word' id='word_1_782' title='bbox 3044 5517 3410 5576; x_wconf 62' lang='lat' dir='ltr'><strong>amulationti</strong></span> <span class='ocrx_word' id='word_1_783' title='bbox 3495 5520 3730 5576; x_wconf 86' lang='lat' dir='ltr'><strong>sinistra</strong></span> 
     </span>
    </p>
   </div>
   <div class='ocr_carea' id='block_1_115' title="bbox 396 5689 2358 5769">
    <p class='ocr_par' dir='ltr' id='par_1_115' title="bbox 396 5689 2358 5769">
     <span class='ocr_line' id='line_1_116' title="bbox 396 5689 2358 5769; baseline 0.007 -25"><span class='ocrx_word' id='word_1_784' title='bbox 396 5691 475 5764; x_wconf 87' lang='grc'><strong>(1)</strong></span> <span class='ocrx_word' id='word_1_785' title='bbox 497 5689 818 5764; x_wconf 82' lang='lat' dir='ltr'><strong>Lapidibus</strong></span> <span class='ocrx_word' id='word_1_786' title='bbox 847 5705 995 5763; x_wconf 88' lang='lat' dir='ltr'><strong>pene</strong></span> <span class='ocrx_word' id='word_1_787' title='bbox 1023 5689 1289 5761; x_wconf 85' lang='lat' dir='ltr'><strong>obrutus,</strong></span> <span class='ocrx_word' id='word_1_788' title='bbox 1323 5693 1396 5748; x_wconf 88' lang='lat' dir='ltr'><strong>ad</strong></span> <span class='ocrx_word' id='word_1_789' title='bbox 1423 5696 1782 5765; x_wconf 85' lang='lat' dir='ltr'><strong>postremum</strong></span> <span class='ocrx_word' id='word_1_790' title='bbox 1814 5693 2000 5752; x_wconf 88' lang='lat' dir='ltr'><strong>securi</strong></span> <span class='ocrx_word' id='word_1_791' title='bbox 2031 5709 2358 5769; x_wconf 84' lang='lat' dir='ltr'><strong>percussus.</strong></span> 
     </span>
    </p>
   </div>
  </div>
