4070 6274
369 328 488 388 86⁵1

1662 318 2085 384 NIGEPHORI
2126 319 2477 385 CALLISTI

367 477 673 531 accensus,
706 460 955 533 graviter
977 458 1035 515 id
1080 458 1245 526 ferre,
1295 469 1652 528 manumque
1696 454 1996 512 militarem

2123 454 2242 509 τιᾶν
2279 454 2537 528 πέμπων,
2585 452 2880 512 συλλαϐεῖν
2927 452 3201 532 ἔπειρᾶτο.
3251 459 3351 524 Ὧς
3396 454 3454 512 δέ
3498 455 3775 521 ἀδυνάτως

368 552 443 607 ad
471 567 603 609 eum
655 548 1255 620 comprehendendum
1312 547 1561 603 mittere.
1584 547 1720 612 Quae
1767 561 1903 602 cum
1953 561 2014 601 re

366 641 578 696 infecta
663 639 897 707 rediret,
964 637 1215 709 ipsemet
1286 634 1741 707 quamplurimis
1812 650 2012 691 secum

367 730 581 797 ductis,
614 733 813 785 contra
851 727 1176 799 apostolum
1207 727 1288 794 it;
1323 732 1499 799 atque
1553 727 1704 783 inter
1754 727 2011 783 eundum

366 819 538 891 plaga
581 816 860 873 invisibili
909 818 1080 878 ictus.
1132 817 1322 872 visum
1369 816 1604 872 amittit.
1661 816 1745 872 Ibi
1802 816 2009 872 multis

365 908 634 981 precibus
662 907 926 980 apostolo
950 911 1204 977 exorato,
1236 908 1537 964 oculorum
1595 906 1831 978 quidem
1891 906 2008 961 vim

362 997 673 1069 pristinam
704 997 930 1070 recipit,
962 1014 1061 1054 cor
1085 1001 1279 1054 autem
1328 998 1458 1069 eius
1504 996 1843 1054 induratum
1904 1013 2008 1053 cm-

363 1105 615 1161 cumque
653 1092 974 1160 permanet.
1007 1088 1176 1145 Nulla
1231 1089 1387 1145 enim
1440 1089 1781 1161 interposita
1827 1104 2011 1156 mora,

360 1177 688 1250 apostolum
722 1177 902 1235 clavis
923 1177 1113 1249 longis
1143 1182 1307 1234 terra:
1322 1177 1928 1249 afl'igijubet,picique
1958 1185 2010 1232 el

359 1266 636 1323 bitumini
681 1266 937 1323 ministri
995 1268 1123 1337 ejus
1173 1266 1355 1322 multa
1401 1266 2011 1337 superaccumulantes

360 1360 680 1424 semente,
712 1355 1137 1427 materiamque
1166 1355 1340 1411 aliam
1375 1355 1542 1411 facile
1579 1355 1775 1427 ignem
1823 1356 2007 1412 corri-

356 1444 614 1517 pientem
645 1443 992 1515 injicientes,
1016 1443 1088 1500 ab
1117 1444 1389 1500 inferiore
1418 1448 1577 1514 parte
1632 1459 1761 1501 eam
1809 1460 2008 1501 accen-

356 1533 525 1590 dunt.
556 1533 772 1589 Verum
803 1549 871 1588 ea
900 1549 992 1589 res
1022 1536 1230 1604 praeter
1257 1548 1423 1606 spem
1441 1537 1499 1589 et
1519 1533 2005 1604 exspectationem

357 1621 418 1676 in
451 1621 600 1678 roris
629 1621 819 1677 evadit
877 1619 1268 1692 refrigerium.
1321 1620 1485 1685 Quod
1539 1619 1640 1677 ubi
1692 1620 2007 1677 multitudo

352 1709 522 1781 vidit,
556 1710 810 1767 Matthmi
868 1709 984 1766 Deo
1037 1714 1409 1782 aggregatur.
1468 1708 1742 1782 Princeps
1811 1716 2005 1766 autem

352 1799 617 1894 ediverso
648 1798 970 1894 praestigias
1001 1813 1149 1894 esse,
1179 1815 1304 1869 quas
1335 1799 1598 1870 apostolo
1640 1799 2004 1894 accidebant,
2045 1828 2093 1894 Β

359 1888 629 1954 credens,
661 1891 719 1942 et
777 1886 865 1942 ira
922 1888 1497 1959 exardescens,quos
1554 1904 1623 1943 ex
1669 1893 1908 1960 argento
1955 1895 2012 1944 et

357 1992 500 2031 auro
559 1975 816 2031 habebat
874 1975 1122 2031 factitios
1191 1977 1329 2033 deos
1391 1976 1722 2047 (duodecim
1810 1982 2006 2034 autem

357 2066 548 2138 erant)
567 2065 757 2122 efferri
788 2066 982 2137 jubet;
1014 2066 1214 2138 eisque
1244 2065 1465 2123 circum
1515 2066 1770 2122 Mattbaai
1807 2084 2007 2141 pyram

358 2154 682 2226 dispositis,
716 2158 778 2210 ut
818 2154 1084 2211 videlicet
1135 2171 1332 2212 eorum
1389 2172 1495 2227 0pc
1541 2155 1697 2228 ignis
1752 2156 2005 2215 ofﬁcium

354 2260 528 2301 suum
561 2244 797 2313 faceret,
838 2243 1144 2301 incendere
1202 2244 1362 2301 illam
1409 2245 1687 2317 prrscipit.
1738 2246 1824 2301 Ita
1878 2264 2009 2303 sar-

352 2335 554 2390 menta
609 2332 843 2404 quidem
900 2331 1199 2389 ﬂammam
1263 2334 1610 2406 corripiunt,
1669 2334 2005 2391 incendium

355 2425 550 2477 autem
634 2421 909 2478 adversus
967 2422 1108 2478 deos
1157 2423 1534 2491 convertitur,
1590 2438 1806 2495 eosque
1848 2440 2006 2481 com-

354 2510 565 2567 minuit
636 2508 985 2567 difﬂuentes.
1047 2511 1209 2568 Unde
1283 2510 1653 2568 simulacrum
1724 2516 2000 2584 tanquam

355 2599 648 2671 serpentis
680 2599 940 2656 ardentis
986 2600 1261 2671 prosilit:
1310 2605 1369 2656 et
1414 2618 1447 2657 a
1503 2605 1663 2673 tergo
1723 2602 2005 2675 principis

354 2702 674 2761 prorepens
732 2704 865 2744 cum
916 2688 1136 2761 ingenti
1186 2689 1360 2745 sibilo
1419 2706 1554 2746 eum
1613 2690 2000 2764 persequitur,

352 2780 437 2833 ita
468 2781 667 2834 utnon
700 2777 867 2833 facile
900 2777 981 2834 illi
1029 2783 1186 2835 esset
1240 2778 1300 2835 in
1360 2779 1581 2852 regiam
1642 2797 1814 2838 suam
1870 2798 2000 2838 con-

352 2865 960 2938 fugere.'Quapr0pter
989 2867 1314 2940 desperatis
1348 2867 1520 2925 rebus
1576 2868 1874 2938 omnibus,
1906 2869 2002 2928 illc

349 2956 543 3011 denuo
574 2955 646 3009 ad
713 2956 1043 3026 apostolum
1092 2956 1467 3026 convertitur,
1498 2974 1752 3030 eumque
1806 2962 1873 3015 ut
1928 2959 2000 3016 ab

344 3044 565 3116 impetu
625 3045 1038 3116 consequentis
1112 3062 1247 3103 eum
1343 3048 1631 3119 serpentis
1697 3047 1995 3116 liberetur,

343 3133 657 3190 obscerect.
690 3133 1001 3207 Apostolus
1032 3137 1418 3207 autem,quod
1443 3136 1585 3192 hora
1603 3137 1729 3207 jam
1754 3137 1996 3194 instaret

2150 542 2173 563 τ
2375 542 2390 564 9
2437 544 2452 561 \
2556 545 2565 560 ⁸
2781 545 2793 564 Ι
3546 546 3571 563 ν
3758 566 3773 579 .

2122 563 2300 621 ειχον,
2331 565 2493 607 αυτος
2535 545 2618 599 ὅτι
2669 543 2959 610 πλειστους
3008 542 3507 622 περιϐαλλόμενος,
3537 567 3722 602 απεισι

2122 632 2210 686 καὶ
2239 631 2455 706 ἀοράτῳ
2506 634 2731 712 μάστιγι
2780 635 2875 698 τάς
2916 635 3069 709 ὄψεις
3115 639 3437 711 πεπήρωτο.
3470 634 3664 693 Πολλά
3715 634 3775 691 δὲ

2119 726 2222 776 τοῦ
2290 721 2604 779 ἀποστόλου
2661 722 3037 795 καταδεηθεὶς,
3091 727 3207 781 ίᾶτο
3262 727 3359 799 μὶν
3415 727 3512 788 τάς
3568 722 3724 800 ὄψεις
3756 746 3772 759 ⁹

2122 813 2223 881 τήν
2257 810 2316 867 δὲ
2359 811 2582 886 καρδίαν
2625 811 2704 869 ἔτι
2733 817 2911 890 πηρὸς
2960 816 3050 884 ἦν.
3098 817 3199 871 Καὶ
3251 817 3450 893 μικρὸν
3497 815 3624 873 ὅσον
3668 838 3775 871 κα-

2123 900 2292 972 θηλοῖ
2323 903 2418 976 μὲν
2468 905 2561 958 τὸν
2611 903 2916 959 ἀπόστολον
2948 904 3110 975 ἥλοις
3163 912 3397 981 μακροῖς
3435 907 3571 961 κατά
3613 912 3721 979 γῆν
3754 927 3771 942 ·

2124 991 2293 1062 πίσσῃ
2346 989 2403 1046 δὲ
2450 992 2540 1047 καὶ
2599 993 2864 1071 ἀσφάλτῳ
2914 996 3005 1050 καὶ
3061 993 3284 1065 πολλὴν
3340 995 3773 1076 ἐπιφορήσαντες

2121 1078 2461 1153 κληματίδα,
2504 1082 2594 1136 καὶ
2650 1081 2788 1154 ὕλην
2839 1081 3018 1155 ἄλλην
3065 1085 3199 1159 πυρὶ
3256 1083 3431 1162 φίλην
3473 1082 3771 1141 ἐπιδαλόν-

2121 1189 2234 1239 τες,
2260 1173 2370 1246 πῦρ
2414 1170 2654 1226 κάτωθεν
2710 1172 3042 1243 ὑπανῆπτον.
3068 1174 3138 1229 Τὸ
3189 1170 3249 1228 δὲ
3292 1172 3440 1249 παρά
3485 1170 3642 1244 δόξαν
3688 1174 3770 1234 εἷς

2123 1254 2316 1333 δρόσον
2369 1259 2804 1331 μετεσκευάζετο.
2837 1264 2997 1317 Ταῦτ’
3047 1260 3252 1325 ἰδόντες
3297 1263 3362 1319 τὸ
3410 1261 3647 1334 πλῆθος,
3686 1266 3770 1335 τῷ

2125 1348 2405 1404 Ματθαίου
2453 1353 2571 1421 θεῷ
2617 1350 3015 1426 προσετίθεντο.
3066 1355 3129 1410 Ὁ
3186 1349 3233 1406 δ’
3288 1349 3355 1406 αὗ
3410 1372 3474 1427 γε
3529 1357 3774 1426 κρατῶν,

2123 1435 2376 1510 γοητείαν
2427 1438 2560 1492 εἶναι
2607 1437 2675 1494 τά
2717 1443 2797 1512 τῷ
2842 1440 3137 1513 ἀποστόλῳ
3180 1438 3486 1516 τελούμενα
3535 1440 3769 1511 οῗηθεῖς,

2122 1525 2329 1598 καὶτῷ
2375 1527 2533 1600 θυμῷ
2581 1531 2884 1605 περιοργής
2931 1531 3195 1608 γεγονὼς,
3243 1528 3376 1593 τοῦς
3424 1528 3473 1600 ἐξ
3523 1531 3770 1607 ἀργύρου

2122 1613 2215 1668 καὶ
2273 1620 2484 1690 χρυσοῦ
2539 1619 2950 1691 πεποιημένους
3003 1618 3153 1693 αὐτῷ
3217 1619 3394 1689 θεοὺς,
3452 1616 3663 1675 δώδεκα
3719 1617 3772 1674 δ’

2121 1703 2281 1772 ἦσαν,
2343 1704 2637 1780 ἐξενεγκεῖν
2696 1705 2933 1777 ἐκέλευε,
2991 1707 3309 1784 περικύκλῳ
3363 1729 3423 1763 τε
3476 1715 3578 1778 τῆς
3632 1708 3771 1765 κατὰ

2122 1795 2217 1845 τοῦ
2263 1792 2539 1848 Ματθαίου
2588 1800 2851 1868 πυρκαϊᾶς
2910 1797 3231 1866 στήσαντας,
3277 1798 3377 1866 τήν
3440 1795 3579 1866 ὕλην
3634 1796 3767 1851 ἆνά-

2125 1900 2295 1951 πτειν,
2330 1882 2405 1942 ὡς
2449 1880 2508 1935 ἂν
2557 1903 2619 1958 γε
2659 1888 2729 1958 τῇ
2778 1884 2954 1939 αὐτῶν
2999 1885 3192 1960 ἀρωγῇ
3245 1884 3312 1940 τά
3367 1885 3541 1940 οἰκεῖα
3592 1883 3764 1960 δράσῃ

2124 1969 2186 2023 τὸ
2235 1973 2362 2043 πῦρ.
2404 1970 2627 2026 Τούτων
2675 1969 2731 2026 δὲ
2774 1972 3105 2047 γενομένων,
3154 1974 3391 2043 ἀνῆπτον
3444 1974 3543 2043 τήν
3602 1972 3764 2044 ὕλην.

2122 2057 2191 2112 Τὸ
2223 2055 2280 2112 δὲ
2312 2063 2417 2133 πῦρ
2465 2059 2598 2114 κατὰ
2627 2064 2737 2116 τῶν
2786 2062 2919 2116 θεῶν
2969 2060 3184 2136 μᾶλλον
3231 2062 3455 2138 ἐχώρει,
3505 2062 3597 2118 καὶ
3635 2063 3764 2117 τοῦο

2121 2166 2248 2212 τους
2277 2146 2532 2203 ἐλέπτυνε
2579 2148 2819 2223 ῥέοντας.
2853 2151 3139 2224 Ὀμοίωμα
3170 2148 3217 2205 δ⁸
3260 2149 3462 2206 ἐκεῖθεν
3504 2152 3577 2214 ὡς
3606 2172 3768 2207 καιο-

2125 2235 2288 2309 μένου
2342 2235 2551 2313 ἐξέθορε
2608 2236 2923 2314 δράκοντος,
2974 2239 3063 2294 καὶ
3118 2244 3217 2296 τοῦ
3275 2240 3547 2314 βασιλέως
3592 2241 3766 2296 κατό-

2121 2328 2307 2381 πισθεν
2357 2329 2532 2402 εἷρπε,
2572 2328 2663 2383 καὶ
2714 2328 2959 2405 συρίττον
3014 2329 3153 2406 μέγα
3201 2329 3419 2387 ἐδίωκεν
3456 2349 3469 2364 ·
3513 2331 3588 2394 ὡς
3631 2328 3766 2404 μηδ’

2120 2415 2181 2471 ἐκ
2224 2420 2322 2472 τοῦ
2380 2416 2580 2493 ῥᾴστου
2629 2416 2820 2490 ἐκείνῳ
2876 2417 3071 2474 ἐνεῖναι
3116 2423 3224 2474 τῶν
3288 2419 3582 2495 βασιλείων
3631 2419 3765 2476 εἴσω

2120 2510 2348 2583 χωρεῖν.
2408 2506 2677 2561 Ἀπειπὼν
2738 2505 2855 2570 οῦν,
2921 2505 3010 2562 ἐπὶ
3077 2508 3170 2563 τὸν
3228 2509 3537 2565 ἀπόστολον
3608 2509 3763 2572 αὖθις

2118 2593 2347 2670 ἐγίνετο,
2396 2595 2486 2650 καί
2534 2602 2633 2665 τῆς
2683 2596 2863 2670 ὁρμῆς
2914 2600 3012 2651 τοῦ
3068 2597 3428 2670 καθέρποντος
3475 2594 3761 2669 ἠντιϐόλει

2116 2683 2395 2757 ῥυσθῆναι.
2444 2685 2502 2739 Ὀ
2550 2682 2599 2739 δ’
2647 2683 2954 2748 ἀπόστολος
3000 2692 3102 2757 τῆς
3153 2685 3297 2763 ὥρας
3344 2687 3453 2760 ἤδη
3503 2688 3765 2761 ἐνστάσης

2114 2773 2252 2847 πρὸς
2304 2773 2396 2828 τὸν
2449 2774 2796 2846 ποθοὺμενον
2853 2769 3147 2831 διαϐαίνειν
3221 2777 3476 2851 Χριστὸν,
3544 2778 3761 2833 πάντων

2114 2857 2215 2931 ἔξω
2269 2862 2583 2937 γενόμενος,
2640 2862 2872 2936 ἐπετίμα
2929 2864 3025 2938 μὶν
3078 2868 3158 2937 τῷ
3210 2865 3365 2939 πυρὶ,
3411 2866 3503 2921 καὶ
3564 2865 3752 2922 αὐτίκα

2112 2947 2391 3007 ἐσϐέννυτο
2424 2970 2438 2984 '
2485 2972 2575 3007 και
2624 2953 2653 3006 ὁ
2702 2949 2914 3029 δράκῶν
2959 2952 3112 3018 εὐθὺς
3171 2955 3377 3030 ἀφανὴς
3427 2956 3517 3025 ἦν.
3566 2957 3743 3030 Ὑπερ-

2111 3041 2230 3095 πὼν
2280 3036 2338 3095 δὲ
2382 3044 2462 3113 τῷ
2507 3039 2734 3115 ἄρχοντι
2781 3042 2881 3097 ὅσα
2927 3040 3121 3122 ἐχρῆν,
3166 3044 3255 3099 καὶ
3308 3045 3513 3107 πάντας
3554 3044 3735 3118 εὐχαῖς

2110 3128 2384 3203 στηρίξας,
2433 3127 2486 3184 ἐν
2536 3128 2728 3205 εἷ’ρήνῃ
2783 3130 2927 3208 ἀφίει
2979 3132 3042 3188 τὸ
3090 3136 3322 3206 πνεῦμα,
3369 3133 3462 3188 καὶ
3518 3128 3745 3188 διέϐαινε

343 3240 459 3296 qua
498 3225 571 3281 ad
600 3190 994 3282 desideratum
1012 3190 1124 3280 sibi
1150 3190 1444 3281 Christum
1488 3190 1994 3297 transiret,‘reb—us

2107 3190 2243 3293 πρδς
2274 3190 2528 3292 λριστόν.
2787 3190 2895 3293 μῆν
2940 3220 3086 3291 ἱερὸν
3134 3190 3235 3276 τοῦ
3281 3190 3593 3278 ἀποστόλου
3621 3230 3721 3294 σκῆ

342 3313 615 3370 omnibus
645 3312 1224 3387 postpositis,ignem
1274 3316 1577 3387 increpat:
1613 3317 1762 3374 205
1824 3323 2000 3389 atque

336 3400 391 3457 is
411 3406 644 3474 repente
698 3403 1101 3475 exstinguitur,
1134 3407 1192 3459 et
1231 3419 1473 3475 serpens
1522 3404 1620 3461 ille
1672 3408 1994 3464 evanescit.

337 3491 596 3564 Principi
625 3497 821 3549 autem
866 3493 1168 3559 extremis,
1200 3510 1325 3564 quae
1375 3495 1653 3565 oportuit,
1705 3497 1998 3554 mandatis

337 3582 636 3653 expositis,
693 3581 1079 3654 omnibusque
1140 3583 1470 3654 precatione
1522 3584 1903 3655 conﬁrmatis,
1937 3587 1995 3643 in

336 3686 481 3740 pace
509 3670 728 3727 emittit
755 3670 1050 3742 spiritum,
1069 3678 1121 3727 et
1151 3672 1224 3727 ad
1248 3673 1542 3730 Christum
1564 3675 1796 3731 transit.
1815 3675 1995 3747 Cujus

340 3760 574 3831 quidem
608 3775 835 3817 sacrum
868 3776 1081 3833 corpus
1122 3760 1181 3817 in
1210 3778 1384 3818 aureo
1415 3764 1767 3834 respositum
1819 3764 1989 3836 lecto,

342 3847 787 3920 splendidisque
818 3848 1137 3905 involutum
1163 3850 1669 3923 vestibus,palatio
1683 3853 1993 3912 Fulvianus

344 3938 544 3994 infert.
576 3938 758 4011 quue
785 3956 932 3997 arcis
976 3940 1195 4008 ferreae,
1228 3940 1467 4012 plumbo
1523 3942 1766 4015 insuper
1813 3944 1991 4015 probe

312 4018 709 4084 "communitas
766 4028 1083 4098 inclusum,
1127 4030 1432 4087 demittere
1479 4031 1539 4087 in
1599 4048 1758 4088 mare
1801 4033 1986 4104 jubet,

338 4117 449 4172 hoc
478 4115 565 4172 sic
593 4116 856 4186 cogitans
883 4134 896 4172 :
922 4119 978 4172 Si
1008 4118 1082 4186 is,
1114 4118 1211 4190 qui
1242 4118 1383 4174 illud
1427 4119 1499 4175 ab
1558 4121 1692 4192 igne
1746 4136 1992 4178 conser-

338 4208 538 4262 vatum
566 4209 784 4261 tutatus
814 4211 988 4275 esset,
1021 4207 1092 4263 ab
1126 4207 1300 4263 undis
1331 4198 1564 4279 quoque
1586 4213 1652 4265 ut
1688 4209 1750 4265 in
1808 4211 1990 4267 ferrea

338 4310 487 4350 urna
534 4293 793 4366 positum
863 4299 1283 4368 supernataret,
1343 4296 1688 4366 vindicaret,
1739 4315 1800 4355 se
1874 4300 1989 4357 diis

338 4383 463 4441 suis
489 4382 768 4440 omnibus
785 4384 1122 4457 repudiatis,
1147 4385 1249 4441 uni
1284 4403 1458 4459 quem
1490 4386 1587 4445 ille
1615 4389 1988 4460 praedicasset

335 4474 474 4543 Deo,
517 4488 620 4545 per
667 4472 896 4544 pietatis
946 4473 1191 4541 cultum,
1240 4476 1612 4534 serviturum.
1645 4478 1788 4535 Cum
1848 4496 1983 4551 ergo

2107 3327 2198 3370 νος
2240 3305 2329 3362 ἐπὶ
2377 3306 2573 3378 κλίνης
2621 3304 2855 3383 χρυσέας
2904 3308 2957 3364 ἐν
3012 3306 3317 3383 διαφὰνέσιν
3368 3310 3665 3385 ἐσθήμασιν
3718 3314 3750 3367 ὁ

2107 3391 2452 3461 ψουλϐιανὸς
2481 3394 2683 3459 ἐπιθεὶς
2732 3397 2933 3473 εἰσάγει
2964 3399 3099 3473 πρὸς
3147 3398 3215 3455 τά
3253 3398 3537 3476 ἀνάκτορα.
3573 3400 3750 3457 Γλωσ-

2105 3485 2331 3560 σοκόμῳ
2362 3483 2417 3541 δὲ
2463 3483 2695 3559 σιδήρου
2741 3489 3103 3562 πεποιημένῳ
3130 3488 3220 3543 καὶ
3270 3485 3526 3563 μολιῦδῳ
3576 3489 3746 3570 ἀσφαο

2103 3574 2420 3649 λισάμενος,
2466 3575 2603 3631 κατὰ
2646 3572 2923 3648 θαλάσσης
2971 3576 3182 3657 ἀφεῖναι
3222 3580 3570 3653 προστάσσει,
3600 3580 3754 3635 τοῦτ’

2101 3665 2155 3720 ἐν
2207 3671 2285 3739 νῷ
2351 3665 2599 3740 θέμενος,
2655 3666 2731 3727 ὡς
2780 3665 2841 3722 Εἰ
2889 3667 2917 3720 ὁ
2971 3671 3070 3722 τοῦ
3121 3667 3293 3744 πυρὸς
3350 3667 3521 3724 ἐκεῖνο
3573 3666 3753 3739 δείξας

2100 3755 2418 3833 ὑπέρτερον,
2452 3755 2565 3831 εἴγε
2609 3754 2677 3826 δὴ
2720 3758 2812 3811 καὶ
2858 3760 2957 3811 τοῦ
3003 3754 3196 3821 ὓδατος
3246 3754 3587 3830 διανήξασθαι
3643 3759 3751 3813 ὑπὸ

2098 3842 2323 3920 σιδηρέᾳ
2366 3848 2436 3919 τῇ
2497 3844 2723 3921 λάρνακι
2780 3844 3152 3921 κατισχύσειε,
3200 3849 3280 3918 τῷ
3338 3845 3543 3902 ἐκείνου
3590 3849 3748 3923 μόνῳ

2097 3934 2377 4009 λατρεύσω
2436 3938 2575 4008 Θεῷ,
2625 3935 2772 4010 παρὰ
2827 3932 3036 4013 φαῦλον
3090 3935 3220 4000 τοὺς
3274 3936 3438 4010 ἐμοὺς
3493 3937 3744 4010 θέμενος.

2094 4025 2241 4079 Ἐπεὶ
2278 4021 2325 4079 δ’
2355 4022 2528 4087 οὕτως
2578 4022 2722 4098 ἔχων
2765 4023 3069 4099 ερῥίπτετο,
3097 4026 3187 4081 καὶ
3229 4027 3365 4099 μετὰ
3413 4025 3593 4102 βραχὺ
3639 4034 3744 4096 τῆς

2093 4110 2296 4169 ἄνωθεν
2375 4109 2820 4185 διακυϐερνώσης
2893 4115 3106 4194 χειρὸς.
3181 4119 3251 4190 τῇ
3329 4116 3513 4191 χέρσῳ
3585 4114 3742 4179 αὖθις

2094 4202 2480 4274 ἐπανεσώζετο,
2540 4204 2576 4273 ἡ
2634 4202 2799 4265 πόλις
2868 4208 3015 4259 π’άσα
3071 4205 3297 4278 χυθεῖσα
3362 4209 3461 4261 τοῦ
3526 4204 3742 4274 ἄστεος,

2090 4300 2188 4351 τοῦ
2236 4294 2536 4352 ἐπισκόπου
2587 4294 2875 4359 Πλάτωνος
2925 4298 3263 4371 ἡγουμένου,
3290 4299 3381 4353 τὸν
3432 4298 3537 4353 ὑπό
3585 4305 3747 4353 Ματ-

2092 4385 2249 4441 θαίου
2315 4386 2722 4462 κηρυττόμενον
2793 4385 3065 4458 ἀνόμνουν
3128 4387 3280 4446 Θεόν.
3336 4387 3607 4445 Ἀπειπὼν
3683 4385 3743 4443 δὲ

2088 4480 2204 4538 τοῖς
2259 4474 2417 4539 ὅλοις
2484 4476 2572 4530 καὶ
2652 4469 3022 4541 Φουλϐιανὸς,
3079 4476 3143 4531 τὸ
3220 4477 3362 4531 θεῖον
3434 4473 3740 4552 εἰσδέχεται

333 4562 417 4619 ita
461 4562 523 4619 in
578 4578 739 4620 mare
804 4564 1201 4636 proﬁceretur,
1260 4567 1573 4640 statimque
1637 4568 1835 4624 divina
1921 4569 1975 4625 id

2107 4562 2414 4638 latnttcpa'
2472 4565 2562 4619 καὶ
2619 4566 2740 4635 τήν,
2798 4565 3092 4636 Ματθαῖος,
3151 4560 3490 4639 διαμιίὸεται
3538 4565 3738 4636 κλῆσιν

337 4652 563 4709 caelitus
594 4653 959 4725 gubernante
987 4670 1160 4711 manu
1228 4655 1287 4710 in
1336 4655 1529 4713 littore
1585 4672 1821 4713 rursum
1879 4675 1981 4714 ex-

333 4748 648 4816 poneretur
687 4760 701 4801 :
745 4745 998 4819 populus
1040 4747 1344 4805 universus
1392 4749 1532 4805 urbe
1576 4749 1818 4815 effusus,
1851 4752 1979 4807 Pla-

333 4841 465 4891 tone
521 4834 791 4907 episcopo
838 4841 1152 4907 prmcunte,
1202 4837 1439 4910 hymnis
1507 4837 1895 4911 laudibusque
1949 4835 1980 4898 a

334 4921 603 4980 Mattbseo
648 4923 1021 4996 praedicatum
1062 4925 1423 4983 concelebrat
1442 4927 1981 4986 Deum.Fulvianus

330 5027 488 5075 vero,
520 5012 694 5069 rebus
725 5013 996 5070 omnibus
1050 5014 1404 5086 posthabitis
1449 5031 1684 5073 sacrum
1736 5018 1982 5090 suscipit

332 5101 715 5175 baptismum,
791 5108 844 5159 el
924 5103 1179 5159 Matthei
1239 5103 1351 5160 sibi
1435 5120 1647 5162 nomen
1724 5111 1976 5178 arrogat,

332 5189 554 5249 occulto
585 5190 839 5263 quodam
880 5208 1210 5265 arcanaque
1236 5193 1481 5265 apostoli
1532 5193 1732 5252 ductu.
1767 5195 1979 5252 Simul-

330 5295 465 5351 que,
480 5279 582 5352 qui
613 5280 739 5353 ejus
768 5278 1015 5352 imperio
1036 5280 1257 5338 subditi
1288 5287 1472 5351 erant,
1494 5298 1695 5341 omnes
1726 5280 1975 5356 patriam

329 5366 801 5437 superstitionem
904 5367 1252 5440 rejicientes,
1352 5370 1611 5428 divinum
1718 5372 1979 5446 complc-

330 5456 572 5513 ctuntur
616 5455 931 5514 lavacrum.
995 5457 1216 5515 Deinde
1272 5463 1406 5530 post
1451 5476 1635 5518 annos
1684 5465 1802 5519 tres
1850 5462 1975 5535 epi-

329 5558 547 5615 scopus
617 5559 848 5616 quoque
905 5545 1065 5603 Plato
1124 5548 1195 5604 ad
1241 5548 1601 5621 sempiterna
1640 5552 1977 5608 conscendit

333 5630 726 5693 tabernacula.
759 5634 933 5692 Porro
977 5635 1290 5693 Fulvianus
1342 5638 1532 5694 adhuc
1578 5640 1802 5697 vivente
1850 5642 1976 5714 epi-

2092 4651 2144 4706 ἒν
2190 4650 2492 4727 ἀπορρήτῳ
2539 4657 2638 4708 τοῦ
2688 4651 2997 4709 ἀποστόλου
3048 4652 3405 4730 μυσταγωγίᾳ
3434 4671 3449 4686 ·
3498 4653 3588 4711 καὶ
3630 4656 3739 4711 αὐ-

2088 4743 2213 4799 τίκα
2269 4743 2465 4807 πάντες
2521 4744 2573 4798 οἱ
2634 4744 2737 4798 ὑπὸ
2794 4747 2957 4821 χεῖρα
3008 4745 3111 4815 τὴν
3163 4745 3418 4820 πατρῴαν
3471 4741 3733 4802 δεισιδοι-

2091 4832 2283 4907 μονίαν
2330 4831 2817 4909 ἀπορῥαπίζοντες,
2867 4833 2931 4888 τὸ
2977 4834 3120 4888 θεῖον
3176 4832 3406 4909 λουτρὸν
3463 4837 3741 4905 κατησπά-

2089 4927 2267 4992 ζοντο.
2299 4922 2490 4998 Τρίτος
2539 4920 2716 4992 ἐξήκει
2762 4922 2896 4996 μετᾶ
2943 4925 3106 4978 τοῦτο
3154 4922 3415 4994 ἐνιαυτὸς,
3445 4924 3535 4979 καὶ
3583 4923 3737 4980 Πλά-

2085 5033 2195 5069 των
2244 5012 2338 5085 μὲν
2384 5012 2412 5065 ὁ
2462 5010 2756 5074 ἐπίσκοπος
2801 5012 2937 5087 πρὸς
2982 5012 3080 5076 τάς
3127 5011 3381 5076 αἰωνίους
3430 5011 3734 5090 μετεχώρει

2087 5103 2333 5174 σκηνάς⁶
2397 5097 2742 5163 Φουλϐιανὸς
2790 5098 2837 5155 δ’
2895 5097 2974 5157 ἔτι
3023 5106 3227 5171 ζῶντος
3282 5106 3380 5160 τοῦ
3434 5101 3737 5160 ἐπισκόπου

2086 5188 2245 5264 ἄλλῳ
2279 5191 2375 5265 μὶν
2421 5197 2519 5260 τῆς
2570 5190 2752 5265 ἀρχῆς
2782 5191 3119 5267 παρεχώρει,
3168 5189 3330 5256 αὒτὸς
3366 5189 3424 5247 δὲ
3469 5194 3738 5248 ταπεινώ-

2085 5299 2221 5341 σεως
2267 5285 2461 5355 σχῆμα
2497 5272 2994 5353 περιϐαλλόμενος,
3042 5277 3111 5334 τά
3157 5278 3276 5354 ἱερά
3320 5299 3381 5336 τε
3432 5283 3539 5336 τῶν
3594 5286 3735 5355 Χρι-

2086 5371 2313 5424 στιανῶν
2376 5368 2600 5441 μυηθεὶς
2656 5362 2839 5444 ὄργια,
2883 5368 2984 5437 τήν
3035 5372 3133 5423 τοῦ
3192 5365 3556 5444 πρεσϐυτέρου
3607 5390 3737 5446 χει-

2086 5456 2335 5530 ροτονίαν
2366 5454 2512 5529 παρά
2540 5458 2637 5510 τοῦ
2687 5453 2833 5509 θείου
2864 5450 3223 5529 καταδέχεται
3273 5454 3569 5520 Πλάτωνος
3599 5474 3612 5488 °
3669 5458 3734 5514 οὗ

2087 5547 2223 5620 μετᾶ
2276 5546 2375 5614 τήν
2436 5541 2637 5599 ἐνθένδε
2692 5542 3043 5618 ἀπαλλαγὴν,
3093 5549 3191 5599 τοῦ
3249 5544 3531 5601 θεσπεσίου
3587 5545 3739 5602 ἀπο-

2085 5634 2284 5691 στόλου
2342 5631 2432 5689 διὰ
2488 5638 2805 5710 νυκτερινῆς
2866 5633 3171 5708 μυῆσοντος
3230 5633 3431 5709 ὄψεως,
3480 5636 3568 5691 καῖ
3626 5637 3730 5708 τῆν
