4070 6274
291 375 425 439 869

1319 371 1940 436 ECCLESIASTICE
1985 373 2374 438 HISTOHIIE
2418 377 2571 437 LIB.
2617 377 2694 437 ll.

3588 379 3711 442 870

293 510 450 582 ἆξίαν
506 517 606 582 τῆς
663 509 960 581 ἐπισκοπῆς
1015 506 1384 584 ἆναὸέχεταιο
1433 509 1676 586 γνησίως
1743 505 1804 562 δὲ
1859 509 1941 580 τῷ

2072 526 2254 584 scopo,
2311 511 2409 567 alii
2446 525 2692 583 regnum
2751 511 3044 567 concessit
3077 529 3088 565 :
3121 516 3178 568 et
3235 511 3361 585 ipse
3406 512 3715 569 submisse

294 595 622 674 Εὐαγγελίῳ
655 597 1019 673 ὑπηρετήσας,
1049 597 1140 652 καὶ
1182 594 1430 658 πολλοὺς
1462 593 1551 650 διὰ
1579 602 1679 665 τῆς
1709 595 1944 659 πίστεως

293 685 589 749 οἷκειώσας
655 690 791 759 Θεῷ,
859 687 995 760 πρὸς
1056 686 1156 754 τήν
1225 684 1432 760 ἀμείνω
1492 685 1635 754 ζωὴν
1706 681 1941 759 μεταϐε-

292 770 492 846 δηκεν.

2051 601 2402 658 humilitatis
2455 599 2660 656 habitu
2737 604 3062 673 assumpto,
3113 616 3248 657 cum
3305 602 3712 660 secretioribus

2050 688 2516 745 Christianorum
2539 687 2804 744 initiatus
2833 692 2922 745 est
2978 687 3183 756 sacris,
3209 695 3334 744 tum
3384 689 3709 763 presbyteri

2049 779 2480 835 ordinationem
2503 795 2538 833 a
2575 778 2707 834 divo
2739 778 2997 849 suscepit
3053 779 3307 834 Platone.
3342 779 3480 836 Post
3535 781 3706 851 cujus

293 883 375 924 ex
437 867 547 924 hac
589 867 706 923 vita
755 868 1086 935 decessum,
1114 867 1188 924 ab
1227 869 1429 925 sancto
1486 865 1750 939 apostolo
1801 881 1902 936 per
1956 872 2296 924 nocturnam
2355 867 2636 924 visionem
2709 867 3044 924 admonitus
3090 871 3264 940 atque
3323 875 3712 936 consecratus,

294 955 694 1030 episcopalem
725 973 956 1030 quoque
979 955 1297 1028 assumpsit
1321 957 1616 1013 honorem.
1651 959 1877 1011 Etcum
1911 955 2021 1013 rite
2049 973 2210 1014 sacro
2241 957 2632 1014 ministrasset
2661 957 2988 1029 Evangelio,
3019 957 3350 1029 multosque
3387 976 3488 1030 per
3530 961 3703 1016 fidem

297 1045 692 1104 iucrii’ecissct
723 1047 860 1113 Deo,
883 1046 1058 1104 vitam
1091 1060 1325 1118 quoque
1355 1045 1508 1102 hanc
1538 1044 1772 1102 meliore
1802 1045 1918 1102 alia
1939 1048 2338 1105 commutavit.

901 1193 1156 1245 ΚΕΦΔΛ.
1200 1189 1331 1244 MB'.

296 1297 468 1373 Περὶ
502 1299 618 1373 τοῦ
647 1294 1269 1373 ἂγίουῃᾶποστόλου
1299 1291 1953 1373 καὶ-εὐαγγελιστοῦ

379 1315 468 1370 ιρι
502 1317 618 1352 του
647 1315 840 1373 αγιου
875 1315 1269 1352 αποστοΛου
1299 1315 1408 1349 και
1440 1315 1953 1420 ευαγγελιστου

379 1369 696 1426 Ἰωάννου
743 1372 866 1442 τοῦ
898 1365 1273 1442 Θεολόγου,
1317 1367 1587 1436 καὶτῆς
1663 1367 1804 1428 είας
1838 1364 1955 1420 αὖ·

376 1444 494 1495 τοῦ
526 1439 1011 1514 μεταστάσεως
1039 1482 1052 1496 .

381 1583 588 1645 Λοιπὸς
637 1581 812 1638 τοίνυν
861 1583 999 1652 ἡμῖν
1033 1583 1062 1636 ὁ
1089 1579 1446 1656 ἡγαπημένος
1472 1559 1586 1634 ’καὶ
1635 1577 1954 1649 ἐπιστήθιος

299 1673 568 1748 μαθητής
588 1691 600 1704 ⁰
634 1672 696 1726 οὗ
725 1672 822 1736 τὰς
849 1669 1138 1746 περιόδους
1168 1671 1260 1724 καὶ
1288 1672 1385 1734 τὰς
1427 1667 1481 1724 ἐν
1513 1669 1701 1728 αὐταῖς
1752 1669 1957 1738 θεοση-

301 1763 474 1836 μείας
510 1761 598 1816 καὶ
632 1761 922 1838 ὑπερφυεῖς
958 1759 1186 1834 πράξεις
1232 1779 1292 1814 τε
1338 1759 1430 1814 καὶ
1477 1757 1763 1834 θεολογίας
1811 1757 1961 1834 ἀφη-

2664 1191 2903 1248 CAPUT
2942 1191 3113 1249 XLII.

2059 1301 2139 1354 De
2187 1305 2371 1354 sancto
2417 1298 2660 1370 apostolo
2709 1303 2761 1353 ει
2824 1299 3158 1367 evangelista
3231 1300 3458 1368 Joanne,
3515 1305 3566 1356 et
3641 1299 3708 1356 de

2505 1369 2694 1426 divina
2723 1372 2842 1443 ejus
2869 1371 3257 1428 translatione.

2133 1591 2410 1662 Superest
2459 1589 2628 1647 nobis
2701 1591 2954 1646 Joannes
3019 1590 3265 1648 dilectus
3321 1591 3441 1663 ille,
3491 1593 3708 1667 quique

2063 1693 2249 1752 supra
2280 1685 2484 1751 peclus
2507 1677 2771 1750 Magistri
2831 1677 3117 1747 recubuit,
3150 1679 3503 1752 discipulus:
3539 1684 3706 1751 cujus

2063 1767 2477 1840 profectiones,
2509 1768 2569 1824 in
2616 1769 2816 1840 eisque
2849 1767 3129 1825 miracula
3166 1769 3479 1842 divinaque
3533 1787 3708 1844 opera

297 1851 520 1928 γείοθαι
547 1851 624 1912 εἰς
656 1849 855 1904 λεπτὸν
903 1851 1210 1918 κατιόντας,
1251 1847 1433 1921 ὥσπερ
1469 1848 1563 1902 καὶ
1610 1851 1718 1902 τῶν
1766 1844 1953 1900 ἄλλων

2072 1857 2217 1912 edita
2258 1857 2644 1929 mirificosque
2682 1861 2739 1913 et
2784 1874 3027 1914 arcanos
3087 1859 3158 1914 de
3214 1858 3327 1914 Deo
3383 1875 3713 1925 sermones,

301 1943 572 2014 μαθητῶν
598 1939 690 1994 καὶ
718 1937 1068 2009 ἀποστόλων,
1099 1939 1235 2012 πρὸς
1266 1943 1344 2010 τῷ
1385 1937 1663 2011 ἀμηχάνῳ
1709 1936 1800 1990 καὶ
1847 1941 1949 2004 τῆς

301 2030 410 2084 ἀνὰ
445 2034 636 2104 χεῖρας
683 2028 1056 2104 πραγματείας
1099 2048 1158 2083 τε
1201 2027 1292 2082 καὶ
1343 2024 1559 2101 σχολῆς
1601 2026 1676 2086 ὡς
1725 2023 1952 2098 ποῤῥω-

299 2120 460 2173 τάτω
515 2118 753 2191 μάλιστα
810 2118 947 2172 εἶναι
994 2116 1222 2190 νομίζω.
1277 2117 1583 2191 Ἰστόρηται
1633 2115 1680 2169 δ’
1728 2114 1843 2182 οὖν,
1877 2115 1952 2177 ὡς

295 2209 332 2263 ὁ
382 2207 661 2268 θειότατας
709 2206 868 2262 οὗτος
919 2205 1306 2282 εὐαγγελιστὴς
1359 2205 1494 2278 μετὰ
1540 2206 1640 2274 τὴν
1672 2203 1748 2265 είς
1787 2202 1951 2278 οὐρα-

291 2297 429 2360 νοὺς
455 2295 652 2352 ἄνοδον
699 2301 880 2368 Ἰησοῦ
929 2305 1092 2366 συνῆν
1138 2299 1208 2370 τῇ
1261 2297 1427 2370 μητρὶ
1479 2298 1578 2350 τοῦ
1625 2297 1759 2349 Θεοῦ
1789 2293 1838 2348 ἐν
1869 2296 1950 2363 τῷ

295 2386 446 2443 κατὰ
493 2387 594 2456 τήν
651 2387 790 2441 Σιὼν
843 2383 981 2458 οἴκῳ
1029 2383 1192 2439 αὐτοῦ
1242 2381 1372 2459 ἄχρι
1419 2389 1519 2452 τῆς
1567 2382 1703 2457 πρὸς
1753 2381 1950 2458 Κύριον

293 2473 574 2549 ἐκδημίας
643 2473 815 2544 αὐτῆς
849 2493 864 2507 ⁸
931 2472 1118 2529 ἔπειτα
1185 2471 1232 2528 δ’
1287 2472 1340 2528 ἐν
1407 2471 1564 2543 Ἀσίᾳ
1635 2469 1949 2547 γενόμενον,

297 2562 754 2642 εὐαγγελίζεσθαι
785 2564 875 2619 τὸν
923 2563 1159 2638 Χριστὸν
1185 2581 1198 2594 ·
1250 2556 1374 2617 ἔνθα
1421 2560 1511 2616 καὶ
1549 2561 1640 2616 τὸν
1689 2561 1815 2614 ναὸν
1848 2567 1949 2630 τῆς

293 2650 630 2730 ’Δρτέμιδος
689 2649 1099 2726 κατηδάφισεν’
1147 2651 1200 2707 ἐν
1256 2647 1315 2705 δὲ
1365 2655 1446 2723 τῷ
1494 2649 1628 2706 κατᾶ
1695 2657 1953 2722 Δομετια-

302 2741 402 2797 νὸν
437 2737 671 2816 διωγμῷ
702 2739 755 2795 ἐν
789 2739 1000 2814 Πάτμῳ
1035 2742 1105 2814 τῇ
1152 2741 1302 2812 νήσῳ
1354 2738 1615 2811 ὑπερορίῃ
1657 2733 1952 2791 καταδικα-

306 2829 506 2898 σθῆναι
537 2832 616 2901 τῷ
657 2829 902 2902 τετάρτῳ
938 2827 1030 2884 καὶ
1081 2825 1289 2900 δεκάτῳ
1335 2819 1439 2882 ἔτει
1490 2823 1655 2880 αὐτοῦ
1701 2831 1802 2895 τῆς
1854 2823 1948 2899 ἆρ-

309 2924 449 2992 χῆς.
507 2918 668 2972 Ἔνθα
727 2914 796 2986 δὴ
841 2916 931 2972 καὶ
977 2918 1040 2973 τὸ
1087 2916 1204 2972 κατ’
1261 2915 1421 2971 αὐτὸν
1470 2913 1806 2990 Εὖαγγέλιον
1856 2913 1954 2988 ἐμ·

307 3006 594 3068 πνευσθεῖς
624 3010 704 3080 τῷ
742 3005 879 3083 ἁγίῳ
930 3005 1202 3079 Πνεὺματι
1254 3004 1483 3078 ὑψηλῶς
1531 3000 1954 3077 ἀνεϐρόντησινο

309 3093 462 3152 ἀλλά
494 3092 562 3164 δὴ
612 3095 700 3150 καὶ
750 3097 852 3164 τήν
901 3097 1046 3171 ἱερὰν
1097 3093 1262 3150 αὑτοῦ
1301 3093 1391 3149 καὶ
1438 3091 1616 3148 ἐνθεον
1666 3093 1956 3148 Ἀποκά-

314 3184 558 3258 λυψιν.
607 3185 758 3244 Μετά
807 3205 870 3261 γε
903 3185 1010 3258 μὴν
1062 3185 1164 3253 τήν
1213 3185 1544 3255 Δομετιανοῦ
1590 3179 1849 3249 τελευτήν
1879 3180 1955 3241 εἷς

2063 1947 2235 2002 sicuti
2269 1951 2326 2002 et
2357 1946 2605 2003 aliorum
2637 1947 3050 2018 discipulorum
3076 1952 3134 2004 et
3191 1949 3587 2020 apostolorum
3619 1965 3713 2004 res

2059 2041 2272 2108 gestas,
2342 2036 2647 2107 sigillatim
2727 2053 3036 2108 exponere,
3094 2041 3474 2110 praeterquam
3557 2040 3708 2110 quod

2057 2123 2271 2177 virium
2305 2126 2640 2178 nostrarum
2674 2140 2789 2178 non
2841 2129 2950 2187 est,
2985 2123 3057 2179 ab
3103 2125 3374 2180 instituto
3431 2127 3587 2197 quod
3649 2126 3706 2178 in

2065 2210 2342 2267 manibus
2371 2210 2660 2267 habemus
2691 2228 2862 2284 opere
2892 2213 3046 2268 που
3078 2211 3332 2269 alienum
3381 2214 3553 2269 etiam
3585 2228 3715 2270 esse

2061 2299 2336 2357 arbitror.
2397 2301 2668 2356 Sedenim
2722 2300 3099 2356 historiarum
3145 2305 3523 2358 monumenta
3582 2318 3716 2373 pro-

2060 2388 2228 2456 dunt,
2261 2389 2690 2445 divinissimum
2722 2388 2873 2446 hunc
2902 2389 3350 2460 Evangelistam,
3379 2395 3511 2458 post
3571 2389 3714 2445 Jesu

2061 2477 2118 2532 in
2151 2477 2362 2533 cmlum
2395 2491 2876 2547 ascensum,cum
2908 2477 3090 2534 Matre
3119 2477 3220 2534 Dei
3251 2476 3311 2533 in
3341 2493 3406 2532 ea
3435 2493 3613 2550 quam
3644 2479 3715 2534 ad

2059 2565 2194 2622 Sion
2250 2565 2428 2622 fuisse
2481 2567 2840 2638 scripsimus,
2870 2566 3043 2622 domo
3099 2582 3206 2622 sua
3261 2566 3490 2633 vixisse,
3527 2583 3715 2640 usque

2061 2657 2131 2712 ad
2166 2655 2325 2712 illius
2354 2657 2425 2712 ad
2470 2656 2782 2713 Dominum
2824 2656 3251 2728 migrationem.
3280 2656 3484 2713 Postea
3520 2661 3713 2714 autem

2061 2745 2120 2800 in
2150 2744 2286 2800 Asia
2343 2745 2640 2802 Christum
2700 2761 2802 2818 per
2859 2744 3230 2816 Evangelium
3291 2744 3716 2818 promulgasse,

2063 2832 2261 2906 ibique
2317 2833 2602 2908 templum
2663 2833 2858 2890 Dianm
2913 2834 3036 2891 solo
3121 2850 3402 2906 aequasse.
3435 2834 3716 2891 Caeterum

2064 2923 2486 2995 persecutionis
2523 2923 2634 2978 sub
2694 2922 3020 2978 Domitiano
3053 2929 3308 2996 tempore
3365 2922 3564 2980 exsilio
3619 2925 3721 2980 da-

2065 3015 2333 3068 mnatum
2365 3016 2422 3068 ct
2450 3012 2507 3067 in
2541 3011 2792 3068 insulam
2825 3011 3088 3068 Palmum
3130 3011 3448 3085 relegatum
3496 3013 3720 3068 decimo

2066 3106 2274 3174 quarto
2304 3101 2533 3174 imperii
2564 3101 2719 3158 illius
2749 3117 2920 3168 anno,
2957 3101 3056 3156 ubi
3088 3100 3305 3158 scilicet
3334 3101 3552 3174 Spiritu
3583 3119 3718 3159 san-

2070 3197 2160 3246 cto
2191 3189 2420 3262 plenus,
2452 3189 2823 3261 Evangelium
2854 3205 3023 3246 suum
3054 3189 3341 3247 sublimen
3381 3189 3441 3247 in
3473 3192 3713 3248 modum

309 3256 748 3346 τήν-τῆςἏσίας
797 3256 1024 3352 ’Ἔφεσον
1070 3272 1331 3344 ἀνελθὼν,
1379 3273 1473 3334 τὰς
1524 3271 1707 3327 αὐτόθι
1756 3271 1957 3341 ἐκκλησ-

2072 3256 2347 3347 intonuit,
2371 3256 2716 3350 sacramque
2763 3285 2821 3335 et
2870 3279 3151 3335 divinitus
3182 3279 3525 3352 inspiratam
3557 3286 3717 3352 Apo-

312 3367 435 3427 σίας
467 3363 679 3420 διεῖπε·
726 3366 817 3420 καὶ
863 3371 938 3434 πῆ
994 3365 1090 3438 μὲν
1133 3365 1268 3427 νεὼς
1311 3361 1516 3432 ἂνίστα,
1566 3361 1654 3416 καὶ
1716 3358 1961 3435 κλήρους

316 3453 488 3516 ὅλους
536 3453 832 3528 ἡρμόζετο,
859 3454 1061 3526 καὶτῷ
1091 3452 1218 3525 θείῳ
1265 3453 1366 3520 τήν
1416 3451 1715 3526 ἱερωσύνην
1755 3450 1960 3521 κατήρ-

312 3550 436 3614 τιζε
465 3545 739 3619 Πνεύματι
765 3562 779 3576 ⁸
823 3542 874 3600 ἕν
903 3565 1011 3600 τινι
1057 3541 1114 3598 δὲ
1160 3542 1320 3599 πόλει
1351 3543 1661 3616 γενόμενος,
1711 3541 1803 3594 καί
1846 3558 1963 3594 τινα

313 3633 593 3691 νεανίσκον
653 3633 804 3706 ἰδὼν,
864 3635 1072 3691 ἀστεῖον
1127 3633 1224 3708 μὶν
1300 3633 1399 3701 τήν
1462 3629 1609 3705 ὄψιν,
1655 3628 1962 3702 ὑπόθερμον

320 3723 379 3779 δὲ
411 3725 511 3794 τὴν
534 3725 741 3802 ψυχήν,
761 3727 839 3796 τῷ
870 3721 1152 3796 ἒπισκόπῳ
1175 3717 1476 3797 ἐμϐλέψας.
1507 3725 1670 3775 Τοῦτ
1686 3739 1776 3789 ον,
1809 3712 1928 3794 ἔφη
1947 3757 1963 3784 ,

323 3834 432 3868 σοι
489 3813 1121 3888 παρακατατίθεμαι
1187 3808 1448 3883 σπουδῇ
1505 3813 1584 3883 τῇ
1633 3809 1806 3882 πάσῃ
1859 3805 1964 3861 ἐπὶ

327 3901 734 3978 μάρτυριτῷ
765 3906 1024 3978 Χριστῷ
1049 3900 1157 3958 καὶ
1186 3905 1264 3974 τῇ
1296 3897 1676 3970 Ἐκκλησία
1725 3895 1963 3952 αὑτοῦ.

325 3993 434 4049 Καὶ
467 3993 496 4047 ὁ
528 3993 622 4066 μὲν
663 3989 904 4068 ἐδέχετο,
956 3989 1339 4070 ὑπεσχημένος
1389 3991 1488 4044 ὅσα
1539 3989 1764 4058 καθήκει
1813 3987 1890 4060 μή
1916 3983 1968 4038 ἐν

329 4077 568 4156 δευτέρῳ
598 4085 898 4139 ποιεῖσθαι⁶
931 4085 1190 4152 Ἰωάννης
1224 4079 1282 4136 δὲ
1310 4081 1385 4142 εἷς
1417 4081 1650 4153 Ἔφεσον
1700 4073 1876 4133 ἔπλει.
1909 4080 1968 4132 Ὃ

330 4171 391 4228 δὲ
424 4167 607 4227 λαϐὼν
653 4174 742 4229 τὸν
780 4173 1075 4244 νεανίσκον,
1129 4172 1270 4226 οἷ’κοι
1326 4171 1418 4244 μὲν
1463 4169 1583 4246 εἶχε
1623 4167 1713 4222 καὶ
1759 4169 1968 4244 τρέφων

327 4259 567 4318 ἔθαλπε·
599 4263 690 4318 καὶ
718 4268 799 4336 τῷ
847 4264 986 4342 φωτὶ
1017 4269 1263 4340 προσῆγε
1303 4267 1404 4330 τῆς
1454 4260 1730 4336 γνώσεως.
1781 4257 1971 4330 Χρόνῳ

329 4351 380 4408 δ’
412 4351 501 4407 οὖν
546 4355 644 4422 τῆς
690 4349 948 4430 ἀκριϐοῦς
998 4349 1317 4426 ἐπιμελείας
1371 4348 1614 4428 ὑφίησιν,
1645 4347 1721 4410 ὡς
1767 4346 1831 4402 τὸ
1882 4345 1973 4402 τέ-

329 4441 484 4497 )ειον
532 4444 629 4512 τῆς
674 4443 810 4499 κατᾶ
858 4445 1093 4518 Χριστὸν
1143 4435 1436 4518 σφραγῖδος
1489 4437 1781 4508 ἐπιστήσας
1828 4434 1974 4508 αὑτῷ

325 4526 485 4602 τῷδ’
543 4527 766 4592 ἀνέσεως
812 4529 960 4586 οὕτω
1005 4529 1112 4604 πρὸ
1161 4528 1305 4603 ὥρας
1353 4523 1750 4598 ἐπειλημμὲνῳ
1797 4543 1975 4597 προσ-

2069 3367 2351 3440 caiypsim
2384 3367 2644 3440 protulit.
2677 3368 2782 3432 Qui
2816 3368 3021 3425 deinde
3054 3378 3180 3440 post
3228 3368 3542 3425 Domitiani
3591 3368 3716 3425 obi-

2068 3461 2191 3512 tum
2219 3457 2511 3528 Ephesum
2561 3457 2618 3512 in
2671 3457 2869 3512 Asiam
2921 3473 3206 3526 reversus,
3241 3473 3366 3530 quae
3424 3457 3503 3512 ibi
3563 3457 3721 3512 fuere

2069 3545 2340 3600 ecclesias
2363 3545 2528 3614 rexit,
2562 3545 2776 3618 templa
2803 3550 3176 3616 construens,
3209 3547 3426 3602 clerum
3482 3561 3715 3600 omnem

2069 3635 2301 3700 docens,
2333 3633 2850 3706 ecclesiatrumque
2879 3651 3070 3690 sacros
3098 3634 3392 3690 ministros
3431 3634 3709 3690 instinctu

2070 3722 2322 3792 Spiritus
2342 3721 2528 3780 sancti
2567 3723 2639 3777 ad
2672 3723 3079 3792 perfectionem
3119 3721 3448 3779 instituens.
3481 3721 3551 3778 Et
3578 3738 3708 3778 cum

2073 3811 2388 3883 aliquando
2446 3811 2504 3865 in
2567 3811 2796 3867 civitate
2853 3813 3104 3882 quadam
3165 3814 3338 3879 esset,
3373 3809 3710 3867 adolescen-

2075 3907 2306 3972 temquc
2339 3901 2496 3956 vultu
2543 3901 2780 3973 quidem
2826 3899 3051 3956 liberali
3113 3907 3168 3954 et
3222 3899 3487 3969 honesto,
3519 3897 3714 3955 animo

2074 3994 2273 4046 tamen
2303 3994 2358 4046 et
2391 3989 2623 4061 ingenio
2657 3989 2872 4047 fervido
2929 3989 3347 4061 conspexisset,
3377 3989 3715 4061 episcopum

2073 4079 2185 4136 loci
2217 4080 2345 4151 ejus
2373 4079 2643 4148 intuitus,
2667 4081 2840 4147 Hunc,
2871 4079 3083 4152 inquit,
3117 4084 3382 4152 tanquam
3416 4079 3720 4151 depositum

2077 4169 2184 4226 tibi
2211 4186 2344 4225 cura
2369 4181 2420 4225 et
2447 4168 2755 4243 diligentia
2783 4186 3016 4236 summa,
3047 4168 3146 4225 sub
3177 4169 3387 4225 Chrislo
3432 4177 3596 4241 atque
3627 4170 3726 4222 Er-

2077 4256 2248 4314 clcsia
2268 4258 2386 4329 ejus
2415 4260 2563 4326 tests,
2585 4258 2930 4313 commendo.
2953 4258 3137 4328 Atque
3156 4257 3252 4314 ille
3265 4256 3498 4329 quidem
3520 4256 3706 4322 illum,

2079 4346 2226 4402 nihil
2257 4347 2406 4403 sein
2438 4361 2504 4404 eo
2545 4346 2856 4402 excolendo
2912 4362 3109 4402 rerum
3158 4346 3421 4402 omnium
3480 4350 3718 4418 praetcr-

2082 4437 2399 4492 missurum
2415 4436 3010 4509 poliicitus,suscepit.
3040 4436 3295 4493 Joannes
3318 4439 3510 4492 autem
3533 4435 3719 4506 Ephe-

2083 4542 2215 4582 sum
2273 4525 2466 4582 rediit.
2527 4525 2843 4597 Episcopus
2903 4541 3073 4597 porro
3131 4524 3227 4580 ille
3290 4523 3720 4580 adolescentem

328 4617 639 4695 ςοθείρονταί
705 4638 847 4681 τινες
913 4617 1103 4687 ἣλικες
1169 4615 1331 4692 ἀργοὶ
1396 4613 1488 4669 καὶ
1572 4610 1962 4686 ἀπερῥωγότεςτ

2086 4615 2243 4670 domi
2277 4631 2396 4670 suae
2428 4614 2670 4684 fovebat,
2701 4621 2756 4670 et
2812 4615 2884 4670 ad
2933 4612 3280 4685 cognitionis
3335 4616 3392 4666 et
3447 4612 3726 4667 doctrina:

331 4704 516 4769 ἐθάδες
547 4711 730 4762 κακῶν
775 4708 866 4764 καὶ
916 4708 1218 4784 ἀνάγωγοι.
1267 4705 1368 4760 Καὶ
1413 4703 1481 4758 τὰ
1531 4701 1627 4776 μὶν
1677 4705 1867 4774 πρῶτα
1907 4698 1976 4755 δι’

331 4793 625 4851 ἐστιασεων
663 4797 879 4852 ἀτόπων
929 4793 1266 4852 λωποδυτεῖν
1318 4793 1748 4866 συνεπάγονταιο
1794 4788 1978 4844 ἔπειτα

331 4885 426 4941 καὶ
479 4883 732 4962 δεύτερον
763 4887 854 4942 καὶ
909 4885 1090 4962 τρίτον
1141 4885 1304 4941 κακὸν
1351 4895 1718 4956 συμπράττειν
1765 4881 1975 4952 ἠξίουν,

334 4980 428 5037 Ὡς
479 4973 536 5030 δὲ
582 4977 766 5052 χρόνῳ
823 4979 1073 5052 προϊόντι
1127 4976 1247 5032 κατ’
1303 4972 1494 5049 ὀλίγον
1543 4975 1662 5032 τοῖς
1711 4975 1977 5046 πονηροῖς

334 5065 730 5140 προσειθίζετο,
779 5065 918 5120 καθά
955 5087 1040 5128 τις
1086 5064 1252 5127 ἵππος
1302 5063 1555 5131 εὖσθενής
1605 5061 1696 5114 τὸν
1745 5056 1975 5136 χαλινὸν

334 5150 596 5222 ἐνδακὼν,
643 5155 778 5210 κατά
838 5156 1124 5230 βαράθρων
1187 5153 1431 5232 ἐφέρετο.
1507 5155 1616 5219 Τῆς
1673 5147 1979 5223 κρείττονος

336 5241 384 5298 δ’
417 5241 643 5306 ἐλπίδος
695 5241 984 5315 διαπεσὼν,
1033 5245 1122 5299 καὶ
1170 5241 1224 5298 ἐν
1273 5239 1585 5316 ἀπογνώσει
1631 5240 1728 5293 τοῦ
1778 5236 1978 5292 λοιποῦ

331 5330 399 5386 τὸ
463 5332 728 5402 σώζεσθαι
794 5334 1038 5407 θέμενος.
1108 5331 1410 5408 λῃστήριον
1479 5325 1808 5402 συνεκρότει.
1877 5326 1979 5380 Καὶ

331 5420 499 5485 αὐτὸς
526 5425 626 5477 τοῦ
672 5423 919 5500 πονηροῦ
968 5422 1171 5478 ἐκείνου
1218 5419 1498 5496 συλλόγου
1549 5417 1769 5492 ἐξῆρχε,
1808 5413 1980 5491 χαλι-

331 5511 437 5573 πός
493 5532 579 5572 τις
635 5509 890 5584 ἐξαπίνης
948 5508 1316 5588 προσϐάλλων
1371 5513 1488 5572 τοῖς
1542 5509 1849 5581 παριοῦσιν,
1903 5504 1978 5568 ὡς

327 5603 441 5656 τῶν
498 5598 688 5655 ἄλλων
735 5597 1016 5681 διαφέρων
1080 5598 1362 5678 μιαιφονίᾳ
1425 5617 1484 5652 τε
1537 5595 1628 5651 καὶ
1703 5591 1979 5667 ὠμότητι.

330 5689 550 5766 Χρόνος
603 5686 657 5743 ἐν
714 5690 864 5764 μέσῳ
913 5689 1136 5768 συχνός.
1191 5689 1293 5745 Καὶ
1344 5685 1459 5742 ἐπεὶ
1507 5682 1675 5740 πάλιν
1723 5685 1903 5765 παρῆν
1947 5681 1979 5742 ὃ

2084 4705 2271 4760 lucem
2302 4702 2571 4758 ducebat.
2605 4703 2958 4758 Procedente
3002 4706 3196 4758 autem
3254 4699 3528 4771 deinceps
3583 4704 3730 4756 tem-

2087 4808 2245 4866 pore,
2273 4791 2639 4847 attentiorem
2673 4790 2828 4846 illam
2862 4789 3224 4862 diligentiam
3245 4793 3302 4846 et
3322 4804 3519 4844 curam
3534 4790 3730 4845 remit-

2088 4881 2176 4946 tit,
2207 4878 2393 4950 utqui
2424 4891 2761 4949 supremum
2794 4881 2849 4933 et
2890 4877 3208 4949 perlectum
3255 4875 3469 4933 Christi
3533 4875 3732 4946 signa-

2086 4968 2282 5026 culum
2311 4968 2364 5024 ei
2391 4969 2514 5038 jam
2547 4965 2964 5038 impressisset.
2997 4965 3099 5022 ille
3157 4971 3348 5022 autem
3403 4980 3537 5019 cum
3596 4967 3731 5020 ante

2086 5065 2319 5131 tempus
2368 5057 2638 5129 potestati
2673 5073 2790 5112 sum
2848 5053 3168 5126 permissus
3202 5056 3376 5121 esset,
3409 5056 3582 5124 atque
3639 5051 3728 5107 in-

2088 5163 2267 5220 super
2295 5147 2367 5204 ab
2398 5144 2718 5218 aequalibus
2750 5144 2872 5202 suis
2909 5143 3024 5200 otio
3060 5142 3370 5216 corruptis,
3400 5141 3735 5213 praefractis,

2089 5238 2373 5310 malisque
2402 5236 2626 5293 artibus
2649 5235 2908 5304 imbutis,
2941 5237 3000 5291 et
3027 5233 3352 5306 disciplina
3375 5230 3568 5287 omnis
3625 5231 3707 5286 im

2089 5329 2450 5401 patientibus
2496 5328 2986 5398 corrumperetur,
3031 5323 3290 5395 primum
3338 5324 3571 5393 propter
3623 5319 3710 5375 illi

2089 5419 2206 5475 cita
2249 5416 2771 5490 intempestivaque
2835 5412 3096 5470 convivia
3158 5410 3475 5483 pradatum
3525 5410 3596 5466 ab
3647 5411 3731 5466 eis

2089 5497 2341 5564 ducitur,
2373 5514 2439 5555 ac
2470 5513 2601 5554 mox
2632 5497 2842 5552 iterum
2891 5511 2957 5550 ac
2995 5491 3164 5549 tertio
3219 5491 3288 5547 ad
3347 5493 3735 5564 perpetranda

2091 5585 2375 5643 maleﬁcia
2416 5586 2713 5642 invitatur.
2775 5583 2991 5640 Deinde
3045 5597 3180 5638 vero
3211 5595 3322 5652 quo
3355 5579 3608 5652 longius,
3665 5595 3734 5636 eo

2089 5691 2320 5752 quoque
2343 5677 2529 5750 magis
2548 5673 2864 5734 sceleribus
2885 5676 3061 5748 atque
3081 5669 3320 5744 ﬂagitiis
3347 5671 3735 5742 assuefactus,
