4070 6274
421 326 537 389 871

1712 313 2135 377 NICEPHORI
2178 306 2527 372 CALLISTI

3705 314 3830 379 8‘12

422 457 667 531 perinde
693 460 868 529 atque
894 468 1081 525 equus
1109 452 1389 509 robustus
1420 450 1664 507 frasnum
1708 449 1982 506 mordens
2011 445 2071 503 in

2196 439 2518 505 ἆπόστολος.
2554 444 2719 531 "Ave
2747 440 2825 512 δὴ
2846 487 2860 512 ,
2889 446 2968 516 τῷ
2997 440 3270 518 ἐπισκόκῳ
3300 442 3426 524 ἔφη,
3456 446 3535 517 ἢν
3564 468 3670 503 σοι
3707 470 3833 505 πα-

424 548 768 605 barathrum
801 546 1000 601 fertur.
1036 545 1260 597 Etcum
1289 542 1413 613 jam
1454 556 1557 612 spe
1616 538 1775 594 omni
1840 536 2077 593 meliore

425 636 756 704 excidisset,
812 633 1177 703 salutemque
1240 631 1367 703 ipse
1413 644 1580 686 suam
1640 626 2076 699 complorasset,

425 727 720 783 latronum
754 724 1211 797 prmdonumque
1267 718 1670 792 complectitur
1697 720 1884 783 vitam,
1919 715 2080 787 ipse—

427 831 539 889 que
569 816 711 872 adeo
742 811 1142 869 maleﬁcorum
1168 808 1470 881 manipulo
1501 825 1536 864 a
1565 823 1627 863 se
1656 805 1902 863 collecto
1942 809 2038 860 tan
2058 833 2076 845 -

430 920 606 977 quam
650 904 767 958 dux
823 904 1075 973 praeest:
1118 902 1176 955 et
1233 898 1375 954 alios
1425 897 1653 953 feritate
1718 895 2078 966 mediumque

431 992 797 1049 immanitate
827 990 995 1062 longe
1054 1003 1362 1062 superans,
1386 987 1673 1058 impetum
1720 985 1970 1041 subinde
2018 984 2075 1039 in

426 1084 698 1151 viatores,
765 1098 831 1139 ex
888 1079 1204 1153 improviso
1236 1077 1478 1134 factitat.
1537 1076 1912 1133 Intercedunt
1939 1073 2076 1129 anni

430 1174 676 1246 aliquot,
726 1177 782 1229 et
826 1171 1119 1244 apostolus
1166 1184 1400 1225 rursum
1456 1166 1539 1222 ibi
1595 1167 1783 1222 adest.
1845 1164 1954 1229 Qui
2006 1165 2076 1220 ad

427 1263 817 1335 episcopum:
878 1261 1005 1332 Age,
1063 1259 1275 1330 inquit,
1320 1256 1461 1329 quod
1522 1256 1631 1313 tibi
1684 1254 1898 1310 Christo
1950 1257 2082 1310 teste

422 1353 699 1421 advocato,
737 1349 972 1421 credidi,
1022 1348 1168 1405 mihi
1196 1346 1500 1419 depositum
1557 1344 1745 1401 redde.
1798 1344 1947 1400 201
1995 1342 2078 1399 Ibi

426 1442 525 1499 ille
555 1440 933 1513 obstupescit,
969 1436 1394 1511 pecuniamque
1423 1453 1457 1491 a
1487 1450 1572 1504 se,
1605 1449 1781 1506 quam
1836 1448 1956 1489 non
1990 1448 2082 1487 ac-

433 1531 706 1603 cepisset,
746 1546 849 1602 per
904 1527 1349 1600 sycophantiam
1427 1524 1575 1596 exigi
1637 1525 1820 1594 putat.
1881 1520 2077 1576 Fidem

433 1621 589 1675 certe
608 1616 844 1690 quidem
881 1613 1090 1670 Joanni
1140 1611 1356 1668 dicenti
1406 1626 1521 1666 non
1579 1608 1812 1674 habere,
1845 1622 2081 1679 prorsus

435 1725 551 1764 non
573 1706 813 1762 licebat:
840 1717 1025 1775 neque
1048 1717 1250 1757 rursus
1282 1700 1350 1755 ad
1383 1715 1451 1755 ea
1480 1698 1792 1764 credenda,
1830 1712 2078 1768 quorum

2186 533 2657 603 ρακαταθήκην
2706 530 2813 587 ἐπὶ
2867 533 3154 609 μάρτυρι
3199 539 3291 608 τῷ
3331 541 3597 610 Χριστῷ
3642 559 3825 594 κατε.

2186 622 2531 693 πίστευσα,
2577 620 2827 685 ἀπόδος
2859 625 3046 697 ἡμῖν.
3078 626 3141 681 Ὁ
3171 622 3218 680 δ’
3247 624 3631 699 ἐξεπλήττετο,
3679 631 3829 704 χρή-

2190 732 2331 784 ματα
2371 710 2624 784 οἰόμενος
2673 710 2706 765 ἃ
2762 711 2861 767 οὐκ
2916 708 3078 768 ἔλαϐε
3135 718 3602 794 συκοφαντεῖσθαι.
3663 719 3829 775 Ἀπε-

2188 806 2328 855 στεῖν
2384 802 2478 874 μὲν
2543 800 2636 855 οὖν
2688 805 2770 873 τῷ
2828 803 3050 876 Ἰωάννῃ
3107 801 3321 881 λέγοντι
3371 804 3473 862 οὐκ
3524 805 3651 877 ἐνῆν
3698 807 3827 863 ἀλλ’

2187 888 2312 945 οὐδὲ
2358 889 2627 945 πιστεύειν
2666 890 2833 946 πάλιν
2884 893 3038 967 εἶχεν
3089 895 3173 956 οἷς
3222 895 3286 949 οὐ
3333 894 3685 971 συνέγνωκεν.
3738 900 3826 960 Ὦς

2187 977 2244 1035 δὲ
2271 980 2362 1034 τὸν
2399 980 2675 1035 νεανίσκον
2718 979 2820 1058 ἔφη
2872 981 2962 1035 καὶ
3011 984 3111 1052 τήν
3161 983 3326 1039 αὐτοῦ
3370 987 3586 1059 ψυχὴν,
3641 987 3823 1061 βύθιόν

2184 1090 2237 1124 τι
2292 1070 2535 1142 στενάξας
2590 1071 2679 1124 καὶ
2741 1066 3123 1145 ἐπιδακρύσας,
3183 1071 3384 1142 Πάλαι,
3445 1074 3636 1152 φησὶν,
3687 1074 3825 1131 ἐκεῖ·

2186 1180 2273 1220 νος
2329 1159 2606 1229 τέθνηκεν.
2696 1159 2939 1231 Ἐξώλης
3012 1160 3113 1237 γάρ
3162 1183 3246 1225 τις
3316 1162 3406 1219 καὶ
3461 1164 3826 1237 παμπόνηρος

2186 1247 2391 1323 ἐγένετο
2422 1247 2707 1323 ἅνθρωπος
2732 1268 2744 1280 ·
2779 1247 2869 1304 καὶ
2903 1246 2974 1303 ’ἶν’
3014 1249 3121 1321 ἐρῶ
3170 1272 3256 1306 σοι
3304 1251 3366 1307 τὸ
3395 1252 3697 1331 κεφάλαιον
3730 1258 3826 1308 τῶν

2185 1337 2387 1407 κακῶν,
2418 1336 2631 1410 λῃστής
2655 1356 2667 1369 ’
2699 1336 2788 1392 καὶ
2817 1338 2916 1406 τὴν
2967 1336 3294 1411 Ἐκκλησίαν
3343 1339 3523 1396 λιπὼν
3569 1338 3820 1416 λῃστερι·

2187 1430 2288 1480 κοῦ
2344 1446 2491 1488 τινος
2545 1426 2812 1501 ἐξηγεῖται
2860 1428 3233 1504 συντάγματος
3274 1431 3339 1485 τὸ
3384 1427 3519 1505 ὅρος
3563 1432 3823 1503 κατειλη-

2188 1515 2327 1586 φώς.
2384 1512 2783 1590 Καταῤῥήσσων
2834 1513 2892 1571 δὲ
2936 1519 3038 1586 τὴν
3086 1516 3280 1588 ἐσθῆτα
3310 1521 3340 1575 ό
3369 1519 3703 1589 ἀπόστολος,
3751 1521 3825 1576 οἱ·

2193 1608 2352 1680 μωγῇ
2383 1625 2441 1659 τε
2480 1602 2668 1679 πολλῇ
2697 1606 2795 1675 τήν
2845 1605 3092 1681 κεφαλὴν
3133 1608 3327 1683 τύψας,
3361 1610 3714 1684 Πρέποντά
3759 1629 3825 1684 γε

2190 1693 2450 1772 φύλακα
2488 1701 2609 1765 τῆς
2653 1700 2770 1751 τοῦ
2814 1695 3107 1774 ἀδελφοῦ
3155 1701 3378 1774 ψυχῆς
3421 1699 3823 1770 κατέστησα.

430 1796 539 1853 sibi
572 1796 843 1852 conscius
868 1809 983 1848 non
1015 1794 1190 1855 esset,
1222 1787 1421 1845 induci
1483 1790 1724 1859 poterat.
1767 1785 1840 1841 Ut
1885 1789 2075 1840 autem

2196 1782 2384 1840 Ἀλλ’
2408 1783 2612 1846 ’ίππος
2645 1782 2772 1854 ἤδη
2806 1786 3138 1861 παρέστω,
3170 1788 3276 1842 καὶ
3307 1791 3577 1863 ἡγεμών
3610 1811 3713 1851 τις
3742 1809 3826 1863 γε·

435 1884 856 1942 adolescentem
888 1880 1008 1948 ille,
1041 1879 1419 1949 animamque
1447 1878 1575 1948 ejus
1613 1876 1939 1948 ﬂagitabat,
1970 1874 2083 1930 alte

2196 1875 2394 1928 νὲσθω
2429 1895 2539 1942 μοι
2568 1881 2688 1943 τῆς
2714 1872 2904 1931 ὀδοῦ.
2940 1877 3044 1932 Καὶ
3074 1877 3228 1941 εὐθὺς
3258 1877 3478 1934 αὐτόθεν
3500 1874 3824 1949 ἕλαυνε,τὴν

435 1972 751 2030 admodum
785 1968 1039 2038 suspirio
1070 1969 1242 2023 ducto
1265 1967 1638 2038 illacrymans
1661 1980 1674 2018 :
1696 1964 2082 2031 Jamdudum,

432 2062 649 2132 inquit,
675 2058 773 2114 ille
807 2062 1075 2113 mortuus
1107 2059 1234 2125 est;
1264 2056 1525 2126 perditus
1581 2053 1756 2120 enim,
1789 2059 1844 2107 et
1891 2053 2084 2107 modis

434 2148 711 2207 omnibus
741 2145 1101 2218 perniciosus
1141 2144 1310 2200 homo
1338 2143 1540 2211 evasit,
1570 2146 1626 2197 et
1657 2145 1721 2197 ut
1749 2144 1925 2213 caput
1979 2140 2085 2196 tibi

436 2238 722 2297 malorum
755 2239 883 2309 ejus
933 2236 1203 2304 indicem,
1236 2233 1427 2304 praedo
1462 2247 1637 2287 :nam
1694 2229 1948 2287 Ecclesia
1995 2245 2082 2285 re-

431 2329 592 2397 licta,
613 2330 671 2384 et
690 2329 887 2383 monte
918 2325 1171 2396 quodam
1200 2325 1504 2394 occupato,
1537 2319 1874 2391 praedonum
1924 2318 2086 2375 ducit

437 2433 705 2474 manum.
735 2416 884 2471 Tum
921 2411 1218 2487 apostolus
1247 2415 1406 2469 veste
1434 2410 1640 2476 acissa,
1664 2416 1719 2466 et
1765 2409 1952 2481 capite
1977 2423 2085 2465 suo

433 2522 567 2563 cum
597 2506 818 2577 ejulatu
848 2508 905 2560 et
944 2502 1183 2576 planctu
1242 2500 1426 2557 multo
1477 2498 1706 2572 pulsato
1739 2515 1752 2555 :
1797 2498 2084 2570 Egregium

432 2612 572 2652 sane
609 2593 903 2659 custodem,
936 2591 1148 2663 inquit,
1186 2593 1391 2647 animae
1434 2590 1628 2659 fratri:
1672 2588 1949 2644 constitui.
1981 2588 2086 2645 Sed

433 2699 603 2756 equus
653 2682 793 2738 mihi
857 2680 1037 2751 detur,
1084 2683 1135 2735 et
1183 2677 1301 2735 dux
1363 2677 1584 2733 itineris
1644 2677 1854 2749 aliquis
1918 2675 2083 2732 adsit.

436 2772 753 2830 Confestim
804 2771 1000 2842 itaque
1032 2784 1101 2824 ex
1130 2784 1197 2824 eo
1226 2769 1353 2823 loco
1382 2767 1455 2823 ab
1487 2765 1732 2824 ecclesia
1758 2765 1841 2820 ire
1870 2765 2085 2838 pergit:

438 2867 495 2919 et
525 2878 657 2918 cum
682 2862 753 2918 ad
776 2861 1070 2933 regionem
1103 2858 1469 2927 designatum
1504 2854 1876 2927 pervenisset,
1898 2855 1970 2911 ab
1991 2871 2087 2911 ex.

440 2950 833 3023 ploratoribus
869 2948 1027 3003 illius
1072 2944 1611 3017 comprehenditur,
1652 2959 1840 3014 neque
1897 2943 2091 3015 fugere

439 3039 703 3111 cupiens,
738 3052 924 3108 neque
954 3035 1275 3107 quidquam
1308 3033 1645 3103 deprecans.
1677 3031 1822 3096 Quin
1850 3031 1969 3088 imo
2023 3049 2091 3089 ea

2193 1961 2482 2034 ἐκκλησίαν
2524 1963 2700 2019 λιπών
2728 1984 2740 1995 ·
2782 1963 2871 2019 καὶ
2920 1966 3121 2045 φθάσας
3167 1969 3260 2022 τὸν
3309 1972 3514 2046 χῶρον,
3569 1970 3673 2024 ὑπὸ
3719 1974 3820 2022 τῶν

2194 2051 2449 2128 όπτήρων
2524 2052 2730 2107 ἐκείνου
2801 2051 3278 2127 καταλαμϐάνεται
3310 2074 3324 2089 ⁶
3378 2059 3520 2131 μήτε
3593 2059 3819 2133 φεύγων,

2198 2143 2338 2213 μήτε
2396 2143 2505 2214 μην
2559 2142 3013 2216 παραιτούμενος,
3070 2142 3198 2201 ἀλλ’
3252 2143 3341 2200 ἐπὶ
3387 2145 3569 2218 τούτῳ
3615 2145 3823 2221 φάσκων

2195 2228 2561 2302 ἐληλυθέναι·
2619 2233 2710 2287 καί
2764 2234 2813 2307 γ’
2871 2233 2958 2288 ἐπὶ
3015 2234 3108 2290 τὸν
3161 2234 3404 2311 ἄρχοντα
3477 2241 3627 2314 σφῶν
3681 2236 3824 2311 ἄγειν

2195 2319 2588 2396 προύτρέπετο,
2615 2321 2672 2374 Ὀ
2704 2319 2761 2376 δὲ
2787 2322 2922 2385 τέως
2957 2324 3074 2395 μὲν,
3108 2323 3286 2398 ὥσπερ
3316 2320 3515 2401 ἔλαχεν
3547 2325 3825 2398 ὡπλισμέ-

2197 2429 2311 2477 νος,
2343 2407 2546 2471 ἐνόδιος
2570 2408 2762 2467 ’ίστατο
2786 2431 2799 2444 ·
2833 2412 2907 2474 ὡς
2939 2408 2996 2465 δέ
3025 2413 3142 2467 κατ’
3182 2411 3373 2489 ὀλίγον
3413 2415 3713 2489 προσιόντα
3738 2415 3823 2470 τὸν

2198 2499 2454 2570 Ἰωάννην
2485 2498 2795 2574 ἐγίνωσκεν,
2846 2501 2902 2555 οἴ
2936 2499 3142 2580 τάχοτς
3194 2502 3360 2578 εἶχεν,
3412 2498 3631 2559 ὄπισθεν
3663 2503 3823 2573 ἤλαυο

2198 2608 2272 2647 νε.
2324 2588 2422 2643 Καὶ
2472 2589 2532 2650 ’ὀς
2578 2588 2806 2645 κατόπιν
2851 2590 2880 2644 ὁ
2929 2590 3187 2661 Ἰωάννης
3245 2588 3488 2661 ἐδίωκεν,
3539 2592 3824 2668 ἀνακρεὴος

2196 2682 2295 2734 τοῦ
2324 2679 2510 2754 γήρως
2558 2676 2647 2733 καὶ
2694 2683 2804 2734 τῶν
2852 2675 3041 2734 ἄλλῶν
3088 2678 3505 2755 ἐπιλαθόμενος,
3560 2682 3701 2758 μέγα
3745 2682 3822 2738 καὶ

2201 2765 2448 2823 διάτοθον
2476 2764 2705 2837 ἐκϐοων,
2737 2767 2807 2822 Τί
2839 2788 2917 2842 με
2946 2768 3222 2846 φεύγεις
3255 2771 3366 2826 τὸν
3393 2770 3698 2846 γέροντα,
3724 2773 3820 2827 τὸν

2200 2861 2444 2913 σαυτοῦ
2473 2856 3017 2932 πατέρα,τὲκνον,
3048 2859 3158 2913 τὸν
3191 2860 3444 2934 γυμνόν
3472 2880 3542 2915 τε
3591 2862 3693 2916 καὶ
3727 2860 3821 2916 ἆο-

2198 2947 2366 3002 πλον
2395 2966 2408 3017 ;
2442 2947 2541 3015 Μή
2574 2941 2778 3024 φόϐος
2811 2947 3107 3003 ὖπὲστω·
3142 2943 3239 3003 ἔτι
3272 2968 3377 3003 σοι
3421 2951 3603 3018 ζωῆς
3638 2949 3811 3010 ἐλπίς

2201 3032 2481 3092 ἔνεστιν.
2514 3036 2688 3110 Ἐγὼ
2718 3037 2826 3091 τὸν
2859 3036 3017 3112 ὑπὲρ
3049 3040 3162 3091 σοῦ
3193 3037 3390 3111 λόγον
3423 3035 3614 3094 δώσω
3638 3039 3809 3113 Χρισ-

441 3132 513 3186 de
542 3144 724 3185 causa
742 3127 972 3182 venisse
999 3141 1064 3181 se
1093 3123 1253 3193 dicit,
1287 3139 1462 3194 seque
1491 3123 1563 3178 ad
1621 3122 1830 3177 ducem
1888 3137 2086 3178 eorum

2201 3130 2314 3198 τῷ·
2350 3126 2401 3181 εἰ
2430 3123 2567 3179 δὲοι
2599 3122 2697 3194 δὲ,
2728 3125 2836 3180 καὶ
2869 3127 3076 3196 αὐτὴν
3109 3128 3328 3202 ψυχὴν
3359 3128 3523 3202 ὑπὲρ
3570 3135 3689 3199 τῆς
3718 3135 3815 3198 σῆς

445 3216 657 3275 deduci
686 3213 853 3289 petit.
887 3213 991 3270 Ille
1013 3229 1182 3284 porro
1215 3218 1338 3266 tum
1388 3212 1474 3266 ita
1506 3211 1673 3279 forte,
1706 3214 1771 3265 ut
1827 3214 2086 3268 armatus

2197 3217 2589 3290 προήσομαι
2635 3234 2955 3290 ταχιστα.
2990 3217 3198 3286 Στῆθι
3247 3216 3355 3272 καὶ
3404 3218 3704 3287 πίστευε,
3749 3219 3817 3279 ὡς

445 3310 590 3376 erat,
621 3305 684 3362 in
713 3303 806 3360 via
834 3302 1046 3359 stabat.
1079 3301 1147 3358 Ut
1179 3303 1374 3357 autem
1402 3300 1686 3357 Joannem
1720 3300 1995 3371 paulatim
2019 3302 2092 3358 ad

454 3412 518 3456 se
546 3394 873 3453 venientem
901 3390 1194 3461 cognovit,
1229 3406 1405 3461 quam
1437 3388 1740 3445 celerrime
1769 3392 1956 3460 potest
2007 3405 2092 3446 re-

452 3483 694 3543 trocedit
737 3482 995 3539 Joannes
1052 3483 1247 3536 autem
1301 3482 1542 3535 senecta:
1593 3493 1732 3548 suae,
1785 3493 2093 3551 rerumque

451 3574 696 3632 aliarum
738 3571 1001 3628 omnium
1059 3569 1301 3635 oblitus,
1331 3567 1498 3623 illum
1558 3567 1956 3639 consequitur,
2008 3569 2094 3625 in-

437 3664 597 3737 genti
630 3676 769 3718 voce
801 3659 955 3716 clare
986 3657 1311 3714 inclamans
1337 3673 1351 3713 :
1385 3656 1527 3720 Quid
1554 3672 1641 3712 me
1674 3656 1848 3729 fugis,
1870 3658 2093 3729 juvenis

436 3769 646 3820 senem,
683 3755 913 3823 patrem
973 3758 1150 3815 tuum,
1205 3747 1314 3818 ﬁli,
1361 3745 1574 3802 nudum
1609 3750 1771 3818 atque
1821 3747 2091 3804 inermem

435 3845 687 3896 armatu:
714 3841 992 3910 fracesset
1066 3841 1276 3892 metus!
1304 3836 1480 3892 adhuc
1519 3836 1628 3891 tibi
1658 3837 1795 3892 vitae
1838 3852 1958 3907 spes
2016 3844 2094 3892 est

438 3930 668 4000 reliqua.
720 3929 828 3998 Ego
868 3942 966 3999 pro
1003 3931 1054 3981 te
1101 3926 1310 3981 Christo
1355 3925 1632 3981 rationem
1696 3925 1920 3981 reddam
1965 3942 1978 3980 :
2019 3924 2089 3981 ad

440 4020 491 4074 si
546 4032 679 4088 opus
718 4016 913 4084 fuerit,
944 4016 1063 4084 ipse
1121 4030 1217 4085 pro
1257 4020 1350 4069 tua
1393 4015 1642 4069 animam
1684 4030 1860 4069 meam
1903 4017 2090 4069 statim

442 4105 761 4177 proficiam.
828 4103 1092 4170 Consiste,
1142 4117 1392 4172 mequea
1441 4101 1653 4157 Christo
1710 4104 1936 4158 missum
1989 4102 2091 4158 tibi

440 4195 618 4251 crede.
674 4193 823 4248 Tum
884 4191 1001 4260 ille,
1035 4191 1125 4246 his
1184 4191 1424 4259 auditis,
1480 4191 1737 4261 primum
1796 4192 2088 4263 consistit,

444 4282 629 4341 oculis
671 4281 733 4337 in
765 4285 980 4336 terram
1013 4279 1286 4337 demissis
1317 4293 1329 4333 :
1364 4278 1576 4335 deinde
1616 4294 1774 4335 arma
1831 4280 2087 4353 deponit,

442 4389 508 4429 ac
537 4376 789 4428 tremore
820 4368 1004 4425 multo
1025 4371 1325 4440 correptus
1374 4367 1751 4425 acerbissime
1804 4369 2087 4426 lamenta-

442 4467 578 4520 tur:
640 4459 1126 4530 accedentemque
1174 4456 1576 4528 complectitur
1622 4458 1975 4530 apostolum,
2034 4464 2093 4516 et

2201 3303 2493 3379 Χριστός
2526 3326 2603 3378 με
2639 3302 3068 3362 ἀπέστειλεν.
3104 3306 3160 3360 '0
3209 3302 3267 3360 δὲ
3312 3305 3522 3361 τούτων
3578 3306 3814 3377 ἀκούσας,

2199 3398 2390 3468 πρῶτα
2423 3395 2517 3468 μὲν
2548 3391 2672 3464 ἔστη
2705 3395 2854 3450 κάτω
2903 3393 3124 3469 βλέπων
3150 3413 3163 3428 ⁸
3197 3394 3312 3450 εἶτα
3358 3396 3427 3451 τὰ
3468 3393 3618 3451 ὅπλα
3657 3414 3816 3471 περιε-

2201 3482 2356 3539 δύετο
2378 3502 2390 3514 ⁸
2423 3482 2513 3538 καὶ
2543 3483 2737 3558 τρόμῳ
2766 3482 2966 3555 πολλῷ
3013 3483 3401 3558 συνεχόμενος,
3432 3489 3647 3559 πικρῶς
3689 3484 3822 3539 ἂνω-

2201 3572 2412 3649 ὃόρετο.
2446 3573 2749 3646 Προσιόντα
2780 3570 2839 3627 δὲ
2868 3569 3160 3649 περιέϐαλε
3186 3573 3280 3629 τὸν
3320 3572 3652 3643 ἀπόστολον,
3684 3573 3757 3637 ὥς
3779 3575 3821 3648 γ’

2201 3664 2316 3719 ἐνὸν
2355 3667 2472 3725 τοῖς
2518 3660 2740 3736 δάκρυσι
2790 3662 3246 3737 παραιτούμενος,
3295 3664 3385 3719 καὶ
3436 3662 3569 3737 γόνυ
3614 3664 3819 3731 κλίνων,

2203 3754 2377 3825 μόνην
2406 3756 2620 3827 συνεῖχε
2645 3755 2724 3824 τῷ
2748 3750 2946 3825 κόλπῳ
2984 3754 3084 3823 τήν
3131 3749 3326 3826 δεξιάν.
3358 3753 3422 3810 Ὁ
3450 3749 3498 3808 δ’
3527 3751 3821 3826 ἐπομνύμε-

2198 3864 2306 3911 νος,
2349 3845 2692 3916 κατηγγυᾶτο
2737 3842 2837 3911 τὴν
2889 3841 3185 3915 σωτηρίαν,
3235 3841 3324 3897 καὶ
3355 3842 3429 3904 ὡς
3459 3844 3646 3921 ἄφεσις
3691 3842 3822 3912 αὖτῷ

2198 3934 2344 4008 παρὰ
2368 3937 2465 3987 τοῦ
2499 3931 2759 4004 Σωτῆρός
2789 3928 2922 3987 ἐστι.
2953 3931 3050 3985 Καὶ
3080 3933 3182 4000 τήν
3212 3952 3272 4004 γε
3302 3928 3475 4002 δεξιὰν
3526 3931 3730 3986 ἐκείνου
3755 3932 3820 3991 ὡς

2196 4025 2264 4095 τῇ
2297 4019 2553 4095 μετανοίᾳ
2580 4018 2980 4095 κεκαθαρμένην
3013 4018 3352 4099 καταφιλῶν,
3382 4019 3470 4075 ἐπὶ
3500 4023 3602 4092 τήν
3632 4018 3819 4092 ἔκκλη-

2200 4110 2319 4167 σίαν
2374 4108 2579 4187 ἤγαγεν
2639 4108 2808 4172 αὖθις.
2870 4109 3024 4184 Εύχῇ
3098 4115 3389 4186 τοιγαροῦν
3452 4109 3674 4185 δαψιλεῖ
3738 4109 3819 4165 καὶ

2201 4205 2418 4275 συνεχεῖ
2470 4203 2541 4273 τῇ
2597 4197 2818 4270 νηστείᾳ
2872 4199 3052 4272 τούτῳ
3116 4198 3355 4272 μάλιστα
3429 4200 3816 4276 συναιρόμενος,

2196 4293 2265 4365 τῇ
2303 4311 2363 4346 τε
2415 4287 2645 4364 γλυκείᾳ
2685 4291 2793 4344 τῶν
2845 4286 3030 4363 λόγων
3082 4295 3287 4363 σειρῆνι
3335 4290 3398 4345 τὸ
3446 4286 3683 4346 οἶδαῖνον
3727 4296 3818 4358 τῆς

2197 4382 2383 4454 ψυχῆς
2412 4377 2580 4434 αὐτοῦ
2626 4375 2964 4449 κατεπᾴδων,
3015 4376 3078 4431 οὐ
3108 4376 3371 4453 πρότερον
3419 4376 3619 4434 ἔκεῖθεν
3667 4376 3816 4453 ἐξῄει,

2197 4468 2324 4544 πρὶν
2355 4470 2391 4539 ἢ
2420 4467 2655 4542 στεῤῥῶς
2702 4466 2860 4523 αὐτὸν
2910 4463 3197 4537 ἐπιστῆσαι
3234 4470 3306 4541 τῇ
3338 4465 3606 4540 ἐκκλησίᾳ
3630 4486 3644 4501 ⁸
3696 4466 3818 4543 μὲγα

443 4551 745 4625 lacrymis,
795 4549 952 4621 quod
1010 4547 1215 4620 potuit,
1271 4563 1482 4604 noxam
1533 4547 1896 4621 deprecatur,
1929 4550 2086 4621 geni-

2203 4562 2364 4614 τοῦτο
2451 4556 2736 4630 μετανοίας
2808 4554 2993 4618 διδοὺς
3075 4553 3392 4627 ἐκκλησίαις
3463 4555 3816 4633 παράδειγμα,

442 4645 672 4714 basque
700 4638 864 4696 ﬂexis
893 4639 1188 4695 dexteram
1222 4637 1410 4694 solam
1440 4637 1568 4693 sinu
1620 4636 1904 4695 cohibuit.
1937 4641 2088 4697 Tum

443 4735 698 4789 Joannes
754 4726 1139 4799 jurejurando
1208 4726 1424 4799 addito,
1483 4726 1754 4795 salutem,
1816 4744 2091 4802 coxaeque

445 4818 850 4877 remissionem
881 4815 967 4872 illi
995 4832 1030 4871 a
1059 4815 1365 4872 Servatore
1421 4814 1725 4887 pollicetur
1757 4832 1772 4872 :
1830 4816 2090 4876 dextram

443 4914 571 4985 ejus
611 4925 713 4982 per
770 4906 1172 4980 pcenitentiam
1212 4907 1336 4978 jam
1384 4906 1671 4977 expiatam
1704 4906 2092 4966 deosculatur.

446 5014 700 5072 eumque
728 4997 789 5053 in
820 4995 1123 5053 ecclesiam
1156 4995 1402 5052 reducit.
1420 4994 1503 5050 Ibi
1538 4995 1937 5066 frequentibus
1966 5013 2096 5054 ora-

445 5089 728 5147 tionibus,
781 5083 1141 5157 jejuniisque
1197 5082 1489 5140 continuis
1538 5099 1672 5139 cum
1740 5099 1809 5141 eo
1863 5100 2092 5156 vacans,

444 5180 727 5250 suavique
755 5174 1060 5232 verborum
1104 5173 1307 5229 Sirene
1356 5178 1640 5229 tumorem
1681 5173 1890 5232 animat
1934 5176 2097 5235 illius

447 5276 723 5342 tanquam
754 5262 1150 5320 incantationc
1179 5278 1415 5330 curans,
1434 5278 1550 5319 non
1584 5261 1746 5333 prius
1776 5278 1845 5320 ex
1870 5280 1938 5322 eo
1970 5267 2096 5325 loco

448 5359 611 5426 abiit,
668 5369 848 5429 quam
905 5351 1193 5409 valentem
1254 5351 1420 5409 illum
1479 5356 1537 5408 et
1584 5351 1823 5408 firmum
1886 5371 2093 5427 prorsu

444 5444 718 5505 Ecclesiae
744 5440 1021 5498 restituit.
1051 5439 1203 5498 208
1235 5439 1513 5511 Magnum
1559 5439 1967 5502 mediusfidius
1998 5447 2096 5503 ille

446 5538 561 5597 hoc
589 5529 848 5590 ecclesiis
878 5528 1232 5600 pmnitentiae
1277 5529 1592 5601 specimen,
1613 5527 2097 5600 pulcherrimum-

450 5638 568 5700 quo
625 5618 1079 5692 regenerationis
1138 5617 1495 5690 exemplum,
1549 5621 1725 5690 atque
1781 5622 1922 5681 adeo
1972 5632 2094 5689 tro-

2199 4647 2485 4725 γνώρισμά
2539 4666 2598 4701 τε
2637 4643 2933 4701 κάλλιστον
2975 4644 3414 4721 παλιγγενεσίας,
3458 4645 3549 4701 καὶ
3580 4647 3819 4719 τρόπαιον

2200 4736 2536 4798 ἂναστάσεως
2584 4734 2691 4809 πρὸ
2744 4736 2845 4800 τῆς
2904 4739 3091 4805 κοινῆς
3150 4734 3432 4809 ὁρώμενον
3477 4734 3816 4797 ἀναστάσεως.

2200 4828 2382 4885 Ταῦτα
2424 4823 2665 4897 Κλήμης
2698 4823 2727 4878 ὁ
2768 4823 3121 4898 στρωματεὺς
3159 4821 3211 4878 ἒν
3247 4827 3351 4896 τῷ,
3398 4824 3509 4886 Τίς
3554 4826 3583 4879 ὁ
3632 4831 3818 4894 σωζο-

2206 4934 2398 4989 μενος
2430 4911 2787 4979 πλούσιος,
2821 4913 3209 4989 συγγράμματι
3254 4913 3667 4988 καθιστόρησεν.
3699 4913 3818 4988 Ἐγὼ

2204 5001 2252 5058 δ’
2289 5002 2514 5059 ἐνταῦθα
2554 5002 2864 5076 γενόμενος,
2917 4998 3026 5057 δεῖν
3056 5002 3222 5076 οἶμαι
3270 5003 3358 5057 καὶ
3397 5003 3493 5057 τὸν
3541 5006 3645 5069 τῆς
3692 5003 3819 5078 ἱερᾶς

2207 5095 2578 5170 μεταστάσεως
2634 5093 2838 5168 τρόπον
2901 5096 3000 5148 τοῦ
3063 5092 3209 5148 θείου
3265 5090 3577 5148 ἀποστόλου
3644 5094 3820 5149 τούτου

2203 5183 2661 5258 ἐπισημήνασθαι.
2723 5186 2814 5245 Ὠς
2856 5181 2964 5257 γὰρ
3006 5178 3115 5253 ἤδη
3170 5183 3270 5251 τήν
3314 5183 3451 5258 πρὸς
3500 5182 3634 5238 Θεὸν
3678 5179 3820 5253 ἔκδη-

2207 5274 2332 5348 μίαν
2378 5272 2545 5328 αὐτοῦ
2594 5268 2790 5328 ἄνωθεν
2847 5268 3174 5348 προδιέγνω,
3230 5271 3331 5341 τὴν
3378 5291 3437 5328 τε
3483 5273 3694 5348 ἡμέραν
3746 5272 3820 5326 καὶ

2204 5362 2373 5438 ὥραν,
2429 5361 2556 5423 τοὺς
2616 5361 2779 5434 ¹ἱερεῖς
2829 5360 2919 5416 καὶ
2978 5359 3333 5437 λειτουργοὺς
3379 5367 3481 5430 τῆς
3546 5360 3821 5431 ἔκκλησίας

2204 5445 2561 5529 παραλαϐὼν,
2592 5448 2682 5504 καὶ
2725 5447 2844 5504 ὅσοι
2873 5447 3048 5504 πίστει
3092 5451 3297 5519 ζέοντες
3342 5450 3477 5519 ἦσαν
3524 5455 3634 5506 τῶν
3681 5447 3822 5505 ἀδελ-

2204 5545 2344 5616 φῶν,
2392 5534 2494 5611 ἔξω
2539 5544 2639 5608 τῆς
2685 5537 2943 5616 Ἐφεσίων
2992 5536 3208 5600 πόλεως
3258 5540 3501 5615 γίνεται·
3543 5536 3635 5595 ἒπί
3680 5560 3731 5594 τι
3773 5535 3820 5592 δὲ

2203 5635 2311 5688 τῶν
2377 5628 2694 5707 ἀγχιθύρων
2755 5628 3040 5708 γεώλόφον
3088 5627 3282 5693 εἰωθός
3325 5629 3386 5689 ὃν
3432 5626 3626 5706 ἐκείνῷ
3669 5627 3818 5686 Ensis:
