4070 6274
198 323 327 383 873

1215 331 1844 398 ECCLESIASTICAE
1886 329 2283 393 HISTORIIE
2324 331 2474 394 LIB.
2523 331 2600 394 ΙΙ.

3484 342 3604 404 874

200 458 272 530 δή
321 457 692 534 παραϐάλλειν
741 482 798 518 τε
844 461 934 518 καὶ
977 468 1396 544 προσεύχεσθαι,
1431 471 1549 544 μεθ’
1588 471 1660 524 ὧν
1696 468 1847 544 ε’ίρη-

1968 481 2151 536 pisum
2185 465 2648 522 resuscitationis
2670 469 2844 540 atque
2868 468 3256 530 restitutionis
3280 442 3410 530 ante
3438 491 3606 532 eom-

199 571 290 604 ται
343 545 564 622 ἀναϐάς,
596 557 663 625 τῇ
713 551 848 627 εὐχῇ
901 553 1146 618 σύντονος
1193 558 1417 632 γίνεται,
1462 562 1552 615 καί
1598 561 1690 624 τὰς
1749 560 1844 616 ἐκ·

196 638 434 710 πλησίας
466 641 691 695 ἀνετίθει
733 647 866 714 Θεῷ.
920 643 1146 700 Σκαλίσι
1196 645 1251 702 δέ
1287 671 1395 704 τισι
1427 652 1513 706 καὶ
1568 649 1847 714 δικέλλαις

199 729 286 784 ὅτι
349 730 520 803 τάχος
569 729 875 804 ἀνορύττειν
938 742 1206 808 μνημεῖον
1277 738 1608 797 διεκελεύετο
1652 760 1665 772 ⁸
1734 747 1848 798 εἶτα

195 820 469 873 νουθετεῖν
523 816 752 893 ἤρχετο.
826 822 1091 898 Θεολογίᾳ
1163 827 1336 882 τοίνυν
1401 831 1489 884 καὶ
1548 832 1848 902 ὑποθήκαις

199 906 465 978 ἐξαισίαις
518 911 839 984 καταρτίσας
895 915 1020 970 Iob:
1078 916 1378 990 περιόντας,
1438 924 1505 992 τῇ
1564 943 1622 976 τε
1672 921 1849 978 πίστει

198 998 294 1052 καὶ
356 995 561 1070 ἑλπίδι,
603 997 910 1073 ἐπιμᾶλλον
969 1000 1024 1057 δὲ
1095 1009 1163 1070 τῆ
1232 1009 1434 1082 ἀγάπῃ,
1495 1011 1685 1085 οἷάπερ
1761 1011 1850 1066 καὶ

201 1087 586 1161 ἧγαπημένος,
641 1089 736 1150 τὰς
793 1087 1015 1146 ἐκείνων
1071 1092 1294 1168 καρδίας
1351 1095 1598 1172 ἔδρασας,
1641 1100 1850 1163 ἀναθεὶς

199 1197 261 1230 τε
319 1180 401 1248 τῷ
461 1184 680 1251 Σωτῆρι
739 1179 927 1254 Λόγῳ,
976 1182 1066 1236 καὶ
1119 1185 1214 1240 τὸτ
1259 1183 1309 1240 ἐν
1367 1187 1550 1263 Κυρίῳ
1626 1189 1849 1244 ὕσαττον

199 1266 490 1340 ἀσπασμὸν
535 1265 774 1336 ἐπιδοὺς,
829 1269 1014 1326 ἑαυτόν
1060 1294 1118 1327 τε
1165 1279 1234 1348 τῇ
1279 1280 1376 1331 τοῦ
1425 1283 1658 1352 σταυροῦ
1690 1301 1851 1357 σφρα-

201 1353 318 1430 γῖδι
385 1355 844 1435 ἀσφαλισάμενος,
906 1365 1122 1416 πάντων
1209 1365 1486 1438 ὁρώντων,
1549 1367 1734 1423 εἷ’σεισι
1789 1371 1850 1424 τὸ

199 1447 480 1517 τὶνημεῖον
531 1465 544 1477 ⁸
578 1445 779 1501 ἄνωθέν
829 1469 886 1503 τε
931 1451 1030 1518 τήν
1076 1451 1260 1507 πλάκα
1291 1455 1342 1508 οἱ
1395 1454 1654 1511 ἐπιθεῖναι
1688 1455 1854 1514 διεκε-

201 1533 416 1603 λεύετο,
468 1536 553 1590 καὶ
614 1537 994 1612 κραταιὸτερον
1061 1541 1453 1620 ἀσφαλίσασθαι
1508 1565 1520 1578 ·
1600 1547 1675 1609 εἰς
1750 1550 1849 1618 τήν

197 1625 324 1695 ἑξῆς
387 1621 444 1678 δὲ
503 1624 698 1694 ἰόντας,
756 1625 990 1702 ἀνοίγειν
1051 1651 1108 1684 τε
1153 1631 1217 1686 τὸ
1277 1639 1462 1707 μνῆμα
1519 1638 1605 1691 καὶ
1668 1642 1852 1715 σαφῶς

197 1707 407 1784 διορᾷν.
441 1713 497 1766 Ὀ
557 1714 650 1784 μὲν
708 1713 921 1790 οὗνζὼς
970 1724 1089 1780 τοῖς
1147 1719 1414 1800 ἐνταφίοις
1469 1725 1535 1793 ἧν
1587 1723 1852 1781 διεσκευα-

199 1803 420 1872 σμένος,
477 1804 677 1858 κατιών
706 1825 768 1879 γε
821 1805 884 1859 τὸ
942 1807 1160 1883 ὄρυγμα
1205 1811 1296 1866 καὶ
1353 1811 1649 1885 ἀναπεσὼν,
1696 1816 1854 1880 εὐθὺς

197 1889 289 1943 τὸν
347 1889 708 1968 ὀφειλόμενον
749 1893 915 1948 ὕπνον
965 1893 1198 1961 δικαίοις
1230 1902 1575 1976 κεκοίμηται,
1611 1904 1684 1967 εἰς
1721 1906 1852 1980 βαθὺ

201 1985 380 2053 γῆρας
413 1978 608 2051 ἐλθὼν,
656 1981 930 2056 ἑξηκοστῷ
966 1982 1147 2060 ὀγδόῳ
1177 1986 1407 2063 ἐνιαυτῷ
1460 1993 1596 2065 μετᾶ
1643 1978 1854 2050 τὸ-πά-

203 2070 296 2130 θος
327 2073 427 2123 τοῦ
458 2076 722 2144 Σωτῆρος
769 2073 1026 2146 Χριστοῦ.
1059 2081 1148 2130 Δεῖ
1207 2079 1308 2153 γὰρ
1347 2079 1512 2152 αὐτῷ,
1549 2079 1761 2154 μᾶλλον
1796 2079 1853 2138 δὲ

205 2162 452 2229 Χριστῷ,
509 2157 599 2212 καὶ
656 2163 735 2232 τῷ
796 2165 946 2238 σοφῷ
1002 2164 1275 2220 πείθεσθαι
1328 2171 1698 2243 Χρυσοστόμῳ
1773 2169 1851 2234 εἷς

211 2246 514 2320 μαρτυρίαν
569 2251 665 2302 τοῦ
737 2250 985 2306 τεθνάναι
1059 2254 1357 2329 παράγοντι
1414 2259 1496 2327 τὸ,
1559 2261 1681 2315 Καὶ
1740 2259 1854 2315 οὐκ

208 2335 587 2408 εἶπεναότῴ
617 2337 644 2390 ὁ
669 2339 958 2410 Ἰησοῦς,
983 2339 1081 2396 ὅτι
1111 2343 1849 2420 οὐκάποθνήσκει,ἀλλ’,

203 2426 351 2480 Ἐάν
377 2425 576 2481 αὐτὸν
601 2426 768 2481 θέλω
795 2427 1013 2502 μένειν
1044 2428 1164 2495 ἕως
1199 2429 1494 2509 ἔρχομαι
1518 2439 1637 2510 (τὴν
1661 2439 1852 2513 Ἰερουε-

200 2513 388 2588 σαλὴμ
450 2513 778 2570 ἀπολέσων·
837 2522 1129 2594 παρέμεινε
1204 2523 1308 2597 γαρ
1377 2521 1508 2598 ἄχρι
1583 2525 1705 2581 τότε
1759 2527 1846 2582 καὶ

199 2604 534 2678 προσωυὲρω
562 2603 648 2658 ἐπῖ
681 2610 786 2659 τῶν
821 2608 1030 2680 χρόνων
1072 2611 1378 2683 Τραίανοῦ),
1423 2613 1484 2666 τί
1531 2615 1693 2686 πρὸς
1735 2617 1799 2670 σέ
1831 2634 1846 2686 ;

200 2694 376 2748 Τοῦτο
412 2693 507 2765 μὲν
564 2692 737 2756 οὕτως
769 2692 999 2770 ἐγένετο.
1035 2701 1171 2751 Θεοῦ
1216 2695 1273 2752 δέ
1328 2720 1410 2762 τις
1457 2698 1690 2777 ἅρέητθς
1725 2700 1849 2774 δόξα

201 2780 319 2833 καθ’
369 2780 437 2848 ἢν
493 2778 636 2855 ὥραν
706 2781 865 2846 αὐτὸς
943 2782 1085 2839 οἶδεν
1145 2785 1297 2849 εὐθὺς
1356 2787 1730 2864 ἐπιλάμψασα,
1787 2794 1849 2848 τὸ

207 2869 442 2944 φθαρτὸν
488 2867 692 2925 ἐκείνου
752 2875 910 2944 σῶμα
965 2874 1054 2928 καὶ
1102 2877 1291 2950 γήϊνον
1335 2877 1410 2938 εἰς
1443 2877 1712 2952 ἀκήρατον
1757 2881 1848 2936 καὶ

206 2957 475 3030 ἄφθαρτον
501 2957 570 3032 (ὣ
625 2963 722 3014 τοῦ
775 2960 1047 3034 θαύματος
1077 2965 1113 3036 l)
1176 2976 1738 3042 μεναστοιχειώσασα,
1795 2971 1846 3024 ἐν

200 3048 277 3117 τῷ
306 3045 442 3118 θείῳ
480 3043 823 3120 ἀνελάμϐανε
875 3048 1185 3125 παραδείσω
1221 3053 1355 3125 μετά
1411 3061 1510 3124 τῆς
1569 3059 1847 3130 πανυμνή-

201 3156 298 3189 του
329 3137 417 3190 καὶ
457 3139 826 3210 Θεομητορος,
861 3139 935 3201 ὡς
990 3142 1198 3216 μητρὸς
1253 3142 1417 3198 αὐτοῦ
1475 3145 1844 3220 γεγενημένης

1959 571 2193 609 munem
2241 554 2394 610 illam
2447 557 2919 614 resurrectionem
2965 561 3290 616 constituit.
3323 563 3484 629 Quod
3522 563 3605 620 sic

1955 642 2219 698 Clemens
2267 643 2294 695 ὁ
2330 643 2697 718 στρωματεὺς,
2738 664 2839 704 seu
2871 653 3188 718 contextor,
3221 651 3278 705 in
3309 668 3604 709 commen-

1957 733 2102 787 tario
2152 749 2216 788 eo
2268 734 2367 804 qui
2414 734 2733 807 inscriptus
2783 742 2916 793 est:
2959 739 3065 806 Qui
3087 739 3236 796 dives
3264 740 3452 797 salvus
3481 743 3602 812 ﬁat,

1958 823 2027 876 ad
2061 823 2399 879 memoriam
2433 826 2784 895 posteritatis
2806 826 3092 897 scriptum
3113 827 3365 902 reliquit.
3391 831 3604 888 Verum

1957 911 2250 966 enimvero
2301 928 2434 967 cum
2483 913 2553 968 ad
2585 912 2741 970 hunc
2782 915 2970 972 locum
3003 918 3460 988 pervenerimus,
3495 935 3604 976 ne-

1959 996 2281 1052 cessarium
2307 1014 2436 1054 esse
2466 999 2660 1067 duxis,
2685 1017 2878 1057 acram
2910 1018 3143 1074 quoque
3165 1003 3602 1062 translationem

1959 1085 2073 1142 divi
2135 1085 2306 1142 istius
2354 1089 2604 1160 apostoli
2653 1090 2940 1162 persequi.
2987 1091 3130 1149 Cum
3173 1093 3329 1150 enim
3379 1095 3604 1151 dudum

1960 1175 2362 1233 transitionem
2415 1193 2582 1233 suam
2631 1180 2702 1234 ad
2747 1179 2955 1248 Deum,
3006 1181 3278 1254 diemque
3304 1182 3373 1254 :et
3404 1183 3604 1240 horam

1961 1263 2087 1334 cjus
2118 1265 2498 1336 praividisset,
2532 1268 2934 1325 sacerdotibus
2976 1269 3380 1343 ministrisque
3410 1272 3608 1330 Eccle-

1961 1353 2077 1421 siae,
2130 1359 2186 1409 et
2233 1359 2505 1426 praeterea
2556 1355 2891 1428 quicunque
2938 1356 3202 1432 ﬂagranti
3248 1364 3445 1417 essent
3493 1361 3608 1418 ﬁde

1962 1443 2238 1499 fratribus
2269 1445 2611 1516 assumptis,
2645 1449 2807 1502 extra
2847 1447 3227 1518 Ephesiorum
3245 1449 3448 1506 urbem
3474 1466 3608 1522 pro-

1961 1534 2218 1604 greditur
2251 1549 2264 1588 :
2297 1539 2354 1589 et
2383 1549 2516 1590 cum
2548 1535 2630 1591 eis
2681 1535 2739 1590 in
2788 1536 3040 1594 vicinum
3073 1540 3390 1612 quemdam
3415 1545 3606 1596 tumu-

1961 1621 2108 1690 lum,
2141 1639 2255 1694 quo
2289 1625 2611 1695 frequenter
2644 1626 2726 1680 ire
2756 1625 3071 1698 precationi
3101 1643 3331 1700 operam
3363 1630 3607 1686 daturus

1961 1711 2209 1778 solebat,
2255 1712 2611 1779 conscendit,
2673 1713 2753 1769 ibi
2805 1715 3201 1773 vehementius
3248 1734 3440 1788 orans,
3496 1719 3606 1776 Ee-

1962 1799 2168 1857 clesias
2203 1803 2312 1857 Deo
2334 1803 2702 1859 commendat
2733 1820 2749 1860 :
2804 1821 2934 1861 mox
2973 1805 3217 1863 sarculis
3248 1807 3605 1878 quibusdam

1963 1894 2020 1944 et
2046 1887 2341 1960 ligonibus
2373 1889 2633 1946 celeriter
2662 1891 2992 1962 sepulcrum
3026 1893 3136 1950 sibi
3159 1895 3273 1951 fodi
3299 1896 3556 1968 ρι’ωοίρη
3591 1913 3605 1952 :

1963 1977 2171 2032 deinde
2202 1994 2299 2034 eos
2332 1978 2428 2048 qui
2463 1983 2584 2034 tum
2618 1984 2882 2048 aderant,
2914 1983 3144 2040 arcanis
3167 1984 3236 2041 de
3266 1983 3383 2040 Deo
3415 1984 3608 2042 verbis

1961 2076 2014 2120 et
2064 2067 2364 2137 praeceptis
2415 2067 2650 2139 optimis
2699 2069 2771 2124 de
2819 2070 2932 2126 {ide
2979 2088 3080 2142 spe
3127 2077 3184 2129 et
3234 2073 3605 2144 potissimum

1963 2151 2272 2210 dilectione
2315 2155 2556 2228 (quippe
2587 2156 2834 2214 dilectus
2865 2158 3014 2232 ipse)
3057 2161 3270 2218 erudit.
3327 2162 3394 2218 Et
3433 2164 3609 2220 corda

1962 2260 2163 2300 eorum
2213 2245 2595 2316 confirmans,
2647 2247 2934 2303 Servatori
2984 2247 3171 2306 Verbo
3219 2254 3610 2319 commendat,

1963 2334 2371 2407 Postremoque
2425 2333 2540 2390 illis
2599 2336 2660 2392 in
2717 2335 2965 2394 Domino
3016 2337 3238 2394 salvere
3294 2343 3353 2396 et
3411 2339 3604 2398 valere

1954 2423 2157 2492 jussis,
2193 2423 2288 2479 ubi
2323 2440 2386 2479 se
2416 2423 2604 2480 crucis
2635 2424 2800 2495 signo
2831 2426 3275 2494 communisset,
3308 2427 3368 2483 in
3403 2444 3605 2485 monu-

1963 2518 2228 2567 mentum
2277 2511 2580 2568 descendit
2631 2529 2644 2568 :
2685 2518 3138 2587 operculumque
3189 2515 3241 2572 ei
3287 2516 3602 2588 imponere,

1960 2604 2016 2654 et
2047 2600 2103 2655 id
2141 2600 2364 2656 firmius
2414 2603 2800 2670 communire,
2850 2604 3098 2676 denique
3137 2605 3346 2661 reverti
3378 2621 3476 2661 eos
3503 2621 3602 2678 po-

1961 2689 2184 2760 stridie,
2233 2688 2566 2760 sepulcrum
2632 2691 2856 2763 aperire
2904 2692 3330 2766 diligenterque
3385 2694 3608 2765 perspi-

1959 2792 2086 2832 cere
2149 2781 2404 2834 mandat.
2468 2779 2584 2836 Hoc
2643 2781 2814 2837 modo
2867 2797 3000 2836 cum
3051 2781 3170 2851 ille,
3228 2787 3292 2838 ut
3347 2782 3608 2840 vestibus

1959 2867 2380 2938 sepulcralibus
2412 2869 2662 2926 amictus
2699 2879 2842 2940 erat,
2891 2871 2950 2926 in
2998 2872 3217 2928 fossam
3269 2871 3604 2928 descendis-

1959 2961 2066 3026 set,
2100 2973 2278 3029 seque
2305 2959 2376 3013 ad
2408 2958 2632 3014 obitum
2683 2959 3128 3032 composuisset,
3175 2960 3374 3016 statim
3405 2976 3472 3016 eo
3505 2959 3604 3032 qui

1953 3046 2134 3117 justis
2165 3047 2427 3116 debetur,
2481 3047 2710 3119 sopitur
2756 3064 2962 3106 somno
3015 3065 3030 3104 :
3083 3064 3217 3105 cum
3266 3049 3500 3122 quidem
3533 3049 3604 3104 ad

1961 3137 2196 3193 multam
2267 3140 2628 3194 senectutem
2705 3141 2835 3210 post
2891 3138 3221 3211 passionem
3288 3138 3607 3215 Servatoris

563 3199 574 3209 ‘
626 3199 637 3207 '
712 3199 720 3210 '
815 3199 823 3204 '
923 3199 931 3201 '
990 3199 1000 3212 '
1055 3199 1064 3211 '
1107 3199 1116 3216 I
1185 3199 1196 3205 '
1488 3199 1499 3220 ι
1552 3199 1616 3220 I”
1655 3199 1843 3219 u""*n

202 3227 267 3298 τῇ
326 3223 538 3300 χάρίτι.
595 3226 804 3301 Ἀχρῆν
861 3228 952 3282 καὶ
1008 3230 1112 3304 γὰρ
1167 3231 1331 3296 αὐτὸν
1371 3231 1551 3308 ἡρέμα
1598 3257 1712 3297 πως
1747 3241 1846 3306 τῆς

1959 3226 2169 3283 Christi
2200 3227 2562 3299 sexagesimo
2594 3231 2794 3284 octavo
2825 3245 2978 3285 anno
3010 3227 3380 3300 pervenisset.
3415 3231 3604 3300 Opor-

200 3313 497 3388 ἀφθαρσίας
547 3314 638 3368 καὶ
704 3319 892 3370 τοῦτον
957 3321 1376 3396 μετεσχηκέναι,
1447 3323 1658 3395 μητέρα
1719 3344 1850 3396 κτη-

201 3403 428 3474 σάμενον
489 3401 828 3478 ἀειπάρθενόν
889 3426 946 3460 τε
1017 3407 1107 3460 καὶ
1177 3407 1436 3482 ἄφθορον,
1493 3412 1846 3485 ἠγαπημένον

199 3486 252 3543 δὲ
308 3491 600 3568 ὑπερφυῶς
650 3496 729 3563 τῷ
787 3498 1023 3567 Χριστῷ,
1057 3496 1140 3550 καῖ
1196 3494 1426 3573 ἀδελφὸν
1468 3503 1563 3553 τοῦ
1593 3503 1691 3565 τῆς
1723 3500 1848 3555 ἀθα-

195 3578 376 3642 νασίας
431 3579 661 3651 ταμείου
737 3583 1123 3656 γεγενημένου.
1189 3586 1285 3640 Καὶ
1362 3587 1539 3645 τοίνυν
1598 3587 1674 3650 εἷς
1743 3591 1842 3659 τήν

196 3667 314 3738 ἑξῆς
345 3671 432 3730 οἷς
463 3667 825 3739 ἐπινέτηαπτο
881 3672 1016 3726 κατά
1066 3674 1128 3728 τὸ
1185 3671 1456 3750 ἒπιταγμα
1505 3674 1842 3748 ἐπελθόντες,

196 3758 254 3810 τὸ
311 3762 486 3830 πῶμα
525 3760 925 3832 περιεκόμενοι,
958 3758 1116 3834 ἄλλῳ
1169 3764 1262 3835 μὲν
1311 3761 1510 3834 οὐδενὶ,
1564 3767 1752 3838 μόνοις
1788 3764 1845 3823 δὲ

196 3852 308 3910 τοῖς
355 3846 631 3927 ἐνταφίοις
691 3849 1020 3925 σπαργάνοις
1077 3856 1556 3929 περιτυγχάνουσι.
1623 3857 1721 3912 Καὶ
1777 3856 1844 3912 τὰ

200 3937 291 4009 μὲν
324 3937 450 4012 περῖ
481 3937 731 3994 Ἰωάννου
765 3939 815 3994 ἐν
842 3939 1080 4003 τούτοις.

1959 3320 2040 3372 tet
2068 3315 2222 3372 enim
2277 3333 2384 3372 nos
2430 3315 2562 3388 ipsi,
2611 3333 2674 3372 ac
2727 3317 2916 3388 potius
2966 3317 3210 3387 Christo,
3259 3321 3318 3374 et
3353 3317 3605 3389 sapienti

1959 3406 2185 3462 credere
2241 3405 2671 3478 Chrysostomo,
2742 3407 2812 3461 ad
2872 3407 3301 3464 testiﬁcandum
3362 3413 3602 3461 mortem

1957 3494 2084 3564 ejus
2134 3494 2277 3550 illud
2327 3495 2635 3550 adducenti
2669 3510 2683 3550 :
2735 3496 2802 3550 Et
2839 3511 2950 3552 non
2977 3494 3123 3552 dixit
3151 3495 3204 3550 ei
3237 3496 3410 3564 Iesus,
3443 3494 3606 3548 illum

1956 3585 2288 3639 moriturum
2333 3598 2440 3638 non
2487 3597 2602 3638 esse
2648 3601 2669 3640 :
2718 3584 2830 3652 sed,
2890 3583 2951 3640 Si
3006 3584 3124 3640 voto
3171 3598 3393 3640 manere
3438 3582 3607 3638 donec

1956 3673 2172 3730 veniam
2239 3671 2656 3744 (Hierosolyma
2714 3672 2980 3728 videlicet
3034 3689 3336 3728 eversurus
3391 3689 3404 3727 :
3463 3671 3606 3728 vixit

1956 3763 2109 3819 enim
2157 3762 2226 3818 ad
2277 3761 2333 3817 id
2370 3777 2551 3833 usque
2581 3766 2832 3834 tempus,
2864 3767 3038 3834 atque
3067 3761 3242 3818 etiam
3276 3761 3599 3833 aliquanto,

1957 3852 2028 3907 ad
2060 3851 2294 3922 Trajani
2325 3850 2544 3907 scilicet
2565 3855 2812 3922 atatem,
2836 3851 3114 3924 longius),
3147 3850 3282 3922 quid
3309 3849 3380 3907 ad
3409 3855 3460 3907 te
3479 3858 3506 3904 Ρ
3534 3852 3604 3908 Et

1954 3944 2200 4001 Joannes
2233 3939 2466 4014 quidem
2511 3939 2590 3996 ita
2636 3940 2787 3996 diem
2830 3956 3002 3997 suum
3043 3939 3187 3996 obiit
3219 3955 3233 3994 :
3269 3937 3369 3996 Dei
3401 3945 3598 3996 autem

195 4028 510 4084 inetl‘abilis
555 4033 728 4100 atque
776 4031 1197 4105 investigabilis
1235 4034 1442 4106 gloria,
1493 4053 1559 4092 ea
1605 4054 1778 4109 quam
1823 4037 1949 4110 ipse
2000 4034 2162 4091 solus
2209 4030 2389 4100 novit,
2443 4029 2582 4085 liora
2627 4028 2989 4098 illucescens,
3023 4045 3232 4103 corpus
3261 4029 3388 4100 ejus
3417 4034 3600 4086 terre-

194 4134 333 4172 num
367 4123 425 4174 et
456 4120 833 4190 corruptibile
865 4121 923 4178 in
955 4125 1286 4180 immortale
1332 4130 1388 4182 et
1435 4125 1873 4199 incorruptibile
1921 4131 1976 4197 (o
2011 4121 2357 4182 miraculum
2393 4122 2599 4192 ingens
2625 4122 2665 4189 Ι)
2699 4121 3128 4184 lransmutavit,
3160 4125 3218 4178 et
3245 4121 3305 4179 in
3337 4122 3601 4180 divinum

195 4208 556 4278 paradisum,
599 4210 798 4267 itidem
856 4215 918 4267 ut
971 4213 1241 4271 omnibus
1299 4214 1570 4272 laudibus
1631 4217 2034 4274 celebrandam
2083 4214 2185 4271 Dei
2236 4210 2582 4269 Genitricem
2632 4227 2762 4283 qua:
2809 4226 2912 4282 per
2955 4210 3202 4280 gratiam
3253 4217 3436 4270 mater
3471 4214 3601 4284 ejus

191 4297 317 4364 fuit,
379 4298 621 4370 recepit.
684 4301 835 4357 209
897 4303 1143 4359 Decebat
1199 4305 1414 4378 quippe
1471 4313 1526 4362 et
1583 4306 1801 4379 ipsum,
1861 4306 1962 4378 qui
2020 4303 2225 4361 matris
2284 4302 2410 4359 loco
2469 4302 2862 4372 incorruptam
2919 4317 3266 4374 semperque
3317 4303 3600 4375 virginem

192 4385 513 4454 habuisset,
560 4393 616 4444 et
659 4390 908 4448 dilectus
957 4393 1018 4448 in
1067 4393 1274 4466 primis
1324 4395 1566 4452 miriﬁce
1619 4397 1843 4454 Christo
1897 4396 2122 4463 fuisset,
2179 4395 2470 4465 fraterque
2517 4393 2660 4448 adeo
2709 4391 3167 4448 immortalitatis
3217 4391 3601 4465 promptuarii

188 4478 525 4549 exstitisset,
584 4480 867 4550 paulatim
925 4483 1354 4554 quodammodo
1412 4486 1872 4544 immortalitatis
1940 4485 2282 4559 participem
2341 4483 2487 4541 fieri.
2551 4485 2726 4540 Porro
2775 4485 2867 4542 die
2921 4483 3209 4556 sequenti,
3267 4485 3480 4554 quibus
3541 4484 3598 4538 id

189 4569 572 4626 commissum
627 4572 830 4640 fuerat,
886 4574 967 4629 ita
1025 4579 1090 4630 ut
1149 4582 1495 4648 praceptum
1556 4581 1926 4651 acceperant,
1983 4579 2053 4633 ad
2115 4578 2560 4632 monumentum
2618 4578 2902 4631 venerunt
2955 4591 2972 4630 :
3029 4573 3417 4646 operculoque
3472 4573 3601 4643 ejus

189 4658 410 4730 avulso,
446 4659 590 4716 nihil
624 4662 702 4717 ibi
735 4661 894 4720 aliud
925 4681 1102 4736 quam
1133 4666 1484 4739 sepulcralia
1514 4667 1690 4724 lintea
1723 4675 2080 4741 repererunt.
2115 4669 2306 4738 Atque
2335 4665 2457 4721 haec
2489 4664 2726 4738 quidem
2759 4667 2831 4724 de
2859 4665 3084 4723 Joanne
3113 4665 3216 4738 (1).

237 4933 338 5012 ,(ί)
371 4932 452 5012 De
483 4933 747 5012 divorum
798 4939 1188 5012 apostolorum
1241 4942 1414 5010 Petri,
1465 4943 1624 5000 Pauli
1657 4944 1834 5000 Joan-

194 5005 280 5054 nis
309 5005 620 5086 martyrjs,
654 5005 894 5086 Tertull.
949 5013 1022 5086 De
1062 5005 1585 5086 Ri'zesvriptionibus
1615 5016 1835 5072 haereti-

193 5089 404 5142 corum,
442 5097 472 5126 «
509 5077 682 5154 Felix,
732 5080 938 5150 inquit,
985 5083 1261 5154 Ecclesia,
1296 5077 1388 5140 cui
1415 5091 1590 5142 totam
1625 5087 1842 5142 doctri-

191 5159 326 5228 nam
359 5149 609 5228 apostoli
652 5166 785 5228 cum
815 5149 1107 5228 sanguine
1132 5149 1257 5228 suo
1283 5159 1664 5228 profuderunt
1698 5175 1711 5213 :
1745 5159 1845 5214 ubi

191 5218 397 5299 l’etrus
424 5219 682 5299 passioni
717 5218 1029 5281 Dominicis.
1079 5218 1442 5299 adsequatur,
1496 5231 1594 5284 ubi
1627 5229 1844 5286 Paulus

187 5286 439 5371 Joannis
484 5290 640 5371 exitu
691 5301 1036 5371 coronatur:
1092 5299 1192 5355 ubi
1221 5286 1536 5371 laposto'lus
1565 5301 1841 5368 Joannes,

193 5368 567 5444 posteaquam
594 5365 658 5444 _in
691 5366 881 5444 oleum
930 5369 1164 5444 igneum
1213 5365 1536 5444 demersus,
1583 5365 1846 5444 nihilque

193 5431 551 5516 ibl'passus,
591 5435 649 5516 in
698 5431 974 5516 insulam:
1000 5440 1310 5516 relegatur.
1348 5464 1376 5492 »
1409 5431 1795 5516 Hieronymus
1831 5462 1845 5502 :

200 5520 226 5550 ι
257 5501 536 5586 Nonnulli
565 5512 829 5586 astruere
867 5509 1098 5586 volunt,
1119 5501 1415 5586 Virginem
1449 5501 1694 5571 Maria'm
1721 5501 1844 5586 jam

193 5579 596 5632 resuscitatam
647 5579 818 5636 beata
865 5597 995 5637 eum
1043 5579 1272 5641 Christo
1316 5579 1754 5643 immortalitate
1783 5586 1843 5643 in

516 5676 772 5741 ΡΔτιιοι..
819 5681 928 5746 Gn.
973 5682 1203 5747 CXLV.

1868 4949 1922 5014 D
1955 4944 2290 5002 coelestibus
2321 4947 2544 5003 vostiri.
2597 4946 2759 5012 Quod
2795 4954 2846 5002 et
2877 4946 2948 5003 de
2979 4945 3144 5002 beato
3169 4943 3393 5000 Joanne
3424 4942 3600 5014 Evan-

1953 5015 2176 5098 gelista,
2225 5018 2681 5098 eiusmipistro,
2733 5017 2826 5076 cui
2875 5017 3083 5098 virgini
3115 5015 3410 5098 a.Christo
3443 5013 3598 5098 virgo

1957 5085 2274 5162 commissa
2305 5095 2410 5157 est,
2443 5085 2675 5162 plurimi
2700 5085 3048 5162 asseverant,
3073 5089 3211 5162 quia
3241 5087 3298 5140 in
3332 5085 3599 5162 sepulcro

1955 5160 2083 5244 ejus
2113 5161 2198 5243 (ut
2228 5157 2723 5244 ferturfnonnnisi
2757 5177 2973 5244 manna
3010 5157 3324 5244 invenitur,
3359 5157 3520 5244 quod,
3543 5160 3601 5244 et

1955 5229 2240 5287 scaturire
2267 5229 2546 5290 cernitur.
2567 5234 2980 5288 Verumtamen
3011 5231 3151 5302 quid
3176 5229 3382 5302 horum
3409 5229 3599 5282 verius

1955 5309 2286 5381 censeatur,
2335 5305 2712 5381 amb_i_g_i_mus.
2763 5300 3210 5381 Meliu_s___t'amen
3241 5300 3355 5356 Deo
3390 5304 3596 5381 totum,

1955 5373 2050 5428 cui
2071 5373 2214 5428 nihil
2237 5370 2599 5446 impossibile
2613 5381 2722 5443 est,
2738 5373 3177 5446 committimus,
3193 5387 3364 5444 quam
3383 5370 3597 5446 aliquid

1955 5447 2172 5501 temere
2219 5441 2460 5502 definire
2507 5441 2759 5504 velimus
2805 5443 3151 5502 auctoritate
3188 5441 3406 5504 nostra.
3442 5441 3596 5514 quod

1955 5529 2072 5571 non
2105 5515 2443 5588 probamus.
2477 5538 2508 5571 »

3203 5691 3284 5752 28
