4070 6274
510 274 629 332 8'75

1101 408 1332 462 CAPUT
1372 408 1574 464 XLIII.

514 516 589 570 De
634 517 832 570 sanctis
879 516 1136 585 apostolis
1182 521 1233 570 et
1281 516 1639 585 cvangelislis
1688 517 1863 573 Marco
1902 525 1954 574 et
1987 524 2152 586 Luca,

585 590 675 657 qai
737 604 808 642 ex
871 601 1096 643 numero
1160 590 1502 660 septuaginta
1563 589 1961 660 discipulorum
2024 595 2152 662 fue-

584 662 733 713 runt.
1049 695 1058 700 -

585 765 866 820 Caeterum
918 766 1174 823 Marcum
1222 783 1454 839 quoque
1499 772 1557 824 et
1597 772 1865 825 sanctum
1921 771 2149 838 Lucam,

510 855 739 912 etiamsi
770 856 918 912 inter
948 859 1316 930 septuaginta
1345 859 1476 915 illos
1507 865 1907 927 numerentur,
1942 861 2153 932 adjun-

509 960 641 1015 gere
689 951 880 1000 tamen
932 945 1062 1002 istis
1118 947 1306 1002 visum
1353 955 1458 1017 est,
1520 949 1673 1020 quod
1733 949 1879 1005 alter
1925 950 2152 1021 quidem

510 1034 682 1101 Petri,
714 1033 854 1090 alter
884 1038 1077 1092 autem
1127 1036 1288 1091 Pauli
1329 1037 1505 1092 fuerit
1535 1037 1862 1110 discipulus
1894 1055 1908 1094 :
1940 1053 2155 1109 eosque

507 1127 574 1179 ut
601 1122 985 1195 evangelistas
1016 1125 1291 1182 maximis
1331 1126 1559 1182 duobus
1608 1126 1980 1200 evangelistis
2011 1142 2154 1183 con-

505 1228 816 1269 numerare
846 1214 1140 1272 conuenit.
1189 1215 1296 1270 Sed
1347 1215 1504 1270 enim
1555 1217 1624 1271 de
1667 1217 1879 1283 Marco,
1909 1217 2156 1288 ejusque

507 1303 568 1358 in
607 1303 850 1375 Egypto
900 1303 1330 1376 praedicatione,
1388 1303 1449 1359 in
1501 1305 1608 1361 hoc
1651 1306 1776 1377 ipso
1805 1306 1953 1362 libro
1985 1309 2158 1363 antea

508 1409 543 1447 a
589 1391 756 1447 nobis
807 1391 951 1448 satis
1003 1396 1092 1448 est
1136 1392 1380 1448 dictum.
1432 1393 1487 1448 Is
1537 1395 1692 1450 enim
1741 1395 1894 1451 Petri
1940 1395 2156 1451 sororis

506 1481 687 1550 illius,
728 1482 1053 1552 imperante
1101 1481 1351 1551 Tiberio,
1397 1483 1642 1554 Egypto
1693 1488 1750 1539 et
1796 1485 1979 1556 Libyae
2010 1485 2152 1539 Bar-

506 1571 798 1643 bariaeque
845 1572 1147 1640 universae,
1195 1572 1412 1629 Christi
1460 1573 1701 1629 verbum
1752 1576 2152 1647 evangelizans

509 1661 894 1730 annuntiavit,
917 1661 1294 1733 Evangelium
1327 1677 1499 1717 suum
1525 1663 1780 1722 dictante
1808 1669 1980 1736 atque
2003 1681 2156 1720 com-

508 1751 788 1821 probante
818 1751 984 1805 Petro
1016 1750 1266 1822 scripsit,
1318 1753 1470 1822 apud
1504 1751 1808 1824 Cyrenaeus
1855 1757 1912 1807 et
1942 1753 2149 1810 Penta-

509 1839 792 1909 politanos
824 1854 1001 1910 quam
1035 1839 1284 1911 plurima
1314 1840 1658 1897 admiranda
1689 1842 1841 1912 fecit,
1874 1842 2149 1899 ecclesias

509 1926 829 1982 construxit
863 1942 876 1980 :
909 1929 1130 1983 clerum
1182 1932 1239 1983 et
1282 1928 1609 2001 episcopos,
1642 1937 1810 2001 atque
1842 1931 1956 1987 alia
1986 1931 2157 1988 insu-

509 2031 612 2087 per
641 2031 762 2085 qua:
811 2031 958 2088 opus
999 2020 1186 2087 erant,
1232 2018 1341 2073 rite
1391 2023 1447 2073 et
1494 2019 1696 2076 ordine
1743 2021 2060 2078 conslituit.
2092 2021 2160 2076 Et

510 2105 745 2160 tandem
781 2103 1191 2161 Alexandriam
1235 2109 1324 2162 est
1373 2123 1640 2164 reversus
1672 2125 1686 2164 :
1730 2108 1826 2164 ubi
1860 2125 1990 2165 cum
2023 2110 2158 2181 qui-

507 2193 759 2248 busdam
793 2193 1094 2260 fratribus,
1146 2195 1205 2250 in
1255 2195 1379 2252 loco
1413 2197 1504 2252 cui
1539 2197 1732 2254 Buceli
1766 2215 1976 2254 nomen
2010 2203 2156 2266 erat,

504 2281 812 2349 habitavit,
844 2282 1022 2338 libere
1039 2283 1338 2340 Christum
1372 2286 1797 2356 depraadicans.
1823 2290 2012 2358 Atque
2034 2292 2156 2344 tum

503 2369 586 2426 ibi
635 2370 885 2427 cultores
943 2372 1228 2439 idolorum
1292 2379 1528 2446 repente
1579 2377 1865 2447 impetum
1914 2377 1974 2432 in
2023 2393 2156 2434 eum

510 2460 753 2528 faciunt,
804 2460 1044 2517 funibus
1119 2463 1289 2532 pedes
1357 2465 1787 2537 constringunt,
1846 2470 2021 2538 atque
2077 2468 2158 2522 ita

507 2547 794 2604 crudelem
841 2548 899 2604 in
946 2550 1186 2605 modum
1247 2568 1349 2623 per
1409 2553 1610 2608 urbem
1661 2558 1914 2626 raptant.
1955 2558 2157 2627 Itaque

508 2654 720 2709 corpus
752 2639 880 2709 ejus
911 2639 1067 2695 saxis
1100 2639 1354 2711 allisum,
1387 2641 1705 2699 admodum
1729 2645 2154 2715 conscinditur,

509 2731 567 2782 et
596 2727 833 2799 sanguis
881 2744 948 2782 ex
1000 2745 1066 2784 eo
1113 2729 1345 2786 abunde
1393 2732 1644 2802 proﬂuit.
1687 2733 1904 2790 Deinde
1935 2735 2153 2792 carceri

504 2809 687 2871 virum
722 2820 988 2872 sanctum
1016 2817 1348 2874 includunt.
1386 2820 1469 2874 Ibi
1501 2821 1552 2875 ei
1584 2831 1814 2893 apparet
1844 2824 2152 2894 Dominus,

502 2906 756 2960 futuram
815 2904 897 2960 illi
970 2907 1210 2977 gloriam
1269 2910 1687 2979 praenuntians.
1739 2913 1896 2967 2I0
1953 2914 2152 2970 Denuo

504 2997 698 3049 autem
731 3011 797 3049 ex
828 3011 1056 3052 carcere
1087 3001 1428 3063 extractum,
1463 3015 1564 3070 per
1591 2999 1811 3070 plateas
1844 3001 2151 3058 immanis-

501 3084 652 3138 sime
693 3083 954 3138 trahunt.
1007 3088 1198 3157 Atque
1241 3087 1307 3141 ad
1360 3086 1517 3142 hunc
1575 3090 1811 3145 modum
1863 3095 2149 3162 raptatus,

497 3172 739 3228 tandem
795 3171 1064 3243 spiritum
1124 3175 1238 3230 Deo
1293 3177 1681 3247 commendat,
1742 3181 2001 3251 corporis
2058 3163 2230 3238 in-G

502 3261 772 3331 gentibus
821 3261 1048 3334 gratiis,
1094 3263 1300 3318 animae
1345 3265 1656 3323 virtutibus
1687 3267 1928 3325 miriﬁce
1955 3270 2143 3326 collu-

496 3351 766 3407 centibus
818 3355 990 3422 atque
1042 3355 1644 3425 correspondentibus.
1698 3358 1829 3414 Fuit
1875 3364 2066 3417 autem
2098 3361 2147 3416 is

498 3444 731 3495 staturae
776 3443 832 3495 et
881 3441 1063 3497 aetatis
1111 3445 1300 3510 statze,
1341 3447 1514 3516 atque
1563 3446 1916 3505 semicanus.
1960 3451 2146 3507 Lucas

498 3533 694 3585 autem
737 3529 1084 3597 Antiochiae,
1135 3548 1258 3602 quas
1316 3532 1375 3588 in
1433 3534 1740 3608 leesyria
1797 3545 1902 3608 est,
1961 3543 2145 3608 ortus,

497 3623 620 3675 arte
650 3619 886 3691 quidem
921 3621 1205 3688 medicus,
1229 3622 1325 3678 sed
1344 3627 1402 3679 et
1423 3625 1701 3696 pingendi
1729 3629 2143 3699 peritissimus,

497 3707 738 3777 Thebis,
771 3726 900 3780 quae
931 3710 1071 3766 urbs
1101 3715 1319 3782 septem
1343 3712 1548 3769 habuit
1570 3720 1784 3785 portas,
1808 3718 1878 3772 ad
1904 3719 2143 3774 Paulum

500 3797 656 3851 venit
689 3813 703 3850 :
739 3803 910 3870 atque
962 3799 1041 3853 ibi
1093 3801 1296 3858 nuntio
1349 3805 1525 3859 errori
1569 3807 1751 3876 patrio
1785 3809 2048 3876 remisso,
2076 3809 2144 3864 ad

501 3884 799 3940 Christum
833 3889 1096 3959 accessit,
1131 3907 1232 3961 pro
1262 3907 1572 3963 corporum
1624 3900 1891 3952 curatore
1929 3899 2148 3953 anima-

501 3990 634 4028 rum
688 3976 949 4033 medicus
999 3979 1205 4034 factus.
1260 3982 1629 4052 Evangelium
1669 3985 1719 4040 is
1765 4004 1933 4042 suum
1968 3989 2147 4045 Paulo

502 4061 760 4118 dictante
803 4066 1057 4136 scripsit,
1111 4072 1283 4138 atque
1320 4070 1518 4126 itidem
1561 4074 1954 4143 apostolorum
1987 4079 2144 4134 Acta.

507 4152 648 4206 Cum
682 4151 855 4208 Paulo
888 4163 1076 4210 autem
1111 4157 1304 4212 Romae
1355 4176 1485 4214 cum
1521 4161 1747 4229 fuisset,
1781 4164 1837 4219 in
1872 4166 2147 4225 Graeciam

505 4245 592 4296 est
625 4256 914 4308 reversus,
965 4244 1364 4319 plurimosque
1414 4249 1492 4304 ibi
1543 4250 1746 4306 divinae
1788 4254 2065 4313 doctrinae
2093 4263 2152 4315 et

501 4330 850 4399 cognitionis
900 4332 1029 4390 luce
1073 4333 1388 4393 illustravit
1439 4354 1454 4393 :
1503 4343 1558 4395 et
1609 4343 1841 4399 tandem
1889 4361 1923 4400 a
1969 4346 2150 4404 divini

500 4420 676 4475 Verbi
731 4424 1231 4494 contemptoribus
1285 4443 1352 4482 ex
1406 4429 1698 4487 fructifera
1755 4433 1894 4490 oleae
1941 4436 2148 4494 arbore

1807 276 2230 342 NICEPHORI
2274 274 2370 336 CA
2383 269 2622 335 LLISTI

2196 417 2246 480 Α

3804 273 3903 334 8⁸16

2885 401 3138 453 ΚΕΦΔΛ.
3181 398 3308 452 Ml".

2269 513 2424 583 Περὶ
2453 514 2578 565 τῶν
2609 505 2812 582 ἁγίων
2833 504 3229 561 ἀποστόλων
3261 506 3367 583 καὶ
3419 505 3900 583 εὐαγγελιστῶν

2338 569 2605 657 Μάρκου
2651 569 2719 634 τε
2743 579 2853 634 καὶ
2903 582 3119 632 Λουκᾶ
3160 583 3286 632 τῶν
3332 576 3401 631 ἐκ
3446 569 3902 655 τῶν’ἐ6ιομή.

2337 675 2566 710 κοντα.

2336 761 2442 818 Ναὶ
2479 763 2586 834 μὴν
2617 760 2704 814 καὶ
2753 759 2972 832 Μάρκον
3017 757 3107 812 καὶ
3153 759 3243 814 τὸν
3297 760 3440 814 θεῖον
3484 766 3722 818 Λουκᾶν.
3757 761 3896 817 είκιί

2265 857 2381 913 τοῖς
2429 846 2806 924 ἑϐδομήκοντα
2851 846 3312 922 κατηρίθμηνται,
3359 853 3478 910 τοῖς
3529 854 3802 924 παροῦσιν
3833 851 3899 906 ἒν-

2265 943 2416 1012 τάξαι
2449 937 2556 994 δεῖν
2591 939 2767 1011 οἶμαι,
2800 936 2892 992 ἅτε
2935 934 3000 1008 δή
3052 938 3141 992 τὸν
3197 937 3289 1010 μὲν
3342 937 3550 1013 Πὲτρῳ,
3601 940 3822 1016 θάτερον
3854 940 3895 996 δὲ

2265 1032 2357 1085 τὸν
2411 1032 2616 1084 Λουκᾶν
2667 1026 2871 1099 Παύλῳ
2924 1027 3347 1099 μαθητευθέντας
3380 1046 3392 1060 ·
3425 1029 3515 1081 καὶ
3571 1028 3649 1090 ὡς
3701 1028 3892 1104 εὐαγγε-

2267 1119 2479 1189 λιστᾶς,
2528 1123 2645 1180 τοῖς
2691 1115 2810 1172 δυσὶ
2864 1117 3140 1191 μεγίστοις
3187 1117 3597 1192 εὐαγγελισταῖς
3651 1140 3894 1195 συγκατα·

2267 1208 2446 1286 λέγειν
2479 1207 2678 1282 χρεών.
2714 1205 2932 1281 ’Δμέλει
2963 1227 3050 1260 τοι
3097 1208 3218 1281 περὶ
3263 1207 3360 1279 μὶν
3410 1206 3639 1282 Μάρκου
3683 1209 3779 1263 καὶ
3822 1213 3895 1263 τοῦ

2264 1303 2380 1354 κατ’
2413 1297 2570 1353 αὐτὸν
2602 1295 2958 1370 κηρύγματος
3002 1294 3053 1349 ἐν
3100 1295 3362 1370 Αῗγύπτῳ
3408 1297 3501 1351 καὶ
3549 1296 3602 1352 ἐν
3651 1302 3737 1370 τῷ
3784 1317 3897 1366 παρ-

2265 1385 2374 1443 όντι
2405 1387 2562 1460 τόμῳ
2609 1389 2743 1459 ἡμῖν
2786 1384 3098 1460 ἀρκούντως
3146 1383 3402 1459 εἴρηται·
3452 1384 3611 1450 οὗτος
3665 1384 3722 1442 δὲ
3754 1386 3895 1442 ἀδελ-

2264 1476 2452 1556 φιδοῦς
2509 1477 2574 1545 ἦν
2634 1475 2819 1550 Πέτρῳ
2875 1475 2956 1547 τῷ
3013 1473 3326 1547 ἀποστόλῳ.
3380 1475 3497 1530 Ἐπὶ
3551 1473 3608 1532 δὲ
3666 1472 3896 1553 Τιϐερίου

2266 1563 2526 1636 Καίσαρος
2558 1566 2625 1635 τῇ
2655 1562 2918 1639 Αἰγύπτῳ
2948 1561 3038 1616 καὶ
3070 1557 3265 1635 Λιϐύῃ,
3297 1559 3375 1616 ἔτι
3407 1559 3465 1616 δὲ
3514 1561 3603 1617 καὶ
3659 1567 3728 1637 τῇ
3783 1569 3899 1635 Bx?-

2261 1648 2460 1727 ϐαρικῇ
2519 1651 2662 1725 πάσῃ
2721 1651 2814 1705 τὸν
2873 1652 3106 1724 Χριστοῦ
3169 1647 3339 1723 λόγον
3397 1650 3895 1727 εὐαγγελισάμενος,

2259 1743 2347 1796 καὶ
2387 1743 2818 1817 ὑπαγορεύοντος
2853 1740 3058 1816 Πέτρου
3087 1739 3150 1795 τὸ
3198 1743 3315 1794 κατ’
3367 1740 3526 1795 αὐτὸν
3579 1741 3896 1816 Εὐαγγέλιον

2267 1835 2736 1910 συγγραψάμενος,
2812 1832 2863 1888 ἐν
2954 1833 3171 1906 Κυρήνῃ

2266 1923 2450 1980 πολλᾶ
2479 1925 2569 1978 καὶ
2601 1921 2794 1996 ἄπειρα
2846 1921 3227 1998 ἐργασάμενος,
3276 1921 3366 1976 καὶ
3420 1920 3718 1993 ἐκκλησίας
3771 1924 3896 1977 ἀνοι-

2266 2013 2605 2088 κοδομήσας,
2643 2015 2886 2087 κλήρους
2944 2032 3002 2067 τε
3046 2011 3136 2066 καὶ
3186 2009 3536 2081 ἐπισκόπους,
3580 2011 3673 2066 καί
3738 2011 3899 2066 τᾶλλα

2265 2103 2652 2179 προσηκόντως
2735 2099 3104 2178 διενεργήσας,
3191 2101 3267 2165 είς
3345 2103 3446 2171 τήν
3504 2099 3896 2175 Ἀλεξάνδρειαν

2266 2196 2430 2250 πάλιν
2473 2191 2704 2247 ἐπίνεισι
2740 2212 2752 2226 ο
2797 2190 2933 2246 ὅπου
2983 2188 3049 2261 δὴ
3100 2190 3194 2253 τὰς
3244 2187 3524 2266 διατριϐὰς
3583 2192 3896 2264 ποιούμενος

2265 2285 2330 2352 ἦν
2389 2283 2442 2337 ἐν
2491 2287 2607 2344 τοῖς
2666 2280 2939 2338 Βουκὲλου
3016 2281 3441 2354 ὀνομαζομένοις
3528 2281 3665 2354 μετᾶ
3746 2301 3891 2335 τινων

2265 2369 2537 2449 ἀδελφῶν,
2570 2369 2844 2446 παρῥησίᾳ
2893 2370 2984 2425 τὸν
3039 2369 3274 2445 Χριστὸν
3323 2368 3631 2444 κηρύττων.
3685 2371 3750 2424 Οἱ
3792 2369 3892 2424 τοί-

2265 2485 2355 2517 νυν
2402 2468 2508 2517 τῶν
2560 2460 2807 2517 εἰδώλων
2853 2459 3170 2536 θεραπευταί
3217 2459 3414 2536 αἴφνης
3459 2459 3607 2532 αὐτῷ
3659 2459 3889 2532 ἐπιθέμε-

2264 2574 2368 2615 νοι,
2411 2551 2676 2627 σχοινίοις
2723 2550 2849 2612 τοὺς
2899 2548 3070 2606 πόδας
3121 2544 3496 2617 διαλαϐόντες,
3547 2547 3886 2622 ἀπηνέστερον

2265 2641 2465 2697 εἷλκον.
2520 2642 2714 2714 Πετραι
2765 2636 2822 2694 δὲ
2860 2643 2980 2702 ταῖς
3022 2637 3202 2713 σαρξὶν
3249 2637 3412 2692 αὐτοῦ
3450 2637 3885 2711 προσπίπτουσαι,

2261 2732 2456 2792 ταύτας
2494 2732 2826 2800 κατέξαινον,
2860 2726 3088 2801 αἵματος
3116 2725 3653 2804 καταῤῥέοντέοντος.
3691 2730 3885 2802 Φρουρᾷ

2265 2817 2320 2874 δὲ
2359 2818 2834 2894 περικλεισάντων,
2867 2815 3155 2871 όπτάνεται
3208 2813 3356 2888 αὒτῷ
3387 2815 3606 2888 Κύριος,
3637 2817 3736 2884 τήν
3763 2813 3882 2886 μέλ-

2263 2908 2663 2981 λουσανξαύτῷ
2723 2905 2878 2976 δόξαν
2929 2903 3369 2980 προδιαγράφων.
3435 2903 3604 2959 Πάλιν
3661 2902 3714 2957 δὲ
3756 2903 3878 2957 κατὰ

2259 3003 2358 3064 τῆς
2399 2997 2663 3060 πλατείας
2709 2997 3075 3074 ἐξαγαγόντες,
3125 2996 3350 3067 ἀπηνῶς
3392 2996 3598 3052 εἷλκον.
3627 2994 3764 3050 Οῧτω
3811 2989 3877 3060 δὴ

2262 3087 2575 3164 συρόμενος,
2630 3089 2692 3142 τὸ
2749 3091 2958 3161 πνεῦμα
3015 3085 3338 3160 παρατίθησι
3385 3089 3465 3158 τῷ
3519 3089 3657 3158 Θεῷ.
3711 3082 3882 3141 Ἀντέ-

2262 3177 2482 3252 λαμπον
2513 3177 2698 3251 μέντοι
2728 3179 2780 3232 αἱ
2809 3181 2905 3232 τοῦ
2956 3177 3208 3250 σώματος
3255 3175 3478 3250 χάριτες
3510 3181 3632 3236 ταῖς
3682 3182 3770 3244 τῆς
3799 3177 3884 3247 ψυο

2257 3275 2366 3342 χῆς
2426 3269 2642 3341 ἀρεταῖς
2677 3286 2688 3298 ·
2754 3264 2984 3339 μεσῆλιξ
3045 3264 3100 3320 δέ
3157 3286 3209 3320 τι
3267 3265 3359 3319 καὶ
3415 3263 3764 3337 μεσαιπόλιός
3800 3261 3877 3329 ἦν.

2258 3361 2467 3417 Λουκᾶς
2501 3354 2546 3410 δ’
2577 3355 2628 3426 ἐξ
2684 3356 3021 3430 Ἀντιοχείας
3081 3353 3229 3410 εἷλκε
3284 3354 3344 3409 τὸ
3395 3352 3575 3429 γένος,
3608 3355 3731 3422 ἥτις
3763 3349 3882 3406 κατᾶ

2253 3449 2353 3516 τήν
2406 3445 2610 3517 Κοίλην
2660 3451 2832 3501 κεῖται
2883 3445 3104 3518 Συρίαν,
3154 3447 3320 3519 τέχνῃ
3359 3445 3453 3517 μὲν
3487 3442 3694 3518 ίατρὸς,
3728 3440 3882 3515 ἄκρως

2257 3533 2314 3590 δὲ
2371 3538 2470 3606 τήν
2525 3542 2804 3615 ζωγραφον
2849 3535 3050 3610 τέχνην
3116 3533 3551 3607 ἐξεπιστάμενος.
3602 3529 3802 3603 Θήϐαις
3843 3527 3883 3583 δ’

2255 3627 2306 3680 ἐν
2365 3625 2698 3689 ἑπταπύλοις
2739 3629 2818 3695 τῷ
2863 3623 3126 3696 θεσπεσίῳ
3174 3624 3486 3700 περιτυχὼν
3536 3622 3756 3695 Παύλῳ,
3798 3622 3884 3687 τήν

2255 3716 2512 3792 πατρῴαν
2569 3714 2777 3785 πλάνην
2827 3714 3092 3770 ἀπείπατο
3145 3717 3364 3788 Χριστῷ
3419 3713 3665 3786 προσιών
3707 3729 3721 3742 ·
3779 3711 3882 3765 ἀντὶ

2259 3803 2315 3860 δὲ
2369 3806 2636 3877 σωμάτων
2687 3805 2784 3872 τὴν
2840 3808 2947 3858 τῶν
3007 3807 3200 3880 ψυιῶν
3257 3800 3538 3872 ἠλλάξατο
3598 3800 3878 3873 θεραπείαν.

2259 3895 2354 3948 Καὶ
2391 3892 2456 3962 δη
2488 3894 2549 3948 τὸ
2597 3895 2714 3947 κατ’
2764 3894 2921 3948 αὐτὸν
2973 3892 3308 3966 Εὐαγγέλιον
3354 3892 3723 3967 συνεγράψατο
3756 3889 3883 3943 I116-

2258 3982 2358 4038 λου
2391 3981 2890 4059 ὕπαγορεύσαντος’
2937 3981 3195 4044 ὡσαύτως
3245 3977 3302 4035 δὲ
3347 3981 3574 4043 καὶτὰς
3612 3984 3717 4034 τῶν
3768 3977 3882 4031 ἀπο-

2259 4072 2468 4127 στόλων
2548 4070 2789 4147 Πράξεις.
2869 4068 3255 4147 Συνδιαγαγὼν
3317 4067 3362 4123 δ’
3441 4067 3492 4123 ἐν
3554 4068 3740 4141 Ῥώμῃ
3815 4068 3883 4134 τῷ

2258 4160 2481 4233 Παύλῳ,
2531 4161 2788 4230 ’ἐπανήκει
2827 4163 2896 4234 τῇ
2941 4157 3170 4217 Ἐλλάδι
3217 4158 3392 4221 αὖθις.
3445 4154 3697 4218 Πολλοὺς
3737 4153 3792 4210 δὲ
3816 4158 3883 4224 τῷ

2257 4250 2397 4327 φωτὶ
2442 4256 2540 4320 τῆς
2592 4250 2738 4312 θείας
2799 4251 3051 4324 γνώσεως
3109 4246 3454 4325 ποδηγήσας,
3501 4246 3605 4302 ὑπὸ
3646 4250 3749 4300 τῶν
3775 4244 3881 4299 ἀθε-

2254 4341 2498 4395 τούντων
2553 4340 2645 4394 τὸν
2701 4341 2841 4394 θεῖον
2905 4339 3070 4416 λόγον
3135 4338 3221 4394 ἐπὶ
3291 4337 3645 4414 καρποφόρου
3713 4331 3880 4391 ἐλαίας

2257 4430 2599 4506 ἀναρτηθεὶς,
2659 4429 2719 4485 οὗ
2750 4432 2853 4506 γὰρ
2889 4430 2954 4500 ἦν
3000 4428 3161 4500 ξύλον
3211 4429 3374 4504 ξηρὸν
3434 4426 3573 4483 ὥστε
3628 4425 3701 4489 είς
3734 4446 3882 4481 σταυο

3265 1853 3324 1887 τε
3397 1832 3486 1886 καὶ
3574 1832 3896 1888 Πενταπόλει

500 4526 850 4581 suspensus,
892 4515 1047 4585 quod
1080 4514 1227 4571 aridi
1262 4516 1405 4589 ligni
1446 4519 1599 4576 unde
1628 4537 1769 4578 crux
1799 4523 1961 4581 ﬁeret
1989 4529 2151 4599 c0pia

2264 4523 2352 4597 ρὸν
2412 4519 2883 4595 διασκευασθῆναι,
2922 4527 3002 4596 τῷ
3061 4525 3176 4594 Θεῷ
3230 4523 3329 4592 τήν
3378 4521 3564 4595 ψυχὴν
3607 4517 3880 4592 παρατίθηο

499 4616 614 4655 non
649 4606 820 4670 esset,
857 4604 968 4659 Deo
1001 4605 1274 4677 spiritum
1308 4611 1755 4682 commendavit,
1789 4629 1919 4671 cum
1951 4620 2150 4674 octua-

500 4687 682 4759 ginta,
733 4695 798 4746 ut
846 4692 1080 4761 dicitur,
1132 4711 1315 4752 annos
1367 4703 1541 4754 natus
1591 4705 1767 4757 esset.
1819 4702 1926 4759 Ubi
1951 4713 2148 4771 autem

499 4794 712 4851 corpus
745 4781 871 4851 ejus
897 4781 1049 4838 inter
1078 4783 1190 4840 alia
1222 4787 1520 4858 complura
1553 4801 1926 4852 monumenta
1959 4797 2152 4867 sepul-

499 4872 628 4922 tum
668 4875 839 4939 esset,
892 4871 1146 4930 ﬁdelium
1197 4876 1455 4933 oratione
1485 4882 1574 4933 est
1615 4880 1952 4939 indicatum.
1986 4885 2150 4940 Salu-

499 4957 628 5013 bria
672 4959 826 5016 enim
882 4967 1031 5020 Deus
1085 4965 1323 5038 collyria
1357 4967 1584 5025 cmlitus
1617 4970 1674 5026 in
1707 4981 2150 5032 monumentum

500 5049 630 5118 ejus
663 5049 919 5119 demisit,
953 5054 1024 5109 ad
1071 5054 1374 5128 indicium,
1428 5067 1488 5113 ut
1536 5061 1758 5130 Opinor,
1792 5080 1945 5121 curae
1977 5083 2151 5123 sana-

501 5136 798 5208 tionisque
829 5139 976 5211 eius.
1033 5143 1190 5200 Unde
1221 5145 1394 5201 etiam
1428 5147 1762 5219 sepulcrum
1793 5154 1916 5223 ejus
1949 5171 1981 5209 a
2010 5155 2152 5212 ﬁde-

495 5224 650 5280 libus
709 5229 981 5286 emnibus
1038 5236 1128 5288 est
1184 5235 1500 5304 cognitum.
1562 5238 1766 5295 Fertur
1813 5240 1863 5298 is
1921 5259 2152 5316 quoque

494 5315 724 5381 primus
756 5317 987 5388 Chrisli,
1023 5326 1078 5377 et
1118 5338 1246 5394 qua:
1296 5340 1428 5380 eum
1477 5326 1558 5382 ita
1609 5332 1671 5382 ut
1704 5330 1881 5386 Deum
1913 5315 2154 5388 decebat

490 5405 717 5492 genuit,
757 5410 980 5478 matris,
1013 5417 1187 5483 atque
1219 5414 1358 5469 item
1386 5416 1718 5488 principum
1753 5422 2151 5492 apostolorum

495 5491 748 5563 efﬁgiem
772 5497 1052 5569 pingendi
1075 5508 1191 5558 arte
1213 5503 1594 5562 adumbrasse
1623 5522 1636 5561 :
1661 5491 1812 5566 unde
1837 5511 1896 5567 in
1915 5528 2150 5569 omnem

497 5579 708 5638 deinde
738 5582 1114 5646 habitabilem
1137 5591 1335 5649 orbem
1361 5597 1478 5651 tam
1505 5599 1900 5659 venerandum
1933 5607 1987 5659 et
2013 5617 2149 5674 pre-

2260 4633 2364 4687 σιν,
2421 4610 2760 4688 ὀγδοήκοντα
2816 4611 2949 4668 ἐτῶν
3008 4611 3326 4688 γενόμενος,
3385 4609 3460 4673 ὥς
3516 4611 3877 4688 φασιν.”οπου

2260 4700 2317 4757 δὲ
2363 4702 2424 4756 to‘
2462 4705 2621 4775 σῶμα
2663 4703 2830 4758 αὐτοῦ
2880 4703 3138 4772 κατετέθη
3193 4701 3388 4774 μεταξὺ
3441 4697 3717 4774 μνημείων
3759 4692 3877 4752 πολ·

2261 4791 2396 4863 λῶν,
2427 4795 2710 4866 προσευχῇ
2758 4797 2866 4847 τῶν
2905 4795 3111 4847 πιστῶν
3159 4790 3560 4864 καταμηνύεται
3588 4808 3601 4822 ·
3637 4785 3878 4858 κολλύρια

2259 4883 2364 4958 γὰρ
2420 4882 2639 4955 ἱατρικᾶ
2697 4882 2725 4936 ὁ
2785 4882 2914 4943 Θεὸς
2959 4881 3077 4936 ὗσεν
3137 4879 3337 4935 ἄνωθεν
3391 4883 3489 4934 τοῦ
3546 4877 3691 4933 θείου
3742 4875 3879 4930 αύτοῦ

2264 4973 2570 5046 μνήματος,
2604 4971 2681 5034 εἰς
2741 4967 3041 5045 σύμϐολον,
3075 4973 3251 5046 οἶμαι,
3278 4977 3378 5040 τῆς
3435 4968 3601 5025 αὐτοῦ
3652 4964 3880 5042 ἰατρείας.

2261 5062 2344 5134 Ἐξ
2394 5063 2455 5116 οὗ
2510 5061 2600 5116 καὶ
2642 5061 2922 5136 γνώριμος
2973 5063 3001 5116 ὁ
3059 5061 3226 5141 τάφος
3270 5065 3382 5122 τοῖς
3415 5057 3583 5113 αὐτοῦ
3612 5061 3740 5114 πᾶσι
3768 5054 3881 5109 καθ-

2270 5149 2280 5158 ,
2509 5157 2526 5158 7
2617 5151 2629 5158 _
2669 5147 2708 5158 ,ι
2796 5151 2809 5158 _
2859 5151 2870 5158 ι
3056 5152 3067 5158 _
3353 5149 3365 5158 _
3571 5155 3609 5158 __
3772 5144 3797 5154 _
3852 5140 3864 5158 ι

2267 5149 2467 5207 ίστατο.
2493 5151 2633 5206 Φασὶ
2666 5147 2723 5204 δὲ
2752 5151 2911 5206 αὐτὸν
2956 5152 3264 5226 πρώτιστον
3307 5149 3407 5218 τὴν
3455 5169 3514 5202 τε
3571 5144 3802 5217 Χριστοῦ
3827 5144 3884 5196 ιῖ-

2259 5241 2389 5294 κόνα
2430 5239 2520 5294 καὶ
2577 5246 2677 5310 τῆς
2730 5239 2886 5295 αὐτὸν
2931 5242 3244 5315 θεοπρεπῶς
3294 5237 3580 5308 τεκούσης,
3613 5232 3690 5291 ἔτι
3741 5232 3794 5289 δὲ
3813 5229 3881 5286 καὶ

2259 5334 2366 5384 τῶν
2407 5329 2718 5407 κορυφαίων
2768 5328 3112 5396 ἀποστόλων,
3165 5328 3252 5383 διὰ
3291 5332 3643 5405 ζωγραφικῆς
3681 5325 3885 5422 inopi:

2263 5440 2349 5474 σαι
2378 5420 2580 5496 τέχΛης
2612 5437 2626 5453 ο
2678 5421 2954 5474 καντεῦθεν
3004 5417 3079 5482 εἷς
3129 5422 3299 5474 πᾶσαν
3342 5417 3444 5486 τήν
3486 5415 3810 5488 οἰκουμένην
3836 5415 3885 5462 τὸ

2257 5511 2506 5564 τοιοῦντο
2565 5505 2775 5571 εὐσεϐὲς
2832 5509 2924 5565 καὶ
2975 5509 3240 5582 πάντιμον
3297 5502 3456 5582 ἔργον
3539 5503 3885 5578 ἐξενεχθῆναι.

2261 5598 2338 5658 Τό
2395 5619 2459 5677 γε
2509 5600 2617 5675 μὴν
2667 5597 2872 5664 αΐδοῦς,
2905 5597 3117 5672 ἇπᾶσης
3149 5594 3291 5672 ἄξιον
3319 5595 3384 5652 τὸ
3419 5594 3566 5674 ἱερὸν
3599 5592 3761 5650 αύτοῦ
3792 5587 3890 5646 λεί-
