4070 6274
168 293 284 354 877

1168 291 1781 357 ECGLESI’ASTICIE
1822 279 2213 359 HISTORle
2250 298 2406 361 LiB.
2450 297 2530 361 Π.

3449 298 3573 362 878

171 427 336 497 ψανον
399 421 787 495 Κωνστάντιος,
847 425 876 480 6
932 427 1030 480 τοῦ
1091 424 1339 500 μεγάλου
1402 426 1811 483 Κωνσταντίνου

1931 430 2142 488 tiosum
2184 449 2331 504 opus
2377 434 2466 489 est
2509 431 2753 488 illatum.
2804 430 3099 504 Reliquias
3146 430 3379 505 quidem
3420 436 3574 489 certe

173 514 309 584 υἱὸς,
363 510 435 567 δι’
476 512 769 589 Ἀρτεμίου
827 517 925 568 τοῦ
977 515 1233 590 μεγίστου
1295 516 1568 592 μάρτυρος
1617 517 1678 573 ἐκ
1707 525 1816 589 Θη-

173 601 283 659 ϐῶν
333 606 863 679 μετακομισάμενος,
912 606 1173 668 ὡσαύτως
1206 603 1263 661 δὲ
1287 607 1378 662 καὶ
1426 609 1489 663 τὸ
1535 613 1633 663 τοῦ
1664 628 1815 684 πρω-

172 694 451 766 τοκλήτὸυ
498 693 757 772 Ἀνδρέου
800 695 860 752 ἒκ
909 702 1135 774 Πατρῶν
1182 704 1282 769 τῆς
1331 699 1584 773 Ἀχαΐας,
1633 698 1711 754 ἔτι
1760 699 1816 755 δὲ

176 786 263 840 καὶ
294 784 355 840 ἐκ
396 793 491 856 τῆς
543 786 595 841 ἐν
643 786 797 858 Ἀσίᾳ
847 788 1077 862 Ἐφέσου
1124 787 1389 862 Τιμοθέου
1436 793 1533 844 τοῦ
1580 788 1816 844 ἀποστό-

177 872 299 941 λου,
329 873 384 929 ἐν
412 879 479 949 τῇ
511 874 786 950 ἐπωνύμῳ
814 880 912 930 τοῦ
941 877 1145 952 πατρὸς
1178 878 1347 932 αὐτοῦ
1396 876 1556 933 πόλει
1601 882 1680 950 τῷ
1707 882 1815 933 τῶν

175 963 333 1036 ἱερῶν
373 963 695 1019 ἀποστόλων
753 968 908 1036 σηκῷ
961 959 1270 1038 σεϐασμίως
1317 966 1591 1021 κατέθετο.
1642 965 1816 1021 Ἀλλᾶ

172 1052 296 1127 περὶ
332 1054 427 1125 μὲν
474 1056 582 1108 τῶν
632 1051 788 1108 θείων
836 1057 936 1108 τοῦ
984 1057 1219 1129 Χριστοῦ
1264 1058 1539 1128 φοιτητῶν
1592 1054 1817 1130 ἀρκούν-

175 1161 283 1204 τως
310 1141 370 1195 ἂν
404 1135 553 1216 ἔχοι.
598 1144 685 1198 Ἐν
736 1140 916 1216 μέντοι
954 1146 1035 1215 τῷ
1087 1143 1256 1217 τρίτῳ
1301 1138 1507 1216 βιϐλίῳ
1555 1141 1645 1198 καὶ
1692 1142 1813 1217 περὶ

174 1231 283 1283 τῶν
322 1229 535 1285 λοιπῶν
594 1228 917 1286 ἀποστόλων
964 1230 1060 1286 καὶ
1102 1232 1211 1286 τῶν
1260 1231 1487 1294 ἐκείνοις
1535 1229 1813 1307 διαδόχων

174 1317 423 1395 ἐροῦμεν,
471 1319 561 1376 καὶ
610 1322 728 1377 ὅσοι
781 1321 990 1378 τούτων
1045 1317 1287 1400 ἕγγραφα
1332 1322 1626 1379 κατέλιπον
1679 1324 1812 1378 ὑπο-

177 1411 455 1484 μνήματα.
505 1409 649 1475 Τέως
676 1430 740 1486 γε
788 1412 897 1485 μὴν
950 1410 1039 1465 ἰπὶ
1088 1415 1167 1484 τῷ
1214 1412 1439 1485 παρόντι
1489 1411 1632 1475 τίνες
1676 1410 1814 1480 ἦσαν

172 1500 223 1552 οἱ
278 1500 517 1573 μαθηταὶ
569 1503 803 1574 Χριστοῦ
858 1500 1087 1576 ῥητέον·
1117 1499 1258 1564 τίνες
1292 1498 1340 1555 δ’
1377 1499 1443 1555 αὗ
1496 1501 1556 1555 ἐκ
1602 1501 1816 1556 τούτων

170 1590 267 1657 τὴν
316 1588 575 1664 συζυγίαν
623 1589 955 1660 ἠσπάσαντο,
997 1589 1089 1645 καὶ
1120 1591 1239 1645 ὅσοι
1269 1594 1377 1644 τῶν
1425 1594 1658 1665 Χριστοῦ
1690 1587 1815 1645 δια-

172 1672 372 1751 τριϐῶν
426 1677 719 1734 κατέλιπον
764 1679 1175 1753 ύπομνήματαο
1207 1678 1343 1742 τίνες
1389 1700 1449 1734 τε
1496 1678 1648 1741 αὖθις
1687 1679 1813 1735 ἐπι-

172 1765 368 1832 στολάς
400 1787 414 1800 ·
480 1768 602 1824 τίνα
654 1789 713 1824 τε
766 1773 876 1824 τῶν
924 1770 1386 1845 συγγραμμάτων,
1436 1770 1513 1832 ὡς
1571 1766 1815 1843 ἀναπίρ-
1851 1812 1894 1875 Β

186 1855 197 1871 ρ
425 1857 441 1875 ς
501 1856 523 1875 ι
565 1854 590 1875 ς.
634 1859 679 1875 η.
856 1860 870 1875 .
932 1860 991 1875 ..η
1063 1856 1084 1875 κ
1184 1858 1196 1875 ι
1451 1860 1464 1875 ,
1737 1857 1749 1875 Ι

174 1855 307 1928 ῥητα
349 1857 443 1912 καὶ
501 1854 793 1928 ἒνδιάθηκα
846 1860 881 1927 ἡ
932 1856 1231 1928 Ἐκκλησία
1286 1860 1603 1934 προσήκατο
1635 1876 1651 1890 ⁸
1700 1857 1816 1913 τίνα

170 1965 226 2000 τε
252 1944 418 2002 πάλιν
454 1947 532 2010 ὡς
556 1947 686 2003 νόθα
714 1948 806 2003 καὶ
835 1946 1229 2025 παρέγγραπτα
1258 1947 1563 2004 ἀπεώσατο.

780 2061 1042 2115 ΚΕΦΑΛ.
1083 2061 1212 2114 MA'.

176 2144 364 2220 Τίνες
404 2143 580 2220 εἷσ-ὶν
610 2144 676 2199 οἱ
725 2141 1309 2220 δώδεκαᾼΧριστοῦ
1361 2144 1670 2220 μαθηταὶ,
1708 2145 1814 2220 καὶ

242 2215 651 2343 ἐπόστολοι,
681 2217 786 2272 καὶ
817 2216 963 2272 ὅσοι
996 2215 1373 2273 ἐκτούτων
1411 2215 1610 2292 γάμῳ
1642 2218 1816 2291 ὡμί-

293 2309 487 2343 ησαν.
1724 2337 1727 2340 ι

293 2309 487 2359 ησαν.
1724 2337 1727 2340 ι

246 2396 460 2454 Δώδεκα
494 2398 592 2472 μὶν
636 2397 729 2453 οὖν
778 2399 915 2468 ¹ἦσαν
966 2399 1019 2454 οἱ
1069 2396 1392 2469 ἀπόστολοι,
1441 2395 1818 2471 ἑϐδομήκοντα

181 2483 235 2541 δὲ
279 2487 555 2561 μαθηταί·
608 2484 772 2543 ἄλλοι
820 2488 869 2543 δ’
917 2487 1004 2543 ἐπὶ
1052 2487 1269 2552 τούτοις
1317 2488 1523 2563 μυρίοι.
1570 2488 1721 2545 Ἐπεὶ
1770 2484 1818 2542 δ’

182 2574 388 2650 ἀγνοεῖν
429 2574 672 2639 πολλοῖς
721 2575 913 2647 ἔπεισι,
962 2578 1106 2640 τίνες
1137 2579 1188 2632 οἱ
1223 2576 1485 2651 μαθηταί,
1531 2575 1819 2653 ἀναγκαῖον

185 2663 367 2736 ᾠήθην
396 2665 487 2721 καὶ
520 2665 688 2728 ἅύτὰς
718 2666 812 2730 τάς
840 2666 991 2742 ἱερὰς
1031 2665 1208 2722 αὐτῶν
1254 2664 1480 2737 κλήσεις
1508 2671 1624 2729 τοῖς
1675 2686 1816 2739 παρ.

183 2757 327 2809 οῦσιν
354 2752 583 2824 ἒντάεαι.
636 2760 945 2832 Κορυφαῖος
981 2756 1074 2829 μὶν
1122 2755 1337 2811 οὖντοῦ
1385 2760 1562 2833 χοροῦ
1612 2753 1818 2830 Πέτρος

183 2840 291 2898 ἔστί
324 2864 337 2878 ο
396 2840 639 2917 δεύτερος
689 2841 946 2919 ’Δνδρέας
1007 2846 1035 2900 6
1091 2843 1327 2922 ἀδελφὸς
1374 2844 1539 2900 αὐτοῦ
1571 2863 1585 2879 ο
1634 2844 1816 2919 τρίτο)

184 2928 432 2996 Ἰάκωϐος
462 2935 491 2988 ό
530 2937 627 2988 τοῦ
674 2929 959 2989 Ζεϐεδνίου
1012 2933 1329 3006 ἐπικληθείς
1363 2954 1376 2969 ·
1422 2935 1511 2989 καὶ
1562 2932 1817 3005 Ἰωάννής

188 3022 214 3075 6
257 3018 489 3095 ἀδελφὸς
552 3022 738 3093 αὐτοῦ,
790 3022 818 3077 6
866 3023 1244 3098 ἠγαπημένος,
1293 3023 1556 3098 παρθένος
1601 3043 1660 3079 τε
1705 3018 1820 3098 ἅμα

189 3111 271 3165 καὶ
298 3108 614 3183 ἒπισττςθιος
639 3131 653 3145 ·
686 3113 937 3186 πέμπτος
982 3110 1262 3177 Φιλιππος
1284 3132 1297 3146 ·
1347 3108 1507 3175 ἕκτος
1539 3111 1821 3187 Βαρθολο-

191 3204 379 3273 μαῖος·
436 3175 642 3277 Θωμᾶς
705 3175 943 3276 ἕϐδομος
978 3220 993 3237 ·
1061 3202 1179 3257 εἶτα
1244 3175 1517 3266 Ματθαῖος
1583 3175 1818 3280 εύαγγε-
1850 3175 1894 3244 C

188 3286 366 3360 λιστής
407 3287 610 3368 ὄγδοος
637 3308 652 3325 ο
695 3288 878 3353 ἔνατος
926 3292 1064 3366 πρὸς
1107 3290 1324 3353 τούτοις
1373 3285 1636 3353 Ἰάκωϐος
1662 3292 1690 3346 6
1720 3294 1818 3346 τοῦ

186 3377 408 3457 Ἀλφαίυ
456 3380 598 3450 υἱὸς,
652 3381 762 3459 οὐχ
803 3381 832 3435 6
880 3377 1244 3456 ἀδελφόθεος·
1298 3376 1518 3441 δέκατος
1567 3378 1772 3443 Ἰούδας
1800 3395 1816 3414 ³

182 3468 224 3539 ᾧ
253 3467 521 3533 Θαδδαῖός
550 3489 611 3525 τε
638 3468 729 3525 καὶ
776 3465 1007 3533 Λεϐαῖος
1039 3470 1105 3539 ἦν
1135 3468 1318 3546 ἕτερον
1365 3465 1543 3542 ὄνομα
1568 3489 1580 3502 ⁸
1614 3470 1673 3533 ὃς
1704 3471 1820 3533 υἱὸς

185 3558 273 3629 μὲν
329 3558 628 3635 ἐτύγχανεν
680 3554 755 3614 ὤν
804 3563 902 3614 τοῦ
955 3561 1261 3635 μνήπορος
1310 3560 1535 3636 Ἰωσήφ,
1587 3556 1821 3633 ἀδελφὸς

181 3643 234 3701 δὲ
282 3644 572 3717 Ἰακώϐου,
620 3647 683 3712 ’ὸς
728 3646 1056 3725 ἀδελφόθεος
1105 3648 1500 3722 ἐπωνόμαστο·
1548 3645 1824 3711 ἑνδέκατος

182 3734 263 3791 ἐπὶ
291 3736 508 3799 τούτοις
542 3736 732 3811 Σίμνω
765 3738 793 3793 6
824 3735 1091 3810 Ζηλωτής
1117 3756 1130 3771 ⁸
1163 3740 1255 3793 καὶ
1296 3735 1597 3800 δωδέκατος
1631 3738 1659 3792 6
1688 3757 1823 3811 προ-

182 3822 340 3897 δότης
400 3824 616 3890 Ἰούδας
652 3846 665 3861 ·
725 3827 788 3883 οὗ
844 3833 915 3903 τῇ
965 3826 1245 3901 ἀπληστίᾳ
1289 3834 1393 3898 τῆς
1450 3827 1823 3906 φιλαργυρίας

182 3911 585 3993 διαβραγέντος,
654 3915 894 3979 Ματθίας
967 3918 1059 3973 τὸν
1133 3914 1438 3973 δωδέκατον
1508 3916 1826 3992 ἰπλήρωσεν

181 4001 424 4078 ἀριθμόν.
477 4004 647 4060 Οὗτοι
703 4006 799 4078 μὲν
830 4004 924 4060 οῦν
975 4007 1029 4062 οἱ
1075 4010 1195 4067 ταῖς
1247 4004 1536 4075 ἀληθείαις
1583 4008 1825 4080 Χριστοῦ

1923 521 2072 590 ejus,
2105 521 2323 578 honore
2357 521 2563 593 quovis
2595 521 2824 593 dignas,
2858 521 3258 584 Constantius,
3291 521 3571 579 Constan-

1926 610 2034 667 tini
2066 613 2255 683 Magni
2291 613 2469 680 filius,
2522 628 2624 685 per
2654 612 2994 683 Artemium,
3038 613 3357 669 maximum
3407 613 3573 668 illum

1925 705 2260 772 martyrem,
2312 702 2545 769 Thebis,
2608 702 2780 758 sicuti
2831 703 3168 774 etiam'qui
3219 702 3445 773 primus
3500 703 3572 757 ad

1923 791 2314 862 apostolatum
2347 796 2436 848 est
2464 798 2717 864 vocatus,
2744 792 3011 860 Δηὼ-ϐω,
3033 791 3223 847 Patris
3246 808 3314 847 ex
3334 791 3571 861 Achaia,

1923 883 1980 935 et
2022 879 2221 936 itidem
2272 881 2562 937 Timothei
2614 879 2857 953 apostoli
2907 896 2976 937 ex
3023 879 3169 936 Asiae
3218 880 3465 952 Epheso,
3514 880 3573 936 in

1923 970 2323 1041 cognominem
2375 971 2522 1044 patri
2571 987 2676 1027 suo
2727 972 2928 1028 urbem
2977 970 3312 1039 translatas,
3343 968 3567 1041 templo

1923 1059 2140 1116 sanctis
2187 1059 2470 1132 apostolis
2526 1076 2690 1117 sacro
2738 1059 2958 1117 intulit.
3003 1059 3217 1116 Verum
3258 1060 3331 1115 de
3359 1058 3573 1116 divinis

1922 1148 2134 1205 Christi
2192 1149 2497 1221 discipulis
2549 1150 2672 1206 haec
2720 1150 2877 1207 dicta
2924 1149 3242 1207 sufﬁciant.
3288 1151 3355 1205 In
3404 1148 3573 1204 tertio

1923 1238 2081 1294 enim
2111 1238 2322 1294 deinde
2348 1238 2518 1308 libro,
2547 1237 2617 1294 de
2648 1237 2895 1311 reliquis
2927 1239 3228 1312 apostolis,
3260 1252 3575 1310 eorumque

1923 1327 2385 1396 successoribus,
2433 1332 2489 1385 et
2538 1344 2665 1400 quas
2714 1328 2968 1401 quisque
3020 1344 3223 1386 eorum
3272 1326 3576 1400 reliquerit

1923 1416 2161 1488 scripta,
2192 1416 2496 1473 historiam
2529 1422 2815 1474 texemus.
2866 1418 2929 1473 In
2979 1416 3282 1488 praesentia
3310 1416 3414 1473 illa
3443 1431 3573 1488 pcr-

1922 1505 2223 1577 sequenda
2284 1505 2546 1573 veniunt,
2601 1505 2843 1577 quinam
2895 1504 3113 1563 fuerint
3157 1505 3373 1562 Christi
3427 1521 3573 1577 apo-

1922 1592 2059 1650 stoli
2092 1611 2105 1651 :
2140 1595 2288 1651 2ll
2327 1595 2429 1667 qui
2458 1610 2525 1650 ex
2554 1593 2627 1651 iis
2659 1595 2937 1667 conjuges
2968 1593 3205 1665 fuerint,
3234 1593 3337 1666 qui
3376 1608 3571 1650 rerum

1923 1699 1958 1737 a
2015 1683 2242 1739 Christo
2299 1690 2593 1755 gestarum
2654 1687 3034 1740 monumenta
3103 1682 3410 1751 ediderint,
3473 1683 3572 1755 qui

1923 1772 2099 1828 etiam
2129 1771 2403 1843 epistolas
2433 1788 2448 1827 :
2480 1789 2608 1844 quas
2639 1773 2779 1829 item
2811 1772 3047 1844 scripta,
3094 1778 3160 1827 ut
3201 1771 3576 1843 irrefragabi—

1926 1860 2003 1915 lia
2030 1864 2087 1916 et
2124 1863 2578 1931 testamentaria,
2612 1862 2869 1918 Ecclesia
2892 1861 3211 1933 receperit:
3243 1875 3370 1932 quea
3399 1862 3572 1917 etiam

1932 1954 1994 2004 ut
2023 1950 2222 2021 spuria
2252 1956 2309 2005 et
2336 1949 2665 2006 adulterina
2696 1950 2981 2022 rejecerit.

2508 2056 2741 2113 CAPUT
2779 2056 2975 2113 XLIV.

1929 2146 2036 2214 Qui
2063 2146 2177 2201 sint
2206 2144 2494 2202 duodecim
2527 2144 2734 2201 Christi
2744 2145 3024 2219 discipuli
3050 2149 3105 2201 et
3132 2146 3381 2218 apostoli,
3413 2151 3466 2203 et
3484 2150 3579 2219 qui

2220 2234 2290 2274 ex
2318 2220 2397 2274 ei:
2423 2217 2847 2274 matrimonium
2875 2217 3271 2275 contraxerint.

1999 2401 2191 2471 Atque
2220 2397 2491 2471 equidem
2524 2399 2830 2456 duodecim
2861 2399 3098 2457 fuerunt
3125 2400 3372 2471 apostoli
3399 2418 3412 2458 :
3445 2417 3576 2475 sep-

1929 2490 2189 2561 tuaginta
2225 2493 2420 2546 autem
2462 2488 2750 2561 discipuli.
2794 2489 2864 2545 Et
2908 2493 3116 2561 praeter
3147 2490 3273 2562 hos,
3306 2491 3575 2548 innume-

1929 2580 2141 2636 rabiles
2170 2580 2290 2636 alii.
2323 2580 2802 2651 Quandoquidem
2843 2596 2978 2637 vero
3010 2579 3202 2650 multi,
3234 2581 3333 2654 qui
3369 2582 3578 2639 fuerint

1930 2669 2224 2741 discipuli,
2251 2670 2544 2741 ignorant,
2574 2670 2902 2727 feciendum
2936 2673 3155 2743 putavi,
3192 2678 3252 2727 ut
3283 2688 3449 2727 sacra
3477 2687 3575 2729 eo-

1928 2775 2061 2816 rum
2101 2759 2340 2815 nomina
2384 2759 2606 2831 scripto
2654 2760 2792 2815 huic
2840 2759 3178 2817 insererem.
3223 2760 3577 2833 Coryphaeus

1929 2848 2128 2921 itaque
2173 2851 2232 2904 et
2279 2847 2550 2921 princeps
2595 2848 2757 2905 chori
2788 2849 2934 2920 ejus,
2968 2853 3057 2904 est
3086 2851 3330 2917 Petrus;
3366 2866 3579 2906 secun-

1928 2937 2063 3005 dus,
2114 2937 2290 2993 frater
2334 2937 2462 3008 ejus
2514 2938 2821 3006 Andreas;
2871 2939 3098 3003 tertius,
3151 2938 3428 3003 Jacobus,
3481 2939 3581 3012 qui

1927 3025 2185 3083 Zebedzei
2217 3032 2304 3116 est
2351 3026 2572 3116 dictus;
2607 3033 2867 3097 quartus,
2913 3029 3166 3083 Joannes
3216 3028 3391 3084 frater
3427 3029 3582 3116 ejus,

1931 3116 2181 3174 dilectus
2211 3115 2330 3187 ille,
2384 3119 2441 3172 et
2487 3115 2675 3189 virgo,
2735 3116 2837 3188 qui
2888 3133 3065 3189 supra
3096 3123 3296 3189 pectus
3326 3116 3585 3187 Magistri

1932 3206 2239 3275 recubuit;
2295 3205 2563 3277 quintus,
2624 3204 2962 3278 Philippus;
3013 3210 3230 3275 sextus,
3283 3205 3587 3263 Bartholo-

1934 3312 2160 3368 minus;
2220 3295 2498 3363 Thomas,
2559 3296 2897 3366 septimus;
2958 3295 3169 3352 deinde
3225 3296 3589 3367 evangelista

1931 3384 2258 3455 Mattheus,
2306 3387 2581 3453 octavus;
2615 3399 2804 3440 nonus
2853 3387 2984 3455 post
3032 3383 3161 3451 hos,
3201 3382 3458 3439 Jacobus
3489 3383 3588 3439 Αι-

1930 3472 2077 3544 phasi
2111 3473 2308 3541 Filius,
2330 3488 2447 3527 non
2482 3470 2631 3528 alter
2659 3470 2756 3528 ille
2783 3473 2962 3528 frater
2992 3471 3259 3541 Domini;
3293 3472 3578 3539 decimus,

1933 3561 2141 3633 Judas,
2170 3562 2266 3633 qui
2317 3561 2456 3618 item
2509 3560 2862 3630 Thaddmus,
2894 3567 3066 3633 atque
3096 3561 3272 3617 etiam
3307 3560 3582 3617 Lebbmus

1934 3656 2025 3709 est
2053 3651 2289 3708 dictus:
2336 3650 2386 3706 is
2425 3648 2584 3706 filius
2629 3649 2864 3722 quidem
2906 3650 3015 3706 fuit
3068 3649 3307 3722 Josephi
3358 3651 3581 3724 sponsi,

1938 3742 2115 3798 frater
2142 3747 2336 3797 autem
2368 3739 2563 3795 Jacobi
2596 3755 2764 3812 quem
2815 3739 3050 3797 fratrem
3083 3739 3182 3796 Dei
3214 3741 3443 3810 dixere;
3477 3757 3584 3796 un-

1935 3829 2197 3888 decimus
2229 3830 2463 3898 horum,
2494 3827 2696 3885 Simon
2727 3828 2947 3885 Zelotes
2976 3847 2991 3898 ;
3026 3828 3429 3899 duodecimus,
3462 3844 3591 3902 pro-

1935 3920 2087 3975 ditor
2115 3919 2291 3975 Judas
2324 3935 2338 3974 :
2372 3919 2472 3990 qui
2514 3933 2649 3973 cum
2701 3916 3032 3990 inexplebili
3072 3918 3329 3975 avaritiaa
3363 3918 3592 3991 cupidi-

1935 4013 2053 4067 tate
2107 4009 2454 4082 crepuisset,
2512 4006 2788 4064 Matthiae
2858 4008 3285 4065 duodenarium
3342 4007 3590 4081 explevit

186 4093 435 4164 μαθηταί.
467 4099 529 4149 '0
585 4095 771 4168 μέντοι
815 4093 1057 4166 Παῦλος,
1084 4095 1150 4151 τὸ
1179 4099 1367 4158 σκεῦος
1418 4102 1520 4166 τῆς
1565 4092 1820 4171 ἐκλογῆς,

1937 4113 2267 4155 numerum.
2300 4097 2367 4153 Et
2402 4096 2442 4152 ii
2472 4096 2715 4168 quidem
2747 4098 2889 4152 sunt
2918 4111 3119 4153 revera
3155 4095 3372 4154 Christi
3403 4096 3588 4153 disci-

183 4182 301 4239 οὔτε
345 4188 464 4247 τοῖς
525 4178 735 4240 δώδεκα
784 4183 1251 4258 συγκατιίλεκται,
1303 4182 1428 4240 οὔτε
1469 4185 1577 4259 μὴν
1618 4183 1671 4240 ἐν
1710 4189 1820 4249 τοῖς

1931 4188 2077 4260 puli.
2111 4186 2329 4244 Paulus
2356 4202 2511 4256 vero,
2544 4184 2843 4242 electionis
2882 4201 3004 4247 vas,
3039 4200 3228 4258 neque
3259 4186 3412 4242 inter
3439 4186 3588 4242 duo-

183 4268 567 4346 ἑϐδομήκοντα
599 4293 613 4307 ·
664 4271 791 4329 ἀλλ’
835 4272 887 4328 ἐν
936 4275 1099 4329 πᾶσίν
1148 4274 1262 4331 ἐστι
1306 4274 1398 4330 καὶ
1454 4275 1562 4348 πρὸ
1608 4274 1820 4329 πάντων

1937 4277 2150 4347 decim,
2202 4291 2393 4348 neque
2440 4276 2592 4332 inter
2638 4274 3008 4347 septuaginta
3057 4281 3438 4333 recensetur:
3485 4275 3586 4331 sed

183 4360 267 4418 καί
309 4363 442 4436 μετᾶ
481 4362 720 4433 πάντων,
770 4361 961 4437 οἷάπερ
1005 4361 1294 4437 οὐρανόθεν
1340 4361 1593 4435 κληθεὶς,
1645 4360 1820 4442 διαιρε-

1936 4367 1996 4423 in
2027 4365 2299 4422 omnibus
2353 4364 2403 4421 is
2450 4367 2560 4432 est,
2609 4367 2668 4419 et
2714 4369 2848 4419 ante
2898 4380 3126 4435 omnes,
3158 4371 3376 4420 etcum
3407 4362 3590 4419 omni-

189 4447 384 4525 ρὸντως
428 4452 565 4527 ὑπὲρ
614 4453 848 4516 ἅπαντας
893 4455 973 4525 τῷ
1019 4452 1147 4526 θείῳ
1196 4449 1524 4529 Εὒαγγελίῳ
1569 4471 1820 4523 πεπονη-

1938 4457 2102 4523 bus;
2154 4455 2368 4526 quippe
2426 4453 2526 4524 qui
2587 4452 2814 4508 ccelitus
2861 4460 3099 4510 vocatus
3147 4451 3243 4520 sit,
3291 4455 3350 4508 et
3408 4467 3589 4523 supra

186 4540 312 4604 κώς.
344 4544 438 4596 Ἐκ
471 4542 571 4616 μὶν
620 4540 827 4597 τούτων
859 4541 958 4611 τήν
1006 4539 1264 4617 συζυγίαν
1315 4542 1463 4597 οῦτοι
1493 4540 1820 4611 ἠσπάσαντο,

1937 4560 2138 4603 omnes
2168 4542 2458 4616 praecipue
2505 4541 2701 4597 divino
2748 4540 3061 4613 Evangelia
3104 4539 3476 4612 propagando
3506 4538 3589 4594 la-

188 4627 259 4692 ὥς
307 4651 440 4710 φησι
500 4627 741 4704 Κλήμης
798 4630 827 4685 6
872 4634 1221 4706 στρῶματεὺς
1268 4629 1319 4685 ἐν
1377 4633 1456 4703 τῷ
1501 4628 1672 4706 τρίτῳ
1718 4633 1820 4687 τῶν

1936 4634 2249 4691 boraverit.
2282 4634 2363 4688 Ex
2396 4630 2487 4688 his
2521 4630 2859 4702 conjugium
2891 4633 3026 4685 sunt
3054 4627 3329 4702 amplexi,
3363 4634 3426 4683 ut
3454 4626 3592 4699 qui-

187 4716 389 4795 λόγων,
438 4720 535 4783 οὓς
571 4725 1006 4795 Στρωματεῖς
1048 4718 1330 4799 ἐπιγράφει
1355 4737 1370 4753 ·
1422 4719 1559 4776 κατὰ
1586 4719 1693 4796 γὰρ
1719 4723 1820 4776 τῶν

1940 4724 2073 4779 dem
2130 4723 2397 4779 Clemens
2452 4722 2774 4788 contextor,
2832 4718 2892 4774 in
2950 4719 3127 4774 tertio
3185 4717 3331 4774 libro
3388 4732 3591 4772 eorum

186 4808 517 4866 ἀθετούντων
546 4808 674 4872 τοὺς
701 4809 914 4887 γάμους
948 4807 1099 4884 μάλα
1147 4810 1468 4890 φερόμενος,
1519 4808 1662 4865 οὕτω
1691 4809 1820 4864 κατᾶ

1937 4812 2499 4871 Commentariorum
2535 4825 2683 4882 quos
2735 4811 3089 4881 Στρωματεῖς
3132 4806 3449 4879 inscripsit,
3480 4810 3596 4862 tra-

188 4893 326 4970 λέξιν
380 4902 474 4956 καὶ
522 4898 652 4957 τάδε
690 4898 935 4973 διέξεισιν
961 4923 974 4936 ·
1010 4924 1038 4956 ις
1070 4902 1140 4957 Ἦ
1192 4900 1342 4957 οῦτοί
1370 4904 1420 4976 γ’
1450 4904 1509 4957 ἀν
1558 4900 1651 4958 καὶ
1695 4901 1820 4964 τοὺς

1940 4902 2022 4958 dit
2055 4918 2070 4958 :
2103 4902 2160 4957 in
2194 4909 2622 4973 oppugnatores
2670 4912 2927 4969 namque
2975 4895 3233 4968 conjugii
3274 4894 3466 4952 acrius
3496 4894 3590 4951 in-

188 4986 526 5053 ἆποστόλους
601 4988 1121 5067 ἀποδοκιμάσουσι;
1174 4992 1376 5068 Πέτρος
1447 4992 1541 5066 μὲν
1589 4992 1691 5068 γὰρ
1739 4990 1820 5045 καῖ

1937 4991 2173 5061 vehens,
2210 4990 2295 5047 sic
2340 4988 2534 5045 verbis
2582 4987 2745 5043 hisce
2793 4986 2976 5042 utitur
3008 5001 3022 5040 :
3055 5006 3083 5035 ‹‹
3118 4986 3199 5041 An
3230 4983 3329 5040 isti
3360 4983 3592 5039 tandem

191 5077 467 5142 Φίλιππος
500 5076 997 5152 ἐπαιδοποιήσαντο
1022 5097 1038 5112 ⁸
1073 5080 1355 5142 Φίλιππος
1387 5077 1446 5134 δὲ
1490 5079 1580 5135 καὶ
1610 5080 1707 5144 τὰς
1733 5080 1834 5134 θυ-

189 5168 413 5240 γατέρας
470 5166 723 5246 ἀνδράσιν
801 5167 1044 5243 ἐξέδωκε.
1108 5171 1210 5227 Καὶ
1266 5169 1297 5224 6'
1340 5190 1403 5245 γε
1458 5169 1677 5230 Παῦλος
1735 5167 1835 5224 οὐκ

191 5255 334 5311 ὀκνεῖ
361 5253 414 5313 ἔν
462 5279 571 5314 τινι
618 5256 884 5334 ἒπιστολῇ
932 5261 1031 5330 τὴν
1078 5257 1244 5315 αὐτοῦ
1292 5257 1517 5336 σύζυγον
1559 5277 1835 5334 προσαγο-

193 5348 390 5419 ρεῦσαι,
424 5347 492 5417 ἥν
522 5348 586 5404 οὗ
634 5350 989 5424 περιεκόμιζε
1019 5346 1107 5404 διὰ
1154 5349 1217 5404 τὸ
1255 5355 1357 5419 τῆς
1402 5347 1698 5425 ὑπηρεσίας
1747 5346 1835 5402 εύ-

190 5434 401 5499 σταλές.
435 5461 465 5491 '»
520 5439 649 5513 Περὶ
702 5440 888 5514 μέντοι
935 5442 1033 5495 τοῦ
1084 5440 1232 5495 θείου
1282 5437 1490 5515 Πέτρου
1536 5437 1626 5493 καὶ
1675 5436 1729 5493 ἐν
1757 5440 1837 5509 τῷ

195 5521 412 5600 ἑϐδόμῳ
470 5534 780 5604 στρωμανεῖ
832 5530 924 5586 τὸν
996 5528 1261 5603 μακάριόν
1312 5549 1445 5606 φησι
1502 5531 1695 5584 τοῦτον
1737 5527 1837 5597 τὴν

199 5620 423 5672 σεαυτοῦ
461 5624 689 5693 γυναῖκα
737 5619 1067 5696 θεασάμενον
1099 5617 1451 5696 ἀπαγομένην
1481 5618 1580 5687 τὴν
1608 5617 1697 5673 ἐπὶ
1737 5615 1836 5672 θά-

1940 5079 2231 5152 apostolos
2274 5092 2508 5150 quoque
2565 5074 2878 5148 rejicient‘l
2926 5075 3129 5130 Petrus
3184 5072 3479 5145 siquidem
3537 5078 3594 5127 et

1942 5169 2247 5241 Philippus
2284 5166 2485 5223 liberis
2514 5163 2782 5222 creandis
2828 5178 3063 5236 operam
3115 5161 3423 5219 dederunt.
3455 5159 3596 5216 Phi-

1943 5258 2135 5329 lippus
2165 5272 2336 5329 porro
2361 5254 2513 5311 filias
2540 5253 2710 5310 etiam
2734 5269 2876 5308 suas
2907 5251 3050 5308 viris
3071 5252 3131 5307 in
3157 5249 3596 5307 matrimonium

1942 5346 2175 5404 locavit.
2236 5345 2455 5402 Paulus
2516 5357 2750 5417 quoque
2796 5358 2914 5399 non
2962 5347 3196 5397 veretur
3239 5340 3299 5397 in
3359 5339 3599 5412 epistola

1945 5436 2197 5508 quadam
2248 5450 2581 5508 comparem
2621 5448 2789 5489 suam
2821 5429 3168 5489 salutatione
3197 5428 3547 5501 compellare
3579 5443 3595 5483 :

1946 5524 2099 5582 212
2132 5540 2308 5596 quam
2338 5524 2570 5597 quidem
2618 5522 2717 5578 ille
2763 5524 3069 5592 propterea
3104 5534 3304 5575 secum
3346 5535 3459 5575 non
3492 5520 3598 5574 cir-

1946 5612 2275 5686 cumduxit,
2304 5615 2373 5671 ut
2401 5609 2633 5671 facilius
2663 5608 2717 5667 ei
2760 5607 3200 5683 expeditiusque
3239 5610 3397 5667 esset
3424 5605 3598 5664 Verbi
