4070 6274
211 436 335 500 881

1233 439 1863 508 ΕΟΟΒΕΞΙΑΞΤΙΟΕ
1903 434 2295 499 HISTORUE
2336 434 2484 497 LIB.
2530 434 2607 497 ll.

3507 434 3628 500 882

208 570 518 643 Ἐκκλησία
576 569 887 645 ἀπόϐλητα.
921 575 1017 631 Καὶ
1078 581 1297 652 πρῶτον
1352 582 1478 655 περὶ
1526 584 1637 637 τῶν
1697 580 1856 634 θεῖων

1975 574 2157 631 notha
2195 578 2250 627 et
2305 571 2612 644 illegitima
2659 571 3071 643 repudiaverit,
3116 572 3406 645 reliquum
3434 577 3524 630 est
3562 578 3628 630 ut

213 681 321 733 μοι
365 660 724 735 Εὐαγγελίων
780 662 1117 738 ἱστορητέον.
1167 668 1561 743 Ὑπομνήματα
1620 670 1714 734 μὶν
1770 668 1863 723 οὗν

209 753 327 805 τῶν
374 754 472 806 τοῦ
523 752 724 827 Κυρίου
776 749 1067 828 διατριϐῶν
1111 753 1205 811 δύο
1259 759 1455 828 μόνους
1496 763 1604 814 τῶν
1657 757 1866 815 δώδεκα

206 837 380 912 ’ίσμεν
430 842 928 916 συγγραψαμένους,
961 846 1240 900 Ματθαῖον
1285 847 1375 902 καὶ
1419 846 1675 920 Ἰωάννην
1708 865 1723 881 ⁶
1773 849 1863 903 καὶ

208 927 275 982 ἐκ
305 932 413 982 τῶν
441 931 488 983 ο¹
519 927 614 984 δύο
654 929 890 1004 ἑτέρους,
922 933 1140 1006 Μάρκον
1190 934 1280 989 καὶ
1318 941 1555 994 Λουκᾶν.
1588 936 1685 991 Καὶ
1734 939 1863 993 πάν-

207 1038 315 1079 τας
363 1016 420 1072 δε
470 1015 541 1073 δι’
583 1017 820 1094 ἀνάγκης
879 1021 1097 1097 κατέχει
1154 1022 1319 1097 λόγος
1374 1025 1459 1080 ἐπὶ
1517 1025 1580 1080 τὸ
1637 1028 1861 1102 γράφειν

210 1106 418 1163 ἐλθεῖν.
452 1105 658 1163 Αὒτίκα
702 1108 803 1183 γὰρ
834 1114 1051 1183 πρῶτος
1094 1114 1368 1175 Ματθαῖος
1410 1115 1438 1168 6
1487 1114 1547 1169 ἐκ
1573 1115 1859 1186 τελωνίου,

210 1193 496 1272 Ἑϐραίοις
560 1198 653 1253 τὸν
732 1202 1002 1274 σωτήριον
1070 1200 1234 1277 λόγον
1308 1205 1569 1280 κηρύξας,
1640 1205 1859 1276 ἐπείπερ

208 1287 468 1361 ἀπαίρειν
508 1288 590 1361 ἐφ’
620 1284 775 1362 ἕτερα
821 1293 930 1344 τῶν
961 1291 1127 1346 ἐθνῶν
1179 1290 1269 1348 διὰ
1306 1292 1548 1364 σπουδῆς
1593 1295 1730 1370 εἶχε,
1756 1317 1861 1351 πα-

202 1374 351 1451 τρίῳ
407 1374 632 1451 γλώττῃ
690 1378 751 1432 τὸ
814 1380 933 1433 κατ’
989 1379 1147 1435 αὐτὸν
1207 1380 1540 1459 Εὗαγγὲλιον
1603 1384 1735 1457 μετᾶ
1797 1386 1860 1441 ιε’

203 1462 311 1535 ἔτη
344 1472 445 1536 τῆς
493 1470 730 1540 Χριστοῦ
776 1467 1105 1543 ἀναλήψεως
1152 1471 1592 1545 καταλελοιπὼς,
1640 1476 1703 1531 τὸ
1742 1472 1858 1531 λεῖ-

205 1572 321 1607 πον
368 1558 471 1622 τῆς
519 1554 688 1610 αὐτοῦ
728 1555 1025 1631 παρουσίας
1069 1555 1159 1613 διὰ
1199 1566 1299 1629 τῆς
1347 1568 1561 1638 γραφῆς
1610 1561 1859 1634 ἀπεπλή-

204 1663 334 1717 ρου.
371 1640 564 1717 Χρόνῳ
593 1642 651 1699 δὲ
696 1643 898 1717 πολλῷ
927 1645 1144 1723 ὕστερον
1188 1648 1411 1724 Μάρκου
1457 1672 1515 1707 τε
1555 1651 1644 1707 καί
1676 1657 1858 1708 Λουκᾶ

202 1732 320 1789 ὕπὸ
352 1733 541 1807 Πὲτρῳ
567 1736 667 1804 τὴν
714 1737 833 1791 κατ’
862 1736 1059 1799 αὐτοὺς
1104 1743 1216 1794 τῶν
1258 1740 1604 1817 Εὗαγγελίων
1644 1736 1857 1798 ἔκδοσιν

201 1823 583 1892 πὸιησάντων,
644 1825 903 1895 Ἰωάννην
957 1826 1220 1904 πρότερον
1281 1828 1509 1907 ἀγράφῳ
1565 1832 1856 1910 χρώμενον

1977 661 2324 720 scribamus.
2359 663 2440 716 Ac
2474 661 2726 731 primum
2760 660 2999 732 quidem
3030 660 3102 717 de
3133 662 3347 717 divinis
3380 661 3624 735 Evange-

1974 751 2070 807 liis
2099 754 2188 807 est
2231 749 2566 806 dicendum.
2620 753 2818 821 Itaque
2867 750 2939 806 de
2989 750 3162 806 rebus
3213 751 3529 809 Servstoris
3567 758 3624 809 et

1978 839 2205 896 Domini
2256 839 2435 895 nostri
2483 839 2632 895 duos
2689 854 2759 894 ex
2811 838 3117 895 duodecim
3176 840 3458 910 apostolis
3504 845 3624 896 tan-

1973 935 2100 987 tum
2149 931 2455 987 historiam
2508 930 2812 1002 scripsisse
2865 930 3106 998 scimus,
3167 930 3506 987 Matthum
3567 939 3621 989 et

1970 1020 2278 1088 Joannem,
2301 1024 2357 1076 et
2385 1037 2454 1076 ex
2486 1019 2858 1091 septuaginta
2888 1018 3003 1075 illis
3034 1019 3237 1075 itidem
3269 1020 3436 1086 duos,
3467 1019 3618 1077 Mar-

1971 1126 2103 1167 cum
2133 1115 2190 1166 et
2220 1110 2454 1166 Lucam.
2491 1108 2704 1165 Omnes
2741 1112 2934 1164 autem
2967 1107 3065 1163 isti
3096 1108 3443 1166 necessitate
3472 1126 3615 1181 qua-

1970 1199 2107 1256 dam
2146 1199 2218 1255 ad
2251 1198 2624 1255 scribendum
2665 1196 2896 1252 adducti
2927 1212 3057 1253 esse
3085 1196 3372 1255 videntur.
3406 1199 3617 1256 Statim

1968 1288 2125 1344 enim
2158 1286 2385 1359 primus
2417 1286 2725 1342 Matthmus
2762 1284 3131 1356 publicanus,
3165 1286 3420 1343 Hebraeis
3451 1287 3618 1343 salu-

1967 1379 2137 1435 tifero
2193 1378 2378 1434 Verbo
2432 1377 2765 1449 pradicato,
2825 1376 3300 1449 quandoquidem
3376 1376 3486 1432 alio
3546 1378 3616 1432 ad

1967 1471 2173 1540 gentes
2205 1467 2286 1522 ire
2316 1466 2664 1533 maturabat,
2718 1481 2986 1521 sermone
3026 1465 3213 1536 patrio
3246 1464 3615 1537 Evangelium

1968 1573 2166 1624 suum,
2198 1555 2412 1628 elapsis
2443 1554 2780 1628 quindecim
2809 1558 2942 1625 post
2969 1554 3177 1612 Christi
3219 1554 3614 1611 ascensionem

1966 1647 2157 1715 annis,
2191 1647 2457 1717 scripsit:
2486 1652 2662 1717 atque
2690 1645 2746 1700 id
2777 1647 2861 1701 eis
2894 1644 3257 1718 relinquens,
3287 1645 3611 1702 absentiam

1965 1752 2131 1792 suam
2190 1736 2480 1808 profectus
2558 1734 2771 1805 scripto
2851 1735 3121 1805 praesnti
3194 1734 3611 1806 compensavit.

1964 1829 2158 1896 Longo
2216 1824 2425 1880 deinde
2483 1824 2873 1880 intercedente
2933 1827 3209 1896 tempore,
3267 1823 3501 1880 Marcus
3557 1828 3613 1880 et

201 1916 293 1984 τῷ
343 1912 677 1988 κηρύγματι,
726 1916 860 1987 μετὰ
909 1913 961 1971 λ’
1002 1916 1092 1972 καὶ
1143 1919 1189 1981 ς’
1217 1912 1309 1990 ἔτη
1357 1925 1457 1988 τῆς
1508 1921 1585 1983 είς
1634 1920 1856 1996 οὐρανὸν

1968 1914 2153 1970 Lucas
2186 1913 2495 1985 Evangelia
2522 1930 2650 1981 sua,
2680 1915 2846 1984 jussu
2879 1913 3033 1970 Petri
3065 1917 3123 1969 et
3150 1912 3337 1983 Pauli,
3379 1929 3618 1986 compo—

204 1999 408 2057 ἀνόδου
440 2007 695 2077 Χριστοῦ,
728 2003 952 2061 ὕστατον
984 2008 1199 2063 πάντων
1233 2007 1406 2087 λόγος
1434 2011 1525 2065 καὶ
1574 2011 1735 2067 αὖτὸν
1770 2011 1858 2067 ἐπὶ

204 2088 278 2144 τὸ
336 2092 563 2167 γράφειν
625 2090 820 2162 ἐλθεῖν,
876 2095 1079 2166 ταύτην
1136 2097 1311 2152 αἰτίαν
1361 2094 1853 2173 προϐεϐλημένον·

204 2182 321 2233 τῶν
355 2182 524 2252 τριῶν
550 2178 946 2255 εὖαγγελιστῶν
977 2185 1044 2238 τὰ
1091 2186 1504 2260 συγγράμματα,
1535 2192 1695 2244 πᾶσιν
1743 2188 1853 2261 ἤδη

207 2264 569 2341 ἐκδεκομὲνα,
603 2268 719 2324 ἐπεὶ
768 2270 857 2325 καὶ
889 2270 968 2333 εἷς
1016 2278 1210 2350 χεῖρας
1239 2279 1410 2331 ταῦτα
1456 2279 1590 2345 ἧκον
1620 2282 1701 2350 τῷ
1748 2278 1859 2334 Ἰω-

203 2356 369 2431 άννῃ,
402 2353 693 2433 ἀποδοχῆς
728 2360 821 2432 μὲν
865 2359 1002 2415 αὐτὰ
1048 2359 1270 2431 πολλῆς
1320 2363 1565 2436 ἀξιῶσαι,
1597 2366 1687 2420 καὶ
1726 2366 1858 2437 ἀλή-

205 2446 360 2499 Θειαν
389 2445 578 2507 αὐτοῖς
630 2445 1069 2523 ἐπιμαρτυρῆσαι
1102 2468 1115 2482 ’
1170 2447 1336 2505 ἐνδεῖν
1365 2472 1423 2526 γε
1475 2454 1581 2525 μὴν
1632 2449 1854 2530 ἔφασκεν

204 2534 305 2588 ἅτε
350 2531 417 2603 δὴ
467 2538 589 2598 ταῖς
636 2541 871 2614 γραφαῖς
920 2535 1224 2594 λειπόντων
1278 2544 1459 2612 τινῶν,
1510 2543 1610 2597 ὅσα
1663 2564 1723 2620 γε
1779 2548 1858 2615 τῷ

205 2623 439 2697 Σωτήρι
470 2621 522 2676 ὲν
551 2628 670 2686 τοῖς
714 2626 959 2700 πρώτοις
995 2632 1093 2682 τοῦ
1136 2628 1489 2705 κηρύγματος
1531 2632 1855 2706 πέπρακται.

206 2712 313 2766 Καὶ
361 2711 462 2787 γάρ
510 2712 602 2768 καὶ
652 2714 703 2768 oi
752 2720 895 2789 τρεῖς
958 2717 1097 2789 μόνα
1141 2719 1209 2772 τὰ
1261 2719 1395 2791 μετᾶ
1440 2722 1540 2790 τὴν
1588 2722 1859 2795 κάθειρξιν

208 2797 267 2854 ὲν
300 2801 383 2870 τῷ
433 2796 797 2875 δεσμωτηρίῳ
825 2807 921 2858 τοῦ
971 2805 1222 2862 Ἰωάννου
1250 2804 1331 2882 ἐφ’
1362 2808 1439 2861 ἑνὶ
1486 2806 1589 2864 ἔτει
1622 2813 1702 2881 τῷ
1741 2817 1857 2865 Σω-

207 2890 345 2961 τῆρι
375 2893 730 2965 πεπραγμένα
778 2894 1153 2972 συγγράφουσι
1188 2914 1200 2928 ’
1236 2897 1325 2950 καί
1372 2897 1424 2971 γ’
1467 2896 1520 2952 ἐν
1567 2904 1685 2960 ταῖς
1723 2920 1852 2954 κατ-

204 2979 412 3053 αρχαῖς
467 2983 573 3034 τῶν
635 2977 867 3055 βιϐλίων
924 2985 1074 3037 τοῦτ’
1124 2983 1593 3057 ἐπισημαίνονται.
1645 2990 1707 3047 Ὀ
1756 2991 1852 3062 μὲν

205 3066 316 3144 γὰρ
377 3069 648 3132 Ματθαῖος
709 3070 864 3131 εὐθὺς
926 3073 1060 3145 μετᾶ
1118 3075 1216 3143 τήν
1278 3079 1850 3153 τεσσαρακονθήμερον

199 3155 460 3226 νηστείαν
506 3157 596 3211 καὶ
638 3157 732 3213 τὸν
773 3157 860 3214 ἐπὶ
914 3160 1083 3234 ταύτῃ
1142 3164 1444 3236 πειρασμὸν
1501 3169 1600 3220 τοῦ
1648 3167 1850 3243 χρόνου

199 3251 307 3313 τῆς
343 3243 485 3309 ἷδίας
512 3245 824 3322 ἀναγραφῆς
851 3248 1099 3324 ἄρχεται.
1135 3252 1455 3317 ’Δκούσας
1485 3256 1629 3331 γὰρ,
1661 3257 1847 3332 φησὶν,

202 3335 234 3389 6
266 3334 526 3403 Ἰησοῦς
557 3333 656 3390 ὅτι
690 3337 1001 3407 Ἰωάννης
1027 3337 1388 3413 παρεδόθη,
1421 3343 1845 3419 ἀνεχώρησεν

201 3422 336 3477 ἀπὸ
363 3429 484 3491 τῆς
517 3422 841 3487 Ἰουδαίας
873 3427 1106 3497 εἰςτην
1141 3428 1524 3489 Γαλιλαίαν.
1544 3435 1617 3489 Τὰ
1638 3433 1684 3489 δ’
1715 3434 1849 3491 αὐτά

199 3512 299 3568 καὶ
331 3514 767 3586 Μάρκος.Μετὰ
796 3513 862 3571 δὲ
890 3514 1346 3592 παραδοθῆναι
1378 3520 1487 3575 τὸν
1520 3523 1846 3596 Ἰωάννην,

204 3599 413 3688 λέγων,
444 3600 647 3688 ἦλθεν
691 3604 948 3673 Ἰησοῦς
978 3605 1071 3666 εἰς
1102 3608 1219 3676 τήν
1249 3607 1636 3668 Γαλιλαίαν.
1668 3618 1846 3688 Παρα-

202 3687 467 3775 πλησίως
511 3687 569 3745 δὶ
609 3691 699 3745 καὶ
748 3699 958 3755 Λουκᾶς
1005 3696 1135 3768 πρὶν
1182 3695 1216 3765 ἢ
1275 3701 1384 3752 τῶν
1440 3700 1574 3754 κατὰ
1622 3687 1850 3775 Χριστὸν

205 3774 468 3850 ἄρξασθαι
527 3781 789 3855 πράξεων,
845 3782 912 3838 τά
966 3785 1089 3859 περὶ
1145 3784 1397 3842 Ἰωάννου
1452 3790 1543 3843 καὶ
1598 3789 1850 3866 Ἡρώδου

208 3866 525 3939 διεξελθὼν,
568 3870 661 3925 καὶ
719 3872 795 3934 ὡς
846 3873 1159 3930 κατέκλεισε
1215 3877 1305 3931 τὸν
1361 3878 1614 3950 Ἰωάννην
1671 3878 1723 3934 ἐν
1781 3885 1849 3955 τῇ

206 3960 459 4039 φυλακῇ,
502 3956 687 4016 ἔπειτα
736 3962 833 4023 τὰς
877 3967 975 4017 τοῦ
1033 3969 1266 4038 Χριστοῦ
1323 3968 1543 4041 πράξεις
1588 3968 1849 4040 ἐκτίθησι.

208 4051 504 4107 Κάντεῦθεν
560 4051 651 4106 τὸν
708 4050 1018 4108 ἀπόστολον
1083 4054 1337 4126 Ἰωάννην
1414 4058 1851 4130 παρακληθέντα,

202 4144 305 4197 τὸν
338 4142 474 4211 πρὸς
500 4143 600 4206 τῆς
646 4141 964 4217 καθείρξεως
1010 4143 1262 4199 Ἰωάννου
1294 4147 1516 4220 χρόνον,
1547 4150 1637 4202 καὶ
1680 4149 1748 4203 τά
1799 4148 1851 4203 ἐν

204 4231 364 4301 αὐτῷ
417 4233 496 4300 τῷ
552 4235 769 4303 Σωτῆρι
847 4227 1295 4307 διαπεπραγμένα
1362 4238 1441 4306 τῷ
1512 4238 1629 4291 κατ’
1695 4237 1855 4292 αὐτὸν

205 4316 529 4395 Εὐαγγελίῳ
576 4320 923 4392 συντάξασθαι
957 4339 972 4353 ο
1019 4323 1108 4375 καὶ
1154 4326 1316 4377 τοῦτο
1365 4321 1638 4400 διαφόρως
1670 4325 1857 4396 ἐπιση-

209 4408 647 4485 μήνασθαι,ποτὲ
668 4410 762 4480 μὲν
786 4407 1259 4483 λέγοντα,Ταύτη
1277 4434 1303 4465 ν
1335 4412 1408 4484 ἂρ
1424 4415 1508 4486 χή
1524 4434 1549 4467 ν
1582 4414 1695 4470 ἐπο
1712 4415 1726 4469 ί
1742 4437 1774 4485 η
1790 4437 1857 4470 σε

201 4504 338 4554 τῶν
392 4494 786 4571 παραδόξων
847 4500 875 4552 6
935 4500 1236 4568 Ἰησοῦς’
1296 4500 1500 4557 ἄλλοτε
1548 4500 1627 4573 δὲ,
1663 4504 1856 4577 μεταξὺ

204 4591 321 4644 τῶν
370 4587 552 4657 Ἰησοῦ
601 4585 843 4661 πράξεων
889 4589 1110 4660 μνήμην
1155 4593 1251 4643 τοῦ
1309 4596 1616 4646 Βαπτιστοῦ
1658 4593 1860 4647 ποιού-

1966 2006 2230 2060 suerunt.
2258 2005 2513 2058 Joannes
2556 2006 2755 2063 autem
2786 2002 2887 2074 (1),
2919 2002 3017 2073 qui
3049 2001 3210 2073 prius
3242 2001 3369 2058 sine
3400 2002 3615 2075 scripto

1968 2095 2211 2151 verbum
2244 2094 2708 2165 deprtsdicasset,
2757 2097 2889 2164 post
2933 2092 3172 2164 triginta
3202 2109 3302 2149 sex
3331 2110 3365 2149 a
3397 2092 3613 2150 Christi

1966 2184 2301 2241 ascensione
2333 2199 2539 2250 annos,
2585 2187 2919 2254 postremus
2959 2182 3223 2238 omnium
3256 2182 3510 2238 creditur
3539 2183 3612 2238 ad

1967 2273 2337 2330 scribendum
2386 2272 2777 2334 descendisse,
2828 2270 2931 2327 tali
2978 2271 3029 2328 ei
3062 2270 3304 2342 praebita
3351 2287 3526 2327 causa
3553 2276 3611 2327 et

1967 2362 2288 2421 occasione.
2343 2361 2544 2418 Trium
2603 2361 2863 2432 priorum
2928 2359 3418 2432 evangelistarum
3479 2360 3609 2416 libri

1966 2451 2187 2524 passim
2228 2452 2353 2522 jam
2405 2450 2684 2523 publicati
2735 2452 2918 2507 erant.
2969 2449 3077 2514 Qui
3107 2465 3242 2504 cum
3272 2449 3335 2505 in
3364 2449 3609 2506 Joannis

1966 2556 2190 2612 quoque
2220 2555 2429 2596 manus
2460 2538 2878 2611 pervenissent,
2929 2538 3287 2609 recipiendos
3337 2554 3436 2595 eos
3484 2554 3613 2595 esse

1966 2628 2211 2696 censuit,
2246 2628 2418 2684 fidem
2453 2626 2569 2682 illis
2618 2627 2877 2684 veritatis
2907 2629 3218 2683 attestatus
3253 2642 3267 2681 :
3299 2626 3599 2683 desiderar

1964 2721 2161 2773 tamen
2208 2716 2267 2771 in
2317 2718 2401 2773 eis
2445 2716 2706 2786 quaedam
2757 2715 2924 2785 dixit,
2971 2731 3099 2787 quas
3151 2715 3417 2771 Servatur
3445 2715 3612 2772 initio

1965 2805 2392 2878 praedicationis
2441 2804 2739 2876 gessisset.
2788 2804 3017 2861 Etenim
3064 2807 3183 2860 tres
3230 2804 3315 2859 illi
3356 2818 3450 2860 res
3478 2808 3611 2861 tan-

1963 2896 2263 2951 tammodo
2309 2894 2522 2951 Christi
2575 2894 2751 2950 unius
2801 2895 2961 2963 anni,
3011 2909 3044 2949 a
3090 2892 3340 2951 vinculis
3367 2893 3609 2951 Joannis

1963 2985 2170 3052 exorsi,
2203 2986 2639 3055 prosequuntur
2670 2999 2683 3038 :
2720 2983 2779 3039 id
2812 2983 2966 3054 quod
2998 2982 3057 3038 in
3089 2981 3390 3053 principiis
3417 2983 3606 3055 scrip-

1964 3078 2158 3130 torum
2204 3090 2449 3130 suorum
2497 3073 2781 3129 indicant.
2812 3073 3110 3144 Siquidem
3142 3072 3448 3129 Mattheus
3478 3078 3607 3144 post

1962 3163 2291 3235 expositum
2340 3161 2844 3234 quadragesimale
2884 3162 3198 3233 jejunium,
3248 3168 3303 3217 et
3359 3177 3486 3233 quas
3544 3163 3602 3217 id

1961 3257 2276 3309 consecuta
2325 3256 2413 3308 est
2457 3252 2860 3319 tentationem,
2908 3251 2981 3307 ab
3038 3267 3105 3307 eo
3163 3258 3419 3322 tempore
3464 3251 3601 3306 scri-

1961 3351 2121 3413 ptum
2143 3358 2314 3396 suum
2346 3341 2505 3398 texit.
2538 3339 2695 3396 214
2727 3340 2970 3396 Audiens
2997 3341 3167 3405 enim,
3188 3339 3402 3410 inquit,
3429 3341 3601 3408 Iesus,

1956 3430 2101 3503 quod
2146 3431 2380 3486 Joannes
2419 3428 2653 3484 traditus
2699 3433 2855 3495 esset,
2905 3444 3152 3484 reversus
3199 3431 3272 3483 est
3311 3443 3380 3483 ex
3402 3427 3603 3484 Iudaea

1954 3523 2013 3576 in
2071 3519 2374 3573 Galilaeam.
2433 3516 2826 3573 Consimiliter
2888 3521 2944 3572 et
3016 3518 3244 3572 Marcus
3303 3515 3594 3586 scripsit:

1955 3610 2249 3678 Postquam
2295 3613 2480 3662 autem
2525 3605 2760 3661 traditus
2808 3610 2945 3661 esset
2978 3609 3241 3673 Joannes,
3270 3605 3419 3661 venit
3446 3606 3599 3659 Jesus

1956 3696 2016 3749 in
2057 3694 2364 3749 Galilaeam.
2414 3691 2615 3747 Itidem
2666 3706 2834 3761 porro
2883 3695 2939 3747 et
2986 3691 3192 3759 Lucas,
3253 3691 3598 3762 priusquam

1958 3800 2050 3839 res
2102 3781 2312 3838 Christi
2344 3796 2578 3836 narrare
2608 3779 2833 3850 incipit,
2883 3780 2956 3835 de
3000 3781 3221 3835 Joanne
3264 3782 3321 3836 et
3350 3780 3597 3845 Herode,

1960 3870 2247 3944 quomodo
2279 3870 2329 3925 is
2356 3868 2522 3924 illum
2561 3867 2621 3923 in
2655 3882 2946 3924 carcerem
2978 3868 3310 3939 coniecerit,
3341 3884 3600 3924 comme-

1961 3968 2168 4031 morat,
2214 3977 2280 4018 ac
2331 3962 2605 4033 deinceps
2648 3960 2862 4016 Christi
2916 3965 3041 4016 acta
3067 3961 3321 4033 exponit.
3354 3960 3603 4017 Proinde

1960 4052 2256 4125 apostolus
2284 4050 2563 4119 Joannes,
2595 4053 2856 4121 rogatus,
2900 4056 3128 4121 tempus
3172 4050 3325 4121 quod
3358 4050 3604 4106 Joannis

1960 4141 2192 4196 vincula
2223 4139 2531 4212 praecessit,
2581 4143 2638 4195 et
2682 4155 2771 4195 res
2818 4138 2877 4194 in
2927 4154 2993 4195 eo
3034 4155 3067 4194 s
3097 4139 3402 4195 Servatore
3421 4144 3602 4207 aetas,

1965 4232 2023 4286 in
2054 4230 2427 4301 Evangelium
2461 4245 2636 4284 suum
2670 4227 2886 4284 retulit.
2920 4232 3108 4298 Atque
3136 4228 3196 4283 id
3242 4229 3368 4301 ipse
3396 4229 3607 4285 diserte

1965 4324 2022 4376 et
2066 4318 2225 4374 varie
2270 4318 2542 4384 ostendit,
2590 4317 2903 4388 aliquando
2951 4316 3185 4388 quidem
3225 4318 3467 4374 dicens:
3501 4319 3610 4372 Hoc

1964 4408 2194 4464 initium
2234 4407 2636 4463 miraculorum
2681 4422 2905 4462 suorum
2938 4408 3073 4478 fecit
3111 4409 3284 4463 Iesus.
3322 4408 3612 4461 Nonnun-

1967 4514 2141 4569 quam
2169 4501 2362 4552 autem
2394 4495 2545 4551 inter
2574 4495 2799 4551 medias
2844 4495 2985 4551 Jesu
3034 4511 3145 4561 res,
3180 4495 3453 4565 Baptistae
3487 4502 3610 4549 Ian-

1964 4592 2091 4643 tum
2143 4586 2359 4640 faciens
2410 4583 2788 4651 mentionem,
2840 4584 3225 4655 pluribusque
3270 4598 3367 4636 eas
3411 4598 3616 4651 perse—

209 4695 394 4749 μενον,
438 4673 626 4730 πολλὰ
680 4675 806 4750 περὶ
866 4674 1040 4731 αὐτῶν
1094 4674 1461 4754 διεξέρχεσθαι
1493 4698 1508 4713 ·
1568 4680 1665 4750 ὡς,
1723 4682 1856 4736 Ἔτι

1968 4692 2177 4747 quens,
2229 4682 2290 4729 ut
2338 4672 2419 4728 ibi
2451 4690 2464 4727 :
2512 4674 2643 4728 Cum
2695 4674 2790 4729 ille
2818 4672 2994 4728 adhuc
3024 4673 3322 4744 baptizare:
3348 4673 3405 4726 in
3434 4674 3614 4726 Ᾰῐηοη

202 4764 460 4820 τούτου
495 4763 942 4837 βαπτίζοντος
971 4764 1033 4820 ἓν
1060 4765 1269 4823 Αἰνὼν
1308 4771 1385 4842 τῇ
1427 4767 1622 4824 πόλει
1662 4769 1855 4845 ἐγγὺς

207 4857 332 4909 τοῦ
364 4851 652 4926 Σαλείμ·
683 4855 769 4916 οἷς
801 4851 848 4908 δ’
878 4851 1117 4931 ἐπιφέρει
1148 4857 1237 4911 καὶ
1265 4856 1351 4927 τὸ,
1382 4858 1572 4912 Οὕπω
1616 4859 1735 4935 γὰρ
1785 4861 1860 4928 ἦν

207 4942 531 5012 Ἰωάννης
567 4937 992 5017 βεϐλημὲνος
1022 4943 1117 5007 εἷς
1148 4944 1469 5023 φυλακην,
1499 4948 1647 5002 τοῦτ’
1673 4944 1864 5022 ἀριδη-

211 5031 332 5094 λὼς
384 5032 736 5106 παρίστησιν.
772 5031 1023 5102 Εὔδηλον
1080 5035 1194 5102 οὗν,
1246 5035 1321 5099 ὡς
1377 5036 1406 5091 6
1465 5037 1560 5108 μὲν
1610 5036 1862 5106 Ἰωάννης

212 5122 283 5176 τᾶ
340 5121 448 5195 πρὸ
502 5127 601 5190 τῆς
675 5121 996 5194 καθείρξεως
1053 5123 1219 5179 αὐτοῦ
1291 5127 1360 5199 τῇ
1436 5124 1601 5180 αὐτοῦ
1676 5130 1860 5205 γραφῇ

209 5206 615 5284 παραδίδωσιν,
645 5212 697 5265 οἱ
730 5207 788 5266 δὲ
819 5210 1008 5267 λοιποὶ
1037 5218 1182 5286 τρεῖς
1214 5215 1281 5268 τὰ
1332 5215 1469 5287 μετὰ
1495 5216 1595 5283 τὴν
1646 5216 1862 5289 κάθειρ-

214 5302 314 5373 ξιν.
368 5300 661 5355 Κᾶντεῦθεν
716 5304 835 5362 τοῖς
890 5321 955 5375 γε
1009 5296 1248 5375 ἀκριϐῶς
1306 5302 1683 5359 ἑπιστατοῦσιν
1733 5301 1863 5359 οὐδὲ

213 5386 505 5466 διαφωνεῖν
550 5386 612 5442 ἃν
672 5389 725 5444 οὶ
774 5387 1149 5465 εὐαγγελισταὶ
1207 5389 1431 5464 δόξαιεν,
1481 5391 1534 5446 εἴ
1580 5413 1643 5466 γε
1690 5394 1718 5446 ὁ
1768 5394 1862 5464 μὲν

210 5477 281 5532 τὰ
360 5480 553 5551 πρῶτα
616 5480 714 5533 τοῦ
788 5483 1023 5554 Χριστοῦ
1094 5476 1408 5553 περιέλαϐέ,
1465 5482 1558 5536 καὶ
1631 5480 1730 5536 ὅσα
1801 5502 1863 5557 γε.

290 5662 378 5732 (1)
404 5659 768 5732 Epiphanius
814 5666 1020 5717 contra
1062 5661 1354 5718 Ebionitas
1384 5663 1639 5732 scripsit,
1674 5664 1867 5719 Evan-

217 5731 441 5806 gelium
464 5731 712 5791 Joannis
739 5733 915 5810 etiam
934 5750 1004 5794 ex
1025 5734 1215 5794 Graeco
1233 5734 1296 5795 in
1321 5731 1627 5795 Hebrisnm
1652 5750 1869 5793 sermo-

1967 4764 2188 4821 civitate
2214 4778 2379 4835 prope
2409 4764 2586 4819 Salim
2617 4778 2636 4817 .°
2665 4767 2723 4818 et
2767 4761 2906 4819 alibi
2955 4763 3117 4828 item,
3166 4776 3302 4817 cum
3347 4759 3489 4814 illud
3523 4760 3611 4813 in-

1968 4852 2078 4907 fert
2110 4867 2125 4906 :
2156 4851 2409 4909 Nondum
2452 4851 2605 4905 enim
2649 4851 2884 4906 Joannes
2929 4853 3206 4919 conjectus
3254 4856 3372 4904 erat
3410 4850 3470 4903 in
3498 4864 3615 4903 car-

1967 4956 2164 5008 cerem,
2196 4940 2307 4997 hoc
2337 4944 2533 5011 aperte
2580 4940 2906 4995 conﬁrmat.
2955 4938 3106 4994 Satis
3155 4937 3332 5009 igitur
3362 4939 3612 4998 constat.

1968 5028 2256 5086 Joannem
2290 5029 2526 5100 quidem
2558 5044 2650 5083 res
2680 5026 2891 5083 Christi
2916 5034 3047 5082 ante
3077 5025 3352 5097 Baptistae
3380 5025 3616 5081 vincula

1969 5125 2032 5175 ut
2086 5118 2406 5190 plurimum
2446 5121 2816 5188 prosecutum
2862 5131 2991 5171 esse
3041 5130 3055 5171 :
3106 5113 3362 5185 reliquos
3417 5118 3613 5169 autem

1969 5212 2110 5279 tres,
2162 5224 2289 5279 quae
2330 5211 2462 5278 post
2506 5207 2564 5262 id
2616 5212 2846 5276 tempus
2892 5205 2964 5260 ab
3007 5220 3072 5260 eo
3121 5212 3261 5259 sunt
3303 5211 3439 5259 actis
3470 5201 3611 5258 scri-

1970 5299 2180 5369 psisse.
2230 5298 2589 5368 Quapropter
2636 5295 2851 5367 quibus
2905 5295 3015 5349 ista
3063 5297 3337 5349 accurata
3391 5291 3613 5346 ratione

1970 5388 2458 5452 observabuntur,
2512 5386 2750 5440 minime
2790 5383 3071 5439 dissidere
3100 5381 3251 5436 inter
3280 5397 3343 5437 se
3371 5395 3615 5453 evange-

1970 5476 2117 5533 lista:
2165 5476 2562 5533 videbuntur:
2595 5475 2644 5530 si
2693 5473 2787 5529 hic
2844 5472 3083 5543 quidem
3138 5470 3357 5542 priores
3394 5470 3612 5526 Christi

1975 5675 2108 5717 nem
2140 5658 2487 5715 translatum
2522 5660 2578 5713 in
2607 5655 3031 5729 gazophylaciis
3058 5656 3398 5712 Judmorum
3429 5669 3614 5711 asser-

1972 5736 2172 5790 vatum
2205 5748 2329 5788 esse
2359 5731 2507 5802 apud
2537 5729 2919 5788 Tiberiadem.
