4032 6282
419 408 540 470 883

1715 405 2134 470 NIGEPHORI
2177 403 2528 468 CALLISTI

3704 401 3826 460 884

421 557 538 609 res,
571 558 719 614 quas
750 541 832 597 illi
864 540 1278 614 praeterierant,
1307 539 1735 610 complectitur,
1759 541 1844 597 illi
1865 546 2057 598 autem

2185 537 2368 594 ἐκεῖνοι
2400 533 2702 610 παρέλιπον
2735 552 2748 565 ·
2803 533 2856 588 oi
2904 530 2951 587 δ’
2981 528 3046 586 αὖ
3097 553 3158 608 γε
3200 531 3266 588 τὰ
3313 531 3399 586 ἐπὶ
3449 533 3597 588 τέλει
3643 533 3823 605 τούτῳ

421 631 773 704 posteriores
805 634 1281 686 commemorant.
1315 629 1581 685 Ostendit
1620 631 1678 686 id
1711 631 1876 698 satis,
1911 633 2066 702 quod

419 723 674 777 Joannes
706 719 936 790 quidem
988 719 1304 774 Servatoris
1343 718 1743 791 genealogiam
1777 719 2066 778 carnalem

421 808 716 880 prmteriit,
747 825 781 864 a
812 807 1078 863 Matthaao
1127 812 1185 864 et
1230 809 1384 863 Luca
1427 808 1672 864 antehac
1711 825 2060 880 expressam.

418 896 794 968 Theologiam
825 900 1021 952 autem
1065 899 1121 951 et
1164 895 1418 952 divinam
1451 897 1879 968 generationem
1911 897 2061 970 eius,

420 993 700 1056 tanquam
731 984 831 1041 illa
879 984 1048 1056 longe
1096 985 1579 1056 praastantiorem,
1628 991 1684 1042 et
1721 985 1834 1042 sibi
1866 1003 1898 1041 a
1924 991 2062 1060 Spl-

421 1074 538 1130 ritu
595 1078 797 1130 sancto
847 1080 1215 1142 reservatam,
1274 1075 1346 1130 ab
1405 1075 1567 1131 initio
1623 1075 1918 1148 Evangelii
1975 1077 2065 1132 sui

419 1162 687 1236 explicat.
720 1163 990 1220 Fortasse
1034 1167 1226 1220 autem
1271 1167 1329 1220 et
1374 1161 1518 1220 alias
1547 1165 1830 1236 quasdam
1861 1181 2068 1222 causas

420 1252 626 1308 afferre
683 1252 816 1325 quis
874 1252 1077 1323 possit,
1137 1267 1318 1323 quare
1382 1252 1639 1309 Joannes
1695 1253 2066 1324 Evangelium

419 1355 590 1399 suum
622 1341 912 1398 scribendi
962 1340 1273 1398 consilium
1323 1342 1561 1414 ceperit.
1601 1341 1763 1406 Quod
1795 1344 1950 1399 enim
1982 1343 2067 1399 illi

420 1430 779 1504 precipuum
846 1429 992 1486 illud
1059 1430 1395 1487 resuscitati
1451 1430 1646 1486 Lazari
1719 1431 2070 1488 miraculum

420 1519 740 1577 maximum
789 1519 995 1575 futura;
1044 1519 1486 1576 resurrectionis
1525 1520 1822 1592 specimen
1853 1521 2066 1578 omise-

419 1614 576 1678 runt,
610 1625 797 1681 neque
825 1624 1021 1665 veram
1072 1609 1234 1665 illam
1277 1609 1630 1681 theologiam
1664 1609 2068 1682 principioque

421 1706 711 1757 carentem
743 1699 1199 1771 generationem,
1242 1702 1362 1755 tum
1413 1703 1610 1754 autem
1643 1715 1833 1772 neque
1861 1716 2068 1772 supre-

421 1803 521 1845 ma
550 1789 817 1844 morituri
848 1787 1166 1843 Salvatoris
1197 1789 1498 1856 mandata,
1521 1789 1856 1845 testamenti
1887 1789 2070 1845 instar

2175 629 2438 703 γενόμενα
2489 623 2794 694 διεξῆλθον,
2837 623 3114 678 Δείκνυται
3164 619 3243 692 δέ,
3275 624 3360 684 οἷς
3413 624 3440 676 6
3494 623 3589 696 μὶν
3642 624 3819 677 Ἰωάν-

2175 737 2275 786 νης
2331 716 2430 784 τήν
2487 715 2580 788 μέν
2657 712 2919 787 σαρκικὴν
2976 717 3074 766 τοῦ
3136 712 3395 784 Σωτῆρος
3469 709 3821 787 γενεαλογίαν

2176 802 2512 880 παρέδραμε,
2564 801 2826 874 Ματθαίῳ
2873 821 2930 856 τε
2978 801 3066 856 καὶ
3135 805 3314 855 Λουκᾶ
3360 806 3774 879 προγραφεῖσαν
3804 817 3820 832 ⁸

2176 901 2275 964 τῆς
2309 891 2365 948 8‘s
2389 891 2668 967 θεολογίας
2689 891 3043 964 κατάρχεται,
3068 889 3161 944 οἶά
3180 910 3325 950 τινος
3357 889 3667 963 κρείττονος
3695 890 3824 962 πρὸς

2177 987 2274 1040 τοῦ
2305 984 2452 1037 θείου
2485 980 2795 1054 Πνεύματος
2826 977 3210 1052 ταμιευθείσης
3242 978 3409 1051 αὐτῷ.
3443 982 3598 1040 Ἴσως
3646 977 3708 1033 δὲ
3739 979 3821 1033 καὶ

2180 1070 2250 1128 δι’
2281 1069 2408 1127 ἀλλ’
2439 1070 2572 1127 ἅττα
2619 1070 3044 1144 τεκμηριῶσαιέ
3074 1066 3136 1122 ἄν
3182 1089 3267 1130 τις
3311 1069 3400 1123 τὸν
3450 1070 3713 1138 Ἰωάννην
3750 1069 3824 1123 ἐλο

2179 1163 2287 1217 θεῖν
2338 1160 2426 1215 ἐπὶ
2474 1161 2572 1228 τήν
2619 1159 2852 1236 γραφὴν,
2903 1159 2986 1213 δτι
3033 1178 3092 1212 τε
3136 1156 3199 1212 τὸ
3248 1158 3383 1212 κατά
3426 1158 3521 1212 τὸν
3570 1159 3821 1231 Λάζαρον

2179 1249 2406 1322 ἐξαίσιον
2469 1249 2638 1304 ἐκεῖνο
2692 1248 2848 1322 τέρας
2926 1253 3202 1316 παρῆκαν,
3262 1248 3522 1322 μεγίστην
3594 1243 3823 1318 ἔνδειξιν

2177 1347 2278 1410 τῆς
2309 1339 2573 1412 ἐσομένης
2603 1338 2937 1400 ἀναστάσεως
2973 1335 3408 1411 μνηστευόμενον
3443 1353 3456 1367 ⁰
3491 1335 3580 1391 καὶ
3635 1339 3823 1413 ὅτιπερ

2181 1430 2376 1500 ἥκιστά
2407 1430 2452 1502 γ’
2483 1427 2674 1483 ἐκεῖνοι
2712 1435 2811 1496 τῆς
2859 1426 3101 1502 ἀνάρχου
3133 1427 3431 1503 γεννήσεως
3477 1427 3566 1481 καὶ
3618 1425 3824 1482 θεολο-

2182 1518 2303 1596 γίας
2334 1519 2424 1573 καὶ
2453 1522 2562 1572 τῶν
2596 1518 2681 1572 ἐπὶ
2707 1516 2852 1572 τέλει
2887 1514 3208 1589 διαθηκῴων
3253 1513 3602 1590 ἐνταλμάτων
3642 1517 3821 1588 μνείαν

2181 1607 2503 1678 πεποίηνται
2527 1627 2540 1638 ⁸
2576 1607 2648 1661 ὧν
2683 1603 2750 1674 δὴ
2783 1607 2947 1684 χάριν
2971 1609 3164 1660 τοῦτον
3198 1603 3284 1659 ἐπὶ
3305 1606 3366 1660 τὸ
3396 1606 3510 1660 κατ’
3540 1605 3712 1660 αὐτὸν
3733 1607 3826 1660 Εὖ-

2181 1695 2432 1773 αγγέλιον
2466 1697 2705 1770 ὁρμῆσαι
2737 1693 2926 1770 λόγος.
2959 1697 3071 1764 Τῆς
3104 1691 3163 1748 δὲ
3192 1697 3288 1750 τοῦ
3317 1694 3455 1749 κατά
3482 1695 3711 1768 Μάρκον
3740 1695 3827 1751 E6-

2181 1785 2444 1861 αγγελίου
2475 1791 2687 1862 γραφῆς
2741 1782 2934 1852 αἳτιον,
2967 1783 2996 1838 ’ὀ
3030 1787 3210 1858 μικρῷ
3261 1782 3490 1855 πρόσθεν
3541 1782 3593 1838 ἐν
3634 1788 3722 1856 τῷ
3771 1787 3827 1839 ιε’

423 1877 741 1934 obtinentia
778 1876 1113 1946 attigerunt,
1165 1878 1308 1933 satis
1356 1893 1545 1934 causae
1588 1876 1865 1934 habuisse
1913 1877 2068 1934 vide-

2185 1875 2459 1952 κεφαλαίῳ
2489 1878 2587 1928 τοῦ
2618 1872 2886 1947 παρόντος
2919 1872 3292 1947 συντάγματος
3320 1867 3647 1945 διελάϐομεν
3688 1894 3703 1906 ·
3758 1875 3827 1936 ὡς

422 1969 541 2026 tur,
587 1981 690 2020 cur
737 1965 810 2020 ad
858 1964 958 2021 illa
1009 1966 1118 2021 tria
1163 1965 1542 2037 Evangelium
1591 1983 1764 2022 suum
1819 1967 2074 2022 adderet.

425 2053 656 2110 Marcus
686 2059 906 2122 autem,
957 2071 1072 2126 qua
1099 2055 1385 2110 adductus
1431 2071 1610 2110 causa
1638 2070 1813 2111 suum
1845 2071 2077 2126 quoque

426 2144 745 2215 scripserit,
794 2143 968 2216 paulo
1015 2147 1151 2198 ante
1199 2143 1259 2197 in
1304 2143 1674 2213 quindecimo
1715 2142 1850 2198 libri
1897 2143 2078 2214 hujus

426 2233 614 2305 capite
658 2233 986 2290 retulimus.
1034 2232 1180 2288 Cum
1230 2232 1379 2288 215
1429 2233 1587 2288 enim
1637 2232 1842 2288 Petrus
1882 2233 2075 2288 adver-

426 2340 530 2380 sus
559 2323 858 2380 Simonem
893 2322 1120 2379 fortiter
1166 2337 1284 2378 rem
1328 2327 1571 2394 gereret,
1605 2321 1978 2393 vastitatique
2006 2322 2078 2376 il-

426 2411 542 2468 lius
572 2412 799 2468 obviam
855 2412 986 2477 iret,
1047 2427 1112 2466 ac
1161 2409 1338 2466 simul
1370 2410 1716 2466 occidentali
1749 2427 1860 2465 ora;
1888 2409 2078 2465 lucem

426 2502 682 2570 inferret,
716 2506 946 2558 tantum
978 2501 1324 2558 concionum
1356 2517 1594 2556 suarum
1628 2500 1688 2554 in
1718 2499 1944 2556 animos
1975 2515 2075 2556 au-

431 2590 688 2646 ditorum
741 2590 992 2646 immisit
1041 2589 1413 2657 desiderium,
1463 2594 1527 2644 ut
1571 2590 1699 2646 viva
1754 2604 1890 2646 voce
1938 2605 2074 2646 con,-

432 2680 579 2737 tenti
630 2697 760 2738 esse
812 2696 927 2737 non
968 2683 1226 2752 possent.
1261 2679 1648 2746 Quamobrem
1682 2678 1766 2734 illi
1799 2678 2078 2745 Marcum,

431 2771 530 2844 qui
556 2775 682 2842 tum
713 2773 1045 2843 apostolum
1077 2770 1488 2838 comitabatur,
1521 2773 1824 2842 rogarunt,
1857 2777 1919 2825 ut
1949 2785 2083 2824 con-

425 2863 622 2920 ciones
667 2880 701 2917 a
733 2863 900 2918 Petro
949 2861 1199 2926 habitas,
1244 2861 1305 2916 in
1354 2863 1800 2917 manumentum
1843 2860 2078 2931 scriptis

425 2950 657 3019 relatas,
697 2951 843 3022 ipsis
883 2948 1262 3021 relinqueret.
1294 2949 1621 3006 Delectatus
1659 2956 1742 3005 est
1775 2947 2080 3018 apostolus

427 3044 552 3096 tam
586 3055 876 3111 propenso
907 3038 1144 3096 illorum
1178 3037 1487 3105 desiderio,
1518 3041 1576 3093 et
1604 3041 1791 3093 Marco
1822 3038 2078 3108 Evange-

427 3126 575 3184 lium
633 3127 894 3192 dictavit,
953 3131 1126 3197 atque
1185 3129 1250 3181 ut
1308 3125 1366 3180 id
1425 3124 1486 3180 in
1529 3123 1756 3180 ecclesii
1804 3124 2076 3196 deinceps

2181 1969 2277 2020 τοῦ
2310 1965 2514 2036 Πέτρου
2545 1961 2679 2018 κατά
2708 1964 2803 2018 τοῦ
2847 1961 3071 2038 ἐναγοῦς
3105 1958 3494 2035 ἀνδριζομένου
3544 1963 3828 2035 Σίμωνος,

2183 2053 2272 2109 καὶ
2311 2054 2409 2121 τὴν
2462 2050 2666 2106 ἐκείνου
2709 2053 2892 2125 λύμην
2941 2048 3247 2119 ἐκλύοντος,
3278 2050 3368 2104 καὶ
3416 2049 3468 2105 ἐν
3516 2050 3726 2126 ἑσπέρᾳ
3769 2053 3828 2105 τὸ

2184 2148 2297 2221 φῶς
2357 2142 2582 2204 ἐνιέντος
2647 2143 2745 2210 τῆς
2805 2140 3061 2212 πίστεως,
3132 2144 3393 2196 τοσοῦτον
3463 2138 3664 2215 ’ίμερον
3729 2147 3829 2196 τῶν

2184 2231 2362 2309 λόγων
2413 2231 2619 2286 ἐκείνου
2669 2235 2787 2292 ταῖς
2831 2235 2939 2286 τῶν
2987 2232 3266 2304 ἀκροατῶν
3326 2227 3552 2285 ἐνθεῖναι
3597 2234 3829 2309 ψυχαῖς,

2183 2323 2256 2380 ὡς
2293 2325 2368 2394 μή
2406 2322 2572 2396 μέχρι
2625 2319 2804 2394 λόγων
2834 2319 3012 2376 θέλειν
3061 2319 3315 2393 ἐμμένειν
3350 2338 3367 2352 ⁶
3421 2317 3734 2395 λιπαρῆσαι
3777 2319 3829 2376 δὲ

2184 2411 2402 2486 Μάρκον
2441 2407 2696 2480 τηνικάδε
2743 2414 2823 2482 τῷ
2868 2408 3158 2482 ἀποστόλῳ
3209 2409 3492 2483 ἑπόμενον,
3526 2408 3830 2484 ὑπόμνημα

2185 2495 2452 2578 ἔγγραφον
2501 2503 2606 2554 τῶν
2665 2498 2919 2577 ἀγράφως
2987 2498 3290 2574 εἰρημένων
3349 2497 3524 2572 τούτῳ
3595 2500 3830 2556 καταλι-

2185 2595 2328 2646 πεῖν.
2359 2588 2619 2645 Ἡσθέντα
2645 2592 2935 2664 τοιγαροῦν
2967 2589 3060 2644 τὸν
3093 2589 3398 2644 ἀπόστολον
3426 2592 3496 2662 τῇ
3527 2588 3678 2662 καλῇ
3726 2596 3827 2645 τῶν

2185 2686 2389 2736 πιστῶν
2438 2679 2741 2754 προθυμίᾳ,
2794 2679 3154 2756 ὑπαγορεῦσαι
3203 2681 3410 2753 Μάρκῳ
3459 2680 3524 2734 τὸ
3582 2679 3824 2756 Εὒαγγέ-

2185 2769 2330 2842 λιον,
2379 2772 2468 2826 καὶ
2520 2769 2570 2841 ἐξ
2620 2769 2823 2825 ἐκείνου
2873 2774 3116 2844 κυρῶσαι
3163 2770 3263 2838 τήν
3309 2770 3523 2846 γραφὴν
3574 2775 3696 2832 ταῖς
3748 2770 3827 2824 ἐκ·

2185 2860 2440 2932 κλησίαις
2516 2860 3000 2936 ἀναγινώσκεσθαι.
3058 2860 3259 2925 Ταύτην
3338 2859 3512 2915 αἰτίαν
3590 2859 3826 2932 Κλήμης

2184 2953 2281 3004 τοῦ
2310 2950 2448 3005 κατὰ
2497 2949 2718 3023 Μάρκον
2755 2946 3090 3023 Εὐαγγελίου
3140 2945 3192 3003 ἐν
3223 2951 3292 3020 τῇ
3345 2944 3473 3022 ἕκτῃ
3503 2951 3603 3001 τῶν
3656 2951 3819 3001 Ὑπο-

2184 3039 2541 3094 τυπώσεων
2603 3040 2856 3114 ἱστορεῖο
2911 3036 3168 3101 ὡσαύτως
3220 3038 3310 3092 καὶ
3369 3038 3396 3090 ὁ
3457 3035 3819 3111 Ἱεραπολίτης

2184 3127 2478 3192 ἐπίσκοπος
2540 3128 2773 3197 Παπίας,
2832 3128 2908 3189 ὡς
2965 3128 3156 3201 μικρὸν
3217 3125 3419 3182 ἄνωθεν
3494 3125 3822 3199 πλατύτερον

429 3214 718 3286 legeretur
762 3215 973 3270 sanxit.
1023 3213 1223 3271 Talem
1256 3229 1494 3270 causam
1542 3213 1837 3286 Evangelii
1869 3229 2076 3267 secun-

440 3306 561 3323 ._-__
1227 3303 1489 3323 m-_-___
1541 3303 1591 3323 ε-

2186 3215 2596 3294 ἠκριϐώσαμεν,
2643 3223 2722 3290 τῷ
2769 3215 3226 3291 πεντεκαιδεκάτῳ
3277 3215 3492 3288 δηλαδή
3551 3216 3825 3295 κεφαλαίῳ

429 3306 569 3360 dum
609 3309 868 3360 Marcum
918 3308 1179 3362 recenset
1225 3303 1492 3359 Clemens
1541 3303 1599 3358 in
1653 3307 1808 3360 sexto
1836 3305 2076 3374 Disposi-

430 3395 643 3451 tionum
672 3393 861 3462 libro;
895 3401 1069 3465 atque
1109 3393 1309 3448 itidem
1349 3392 1817 3464 Hierapolitanus
1848 3393 2078 3464 episco-

430 3503 541 3557 pus
589 3485 819 3557 Papias.
883 3489 1132 3541 Sanctus
1188 3501 1355 3556 porro
1416 3485 1599 3540 Lucas
1657 3483 1822 3540 initio
1879 3485 2078 3540 statim

429 3575 630 3646 scripti
663 3574 752 3630 sui
784 3574 1122 3642 consilium,
1155 3590 1269 3645 quo
1302 3574 1372 3629 ad
1405 3573 1777 3629 scribendum
1810 3589 2079 3644 pervene-

433 3664 529 3732 rit,
564 3663 820 3736 exponit.
856 3661 1004 3718 Dicit
1032 3663 1213 3731 enim,
1247 3665 1443 3735 plures
1475 3663 1733 3733 quidem,
1767 3663 1837 3717 de
1868 3662 2079 3733 quibus

431 3755 556 3826 ipse
611 3759 767 3811 certo
815 3755 1052 3810 edoctus
1109 3758 1264 3810 esset
1319 3754 1516 3821 rebus,
1562 3759 1778 3810 temere
1828 3754 2080 3810 scribere

433 3861 608 3899 ausos
631 3844 852 3900 fuisse:
882 3859 944 3899 se
969 3847 1162 3898 autem
1191 3843 1386 3898 dubiis
1413 3842 1881 3914 ancipitibusque
1900 3842 2079 3898 libros

433 3931 686 4001 rejectis,
744 3935 800 3987 et
851 3946 1188 3987 sermonum
1238 3931 1501 3987 veritatis
1550 3930 1900 3986 certitudine
1949 3947 2078 4001 per-

432 4023 620 4091 cepta.
655 4019 865 4090 quippe
915 4019 1010 4090 qui
1054 4035 1188 4076 cum
1237 4018 1410 4074 Paulo
1461 4023 1518 4074 et
1547 4021 1769 4076 caeteris
1801 4019 2080 4091 apostolis

432 4109 659 4177 vixerit,
691 4109 1048 4179 illorumque
1078 4109 1238 4164 hisce
1278 4110 1350 4165 de
1379 4109 1554 4165 rebus
1586 4109 1909 4180 colloquiis,
1941 4127 2080 4166 con-

432 4200 605 4265 victu,
639 4204 697 4254 et
728 4197 998 4254 familiari
1030 4199 1452 4255 consuetudine
1473 4199 1552 4254 sit
1583 4200 1843 4269 adjutus,
1876 4215 2081 4255 neces-

432 4287 588 4345 sario
645 4288 716 4342 ad
774 4287 1262 4343 conscribendum
1328 4287 1702 4358 Evangelium
1761 4288 2077 4343 adductum

432 4395 580 4436 esse.
640 4380 773 4433 Haec
829 4392 1106 4448 germana
1162 4386 1298 4434 sunt
1346 4382 1404 4434 et
1454 4378 1645 4434 nativa
1693 4379 2080 4450 apostolorum

433 4466 766 4538 Evangelia,
807 4467 930 4536 jam
975 4467 1113 4524 inde
1153 4467 1224 4523 ab
1256 4466 1420 4523 initio
1453 4466 1837 4538 promulgata,
1870 4473 1926 4524 et
1955 4485 2081 4540 quae

435 4557 779 4615 indubitatae
833 4560 1120 4628 certaque
1178 4556 1310 4612 fidei
1359 4557 1420 4612 in
1472 4556 1728 4613 Ecclesia
1779 4557 2078 4614 habentur.

2186 3313 2282 3364 τοῦ
2313 3309 2580 3384 παρόντος
2630 3308 3019 3383 συντάγματος.
3048 3309 3114 3362 "0
3160 3328 3219 3381 γε
3249 3308 3356 3379 μὴν
3402 3309 3544 3368 θεῖος
3597 3311 3828 3377 Λουκᾶς,

2188 3400 2499 3474 ἀρχόμενος
2526 3402 2622 3452 τοῦ
2669 3397 3120 3473 συγγράμματος,
3150 3397 3247 3465 τήν
3295 3395 3472 3451 αἰτίαν
3515 3397 3827 3469 προτίθησι,

2190 3485 2260 3542 δι’
2291 3490 2356 3558 ἢν
2386 3487 2472 3542 ἐπὶ
2503 3489 2602 3558 τήν
2634 3487 2944 3564 ἀναγραφὴν
2986 3486 3148 3555 ἦλθεν
3185 3506 3198 3519 ⁸
3231 3485 3459 3541 πολλῶν
3499 3487 3625 3562 γὰρ,
3672 3489 3830 3563 φησί,

2189 3582 2474 3650 προπετῶς
2521 3575 2772 3653 διήγησιν
2831 3574 3147 3650 τιθεμένων,
3196 3575 3269 3629 ὧν
3327 3575 3488 3637 αὐτὸς
3544 3574 3829 3646 πεπληρο-

2190 3660 2423 3744 φὸρηται
2478 3665 2688 3740 λόγων,
2728 3662 3090 3721 ἀπαλλάττων
3134 3670 3232 3733 τῆς
3281 3659 3600 3737 ἀμφιϐόλου
3651 3667 3835 3719 συντά-

2191 3755 2343 3824 ξεως,
2391 3755 2464 3816 ὡς
2513 3753 2781 3831 τάσφαλὲς
2812 3755 2918 3808 τῶν
2967 3752 3146 3830 λόγων
3193 3759 3294 3822 τῆς
3343 3751 3599 3821 ἀληθείας
3649 3751 3833 3820 εἰδὼς,

2191 3843 2224 3898 ἅ
2252 3864 2309 3898 τε
2339 3841 2405 3912 δὴ
2439 3843 2529 3898 καὶ
2562 3842 2763 3916 Παύλῳ
2803 3845 2892 3898 καὶ
2922 3847 3038 3905 τοῖς
3086 3842 3304 3906 λοιποῖς
3334 3841 3670 3904 ἀποστόλοις
3722 3865 3834 3898 cnv-

2193 3929 2489 4008 διαγαγὼν,
2541 3931 2644 3987 κάκ
2697 3938 2798 4002 τῆς
2862 3932 3078 3988 ἐκείνων
3151 3933 3431 3994 συνουσίας
3491 3930 3719 4004 ὁμιλίας
3781 3953 3837 3988 τε

2189 4021 2282 4074 καὶ
2360 4017 2642 4096 διατριϐῆς
2741 4020 2962 4094 πάμπαν
3068 4021 3444 4095 ὠφελημένος,
3531 4021 3839 4096 ἀναγκαίως

2191 4108 2279 4164 ἐπὶ
2309 4111 2406 4179 τὴν
2455 4115 2562 4164 τῶν
2597 4109 2942 4185 Εύαγγελίων
2993 4109 3349 4180 συνελαθῆναι
3390 4111 3630 4189 γραφήν.
3660 4117 3839 4166 Ταῦτα

2193 4201 2391 4270 γνήσια
2455 4205 2561 4254 τῶν
2631 4199 2953 4256 ἀποστόλων
3030 4198 3357 4274 Εὐαγγέλία,
3415 4200 3504 4254 καὶ
3582 4199 3837 4255 ἀνέκαθεν

2193 4285 2624 4361 παραδεδομένα,
2655 4291 2742 4344 καὶ
2796 4291 3172 4367 ἀναμφήριστα
3219 4290 3366 4362 παρά
3412 4290 3590 4360 πάσης
3633 4289 3839 4359 ἐκκλη-

2195 4381 2311 4441 σίας
2367 4381 2709 4456 γινώσκεται.
2757 4385 2812 4434 '0
2873 4377 2919 4435 δ’
2976 4381 3137 4442 αὐτὸς
3195 4384 3406 4444 Λουκᾶς
3463 4381 3554 4435 καὶ
3606 4381 3673 4434 τὸ
3731 4386 3836 4436 τῶν

2193 4465 2574 4525 ἀποστολικῶν
2625 4470 2876 4545 Πράξεων
2939 4466 3156 4546 βιϐλίον
3217 4472 3518 4541 συντάττει,
3559 4471 3633 4533 ὥς
3688 4493 3838 4546 φασι,

2195 4560 2413 4615 Παύλου
2444 4557 2820 4620 κελεύσαντος,
2855 4558 2958 4614 Δύο
3004 4559 3098 4632 μὶν
3133 4557 3222 4614 οὖν
3252 4559 3311 4614 ἐκ
3347 4563 3455 4614 τῶν
3506 4557 3722 4615 δώδεκα
3751 4561 3838 4615 καὶ

432 4647 596 4704 Idem
626 4663 760 4703 vero
812 4645 1001 4703 Lucas
1050 4650 1106 4701 et
1137 4648 1406 4701 Actorum
1440 4645 1891 4717 apostolicorum
1923 4663 2076 4704 coma

2197 4645 2290 4702 δύο
2315 4647 2374 4703 ἐκ
2391 4653 2498 4704 τῶν
2526 4650 2568 4702 o'
2597 4651 2851 4722 μαθητῶν
2867 4645 2955 4704 καί
2972 4645 3294 4703 ἀποστόλων
3315 4648 3416 4716 τήν
3436 4652 3542 4702 τῶν
3561 4669 3836 4721 τεσσάρων

432 4736 630 4810 posuit
659 4735 902 4802 librum,
947 4733 1110 4791 Pauli
1139 4736 1228 4807 (ut
1255 4734 1441 4806 aiunt)
1479 4736 1667 4805 jussu.
1701 4736 1886 4807 Atque
1917 4736 2084 4807 equi-

432 4826 561 4884 dem
593 4826 708 4883 duo
738 4840 808 4880 ex
838 4825 1169 4891 duodecim,
1213 4827 1271 4880 et
1299 4823 1411 4880 duo
1442 4823 1580 4880 item
1614 4840 1682 4880 ex
1713 4826 2086 4896 septuaginta

434 4914 741 4986 discipulis
811 4919 866 4970 et
940 4912 1243 4986 apostolis,
1321 4918 1570 4985 quatuor
1644 4914 2082 4985 Evangeliorum

435 5004 787 5076 scripturam
819 5003 1222 5060 absolverunt.
1253 5003 1430 5060 Porro
1459 5003 1627 5059 divus
1655 5003 1924 5068 Jacobus,
1962 5005 2084 5060 fra-

433 5098 524 5150 ter
568 5093 818 5162 Domini,
869 5092 1176 5150 duodecim
1227 5092 1492 5149 tribubus
1524 5109 1700 5148 unam
1734 5092 2081 5148 catholicam

435 5184 788 5256 conscripsit
825 5183 1128 5254 epistolam
1163 5200 1177 5240 :
1213 5183 1360 5239 duas
1391 5183 1592 5238 itidem
1625 5185 1847 5250 Petrus,
1881 5188 1936 5240 et
1965 5187 2082 5238 tres

435 5273 668 5330 divinus
709 5275 958 5329 Joannes
993 5290 1006 5329 :
1039 5288 1216 5329 unam
1249 5275 1448 5328 autem
1479 5273 1678 5338 ludas,
1710 5272 1926 5339 Jacobi,
1961 5272 2083 5327 for-

433 5365 591 5418 tasse
621 5366 814 5418 autem
847 5366 904 5419 et
932 5361 1166 5418 Domini
1210 5361 1496 5418 dicendus
1544 5362 1717 5417 frater
1750 5378 1947 5432 :uquas
1981 5379 2082 5415 nu-

435 5466 594 5507 mero
635 5456 854 5522 septem
902 5453 1228 5520 universas,
1278 5456 1340 5507 ut
1389 5467 1690 5522 germanas
1722 5456 1900 5523 atque
1933 5452 2081 5508 nati-

435 5554 562 5607 vas,
589 5538 811 5597 dudum
843 5539 1095 5597 Ecclesia
1124 5539 1358 5612 recepit,
1405 5543 1461 5596 et
1505 5540 1563 5594 in
1597 5555 1906 5596 numerum
1939 5540 2084 5596 Novi

437 5627 792 5686 Testamenti
824 5629 1260 5686 vernaculorum
1317 5629 1599 5686 librorum
1630 5646 1798 5700 quam
1834 5631 2086 5687 maxime

437 5716 631 5774 retulit
692 5734 707 5773 :
765 5717 934 5775 sicuti
1003 5718 1176 5776 etiam
1247 5719 1689 5790 quatuordecim
1750 5717 1866 5775 divi
1922 5718 2081 5776 Pauli

2196 4737 2540 4813 Εὐαγγελίων
2593 4739 2803 4816 γραφὴν
2850 4737 3135 4794 ἐκτιθέασι.
3189 4737 3286 4792 Καὶ
3351 4737 3379 4791 ὁ
3430 4739 3573 4800 θεῖος
3624 4735 3686 4793 δὶ
3735 4740 3837 4794 Ἰά-

2195 4823 2375 4891 κωϐος
2424 4829 2451 4882 ὁ
2494 4830 2590 4883 τοῦ
2641 4827 2839 4900 Κυρίου
2886 4825 3120 4906 ἀδελφὸς
3175 4826 3299 4898 μίαν
3359 4825 3664 4896 καθολικὴν
3724 4835 3836 4889 ταῖς

2194 4913 2403 4971 δώδεκα
2434 4917 2628 4994 φυλαῖς
2661 4919 2934 4972 συντάττει
2965 4915 3258 4986 ἐπιστολήν
3291 4935 3305 4949 ο
3336 4913 3430 4970 δύο
3463 4913 3517 4970 δὲ
3550 4917 3577 4970 6
3628 4916 3840 4991 Πέτρος

2189 5003 2452 5076 ἐκτίθησι,
2501 5006 2593 5060 καὶ
2639 5012 2787 5080 τρεῖς
2830 5007 2858 5060 6
2907 5005 3186 5066 θεσπέσιος
3244 5007 3498 5072 Ἰωάννης
3532 5023 3548 5039 ⁸
3604 5005 3738 5078 μίαν
3790 5005 3844 5060 6's

2190 5095 2218 5150 6
2269 5092 2473 5156 Ἰούδας
2526 5097 2553 5150 6
2598 5092 2832 5173 ἀδελφὸς
2877 5099 2974 5151 τοῦ
3031 5089 3318 5166 Ἰακώϐου,
3366 5092 3488 5148 ’ἶσον
3549 5091 3605 5148 δὲ
3665 5094 3844 5149 εἰπεῖν

2187 5188 2284 5238 τοῦ
2342 5184 2588 5259 Κυρίουο
2665 5185 2727 5247 ἃς
2787 5182 2854 5253 δὴ
2928 5184 3064 5240 έπτά
3130 5183 3291 5245 οὔσας
3367 5183 3440 5244 ὡς
3510 5184 3750 5259 γνησίας
3809 5187 3841 5252 ἡ

2188 5272 2492 5342 Ἐκκλησία
2544 5274 2826 5348 προσίεται
2887 5272 3112 5344 ἄνωθεν,
3171 5272 3262 5326 καὶ
3321 5270 3372 5326 ἐν
3437 5276 3554 5331 τοῖς
3614 5271 3847 5332 οἰκείοις

2188 5367 2294 5417 τῶν
2327 5365 2424 5430 τῆς
2473 5361 2591 5424 νέας
2645 5363 2914 5432 Διαθήκης
2965 5359 3198 5436 βιϐλίων
3248 5361 3484 5436 ἐγκρίνει
3537 5362 3612 5422 ὡς
3672 5360 3846 5434 μάλιο

2190 5470 2286 5504 στα
2321 5471 2333 5482 ·
2368 5452 2505 5525 πρὸς
2537 5450 2604 5521 δὴ
2652 5453 2872 5514 ταύταις
2901 5451 2990 5505 καὶ
3038 5451 3134 5512 τὰς
3169 5448 3230 5505 ιδ’
3274 5455 3372 5505 τοῦ
3421 5449 3570 5504 θείου
3615 5452 3846 5506 Παύλου

2190 5537 2479 5603 ἐπιστολάς
2513 5559 2526 5571 ⁸
2586 5542 2647 5604 ὃς
2705 5540 2758 5596 ἐν
2816 5544 3129 5615 παρασκευῇ
3189 5537 3373 5613 λόγων
3439 5536 3845 5608 δυνατώτατος,

2189 5630 2426 5703 νοήμασί
2476 5650 2534 5686 τε
2583 5632 2762 5694 ἱκανὸς
2810 5631 3068 5706 γεγονὼς,
3108 5625 3259 5684 οὐδέν
3310 5649 3362 5684 τι
3411 5628 3616 5683 τούτων
3669 5627 3843 5684 πλέον

2189 5717 2394 5794 γράψαι
2452 5717 2768 5794 προείλετο,
2815 5718 3118 5775 καὶταῦτα
3177 5714 3344 5794 μυρία
3398 5714 3487 5773 καὶ
3546 5713 3848 5794 ἀπόρρητα
