4032 6282
137 446 255 509 885

1140 444 1756 514 ECCLESIASTIC/E
1798 458 2191 525 HlSTORI/E
2232 467 2382 527 LIB.
2430 467 2506 529 Ii.

3431 477 3549 537 886

140 577 318 654 λέγειν
354 572 524 654 ἔχων,
557 579 651 634 ἅτε
699 575 885 648 δήκαὶ
935 576 1024 633 ἐπὶ
1066 577 1160 634 τὸν
1206 578 1386 654 τρίτον
1432 579 1784 654 ἀνεληλυθὼς

1899 596 2196 670 epistolas,
2228 602 2330 671 qui
2362 601 2537 658 simul
2569 605 2626 660 et
2664 605 2971 661 verborum
3021 610 3078 662 et
3125 608 3546 665 sententiarum

140 670 390 740 οὐρανὸν,
423 668 510 724 καὶ
559 668 647 724 ἐπὶ
677 668 768 723 τὸν
825 670 1089 743 θεοτερπῆ
1141 668 1463 742 παράδεισον
1514 671 1784 749 ἐπαρθεὶς,

139 758 225 813 καὶ
303 763 413 814 τῶν
486 756 739 832 ἆῤῥήτων
816 756 1032 813 ἐκείνων
1109 757 1334 814 ἀκοῦσαι
1410 765 1780 836 καταξιωθείς.

138 850 398 903 Ὕστατον
455 846 513 902 δὲ
569 847 658 902 καὶ
717 848 817 916 τήν
875 851 971 902 τοῦ
1030 848 1283 904 Ἰωάννου
1337 850 1788 929 Ἀποκάλυψιν

139 941 489 1014 ἐπιστάμεθα,
553 940 994 1018 παραδεδομένην
1071 948 1138 1017 τῇ
1216 944 1533 1018 Ἐκκλησίᾳ.
1587 951 1661 1004 Τά
1731 949 1787 1006 δὲ

139 1031 282 1105 παρᾶ
328 1036 499 1088 ταῦτα
550 1034 678 1087 νόθα
725 1053 783 1088 τε
831 1033 919 1087 καὶ
969 1034 1375 1110 παρέγγραπτα.
1422 1039 1517 1098 ’Ὡς
1565 1061 1624 1112 γε
1675 1041 1782 1112 μὴν

138 1117 331 1195 ἔχουσι
362 1121 563 1191 τάξεως
591 1122 656 1177 τὰ
695 1116 907 1196 βιϐλία,
943 1122 1087 1176 οὕτω
1119 1119 1186 1192 δή
1219 1123 1386 1196 κάμοὶ
1421 1125 1632 1195 ἐπῆλθε
1661 1131 1785 1203 περὶ

137 1213 340 1266 τούτων
372 1213 541 1267 εἰπεῖν
591 1213 689 1275 τὰς
719 1211 892 1275 αἰτίας
926 1211 1274 1287 διηγουμένῳ
1315 1221 1416 1284 τῆς
1449 1222 1782 1296 συγγραφῆς,

135 1302 223 1356 καὶ
252 1305 359 1356 τῶν
397 1299 693 1376 ἐκθεμένων
730 1301 886 1358 αὑτά.

1894 692 2173 758 apparatu
2214 689 2720 761 instructissimus,
2755 693 2901 749 nihil
2933 695 3044 750 sibi
3093 700 3365 767 praterea
3412 700 3551 756 scri-

1900 776 2158 832 bendum
2214 795 2344 835 esse
2388 781 2572 849 duxit,
2611 799 2742 839 cum
2782 784 3014 855 quidem
3067 786 3410 845 innumeros
3474 790 3547 845 de

1898 866 2075 922 rebus
2105 868 2334 924 arcanis
2356 874 2411 926 et
2443 871 2836 929 ineﬂ'ahiiibus
2870 875 3157 946 potuisset
3199 893 3546 948 componere

1901 953 2060 1010 216
2093 956 2290 1026 libros,
2333 960 2549 1032 quippe
2579 961 2679 1032 qui
2711 962 2768 1016 in
2814 964 3052 1019 tertium
3097 981 3278 1036 usque
3334 966 3544 1023 ccelum

1897 1048 2123 1116 raptus,
2156 1047 2299 1103 etin
2349 1049 2685 1118 paradisum
2745 1051 2960 1109 divinis
3010 1052 3405 1124 voluptatibus
3459 1056 3544 1111 af-

1897 1131 2184 1190 ﬂuentum
2217 1137 2511 1209 sublatus,
2541 1139 2829 1197 maximas
2881 1141 2985 1209 ibi,
3017 1159 3145 1213 quis
3195 1143 3385 1201 dicere
3431 1160 3543 1202 non

1895 1226 2004 1292 est,
2034 1240 2128 1280 res
2157 1226 2466 1284 audiverit.
2499 1229 2715 1286 Deinde
2750 1238 2804 1287 et
2839 1230 3083 1287 Joannis
3132 1233 3542 1306 Apocalypsim

1896 1312 2168 1370 novimus
2215 1315 2482 1373 Ecclesiae
2528 1321 2884 1388 postremum
2931 1321 3222 1379 traditam.
3252 1321 3382 1380 Alia
3437 1337 3547 1379 au-

137 1397 274 1462 tem,
308 1397 514 1464 praeter
535 1395 676 1462 hac,
699 1396 896 1450 omnia
928 1394 1236 1468 iiiegitima
1257 1399 1395 1454 sunt
1424 1401 1480 1454 et
1508 1398 1858 1458 adulterina.
1891 1401 2044 1460 Ordo
2072 1407 2268 1463 autem
2300 1405 2584 1465 librorum
2615 1409 2966 1477 simul,cum
2997 1429 3230 1470 causam
3263 1413 3536 1471 editionis

139 1487 520 1557 auctoresque
551 1501 754 1542 eorum
786 1501 1156 1558 exponerem,
1187 1504 1220 1544 a
1251 1503 1338 1545 me
1368 1490 1690 1548 recensitus
1710 1495 1819 1549 est.

739 1632 993 1685 ΚΕΦΑΛ.
1033 1630 1185 1704 mg".

142 1753 324 1846 Περὶ,
357 1749 1185 1846 τῶνυᾶμφιβαλλομένωη
1214 1753 1629 1846 ἔνδιαθήκιθν
1689 1761 1785 1832 βι-

2496 1643 2726 1700 CAPUT
2765 1645 2951 1702 XLVI.

1897 1763 2422 1842 Dertcstamentariis
2456 1767 2619 1825 libris
2647 1770 2977 1842 quibusdam
3015 1773 3075 1826 in
3122 1771 3349 1828 dubium
3390 1787 3549 1828 voca-

209 1821 451 1893 ϐ’λίων,
488 1821 664 1915 ςςπευξ
705 1821 1194 1922 ἐξηξστέρογητὸ
1235 1821 1522 1920 ἔμπεδόν
1561 1821 1782 1922 ἔσγονο

209 1898 313 1922 --ηδ
361 1917 507 1922 --Α.
556 1901 654 1922 .__"’.,
740 1919 765 1922 ,κ
879 1919 958 1922 Α--
999 1919 1056 1922 ηε
1668 1898 1680 1909 ⁸

1967 1836 2059 1922 είς,
2109 1846 2168 1922 ας
2199 1821 2416 1921 postea:
2453 1821 2622 1922 ista}

209 1898 315 1951 καὶ
356 1898 511 1972 περὶ
543 1901 674 1979 ,τῶν
734 1895 1368 1979 ἄλλωςνόθωνωκαὶ
1408 1895 1781 1979 παρεγγρά-

208 1989 410 2038 πτων,
449 1967 560 2024 καὶ
600 1971 1018 2025 παντάπασιν
1060 1967 1495 2043 ἀποϐλήτῶν.

213 2112 359 2167 Ἑπεὶ
391 2109 454 2166 δέ
481 2132 623 2174 τινες
671 2117 776 2167 τῶν
808 2113 1053 2189 ἀρχαίων
1096 2114 1283 2171 πολλᾶ
1317 2121 1424 2172 τῶν
1477 2119 1780 2194 εἰρημένων

148 2195 410 2256 ὠϐέλισαν
464 2206 570 2256 τῶν
628 2201 884 2280 ἀσφαλῶς
940 2208 1009 2277 τῇ
1064 2205 1366 2278 Ἐκκλησία
1414 2206 1785 2283 παραδεδομέ-

145 2310 266 2359 νων,
297 2292 427 2368 φέρε
455 2291 544 2346 καὶ
577 2293 700 2366 περὶ
751 2293 963 2348 τούτων
1000 2293 1210 2372 βραχέα
1251 2294 1659 2368 διεληλυθότες,
1690 2299 1782 2354 τὸν

149 2376 386 2454 δεύτερον
434 2381 865 2455 καταπαύσωμεν
914 2382 1107 2456 τόμον,
1157 2384 1191 2438 ἅ
1236 2407 1398 2462 φησιν
1449 2383 1704 2451 Εὐσέϐιος
1755 2391 1783 2444 6

147 2468 436 2547 Παμφίλου
493 2472 934 2546 παρατιθέμενοι.
981 2473 1109 2549 Περὶ
1171 2476 1265 2548 μὲν
1324 2481 1433 2531 τῶν
1482 2477 1786 2551 εἷρημένων

146 2579 409 2632 τεσσάρων
462 2559 815 2636 Εύαγγελίων
845 2559 1026 2616 οὐδενί
1074 2584 1162 2618 πω
1191 2565 1354 2639 μέχρι
1402 2567 1489 2621 καὶ
1540 2565 1594 2628 ἐς
1625 2565 1783 2642 δεῦρο

147 2643 452 2725 ἀμφίϐολος
502 2647 790 2724 ἐκράτησεν
842 2648 1021 2706 ἔννοια
1053 2668 1066 2683 '
1114 2655 1311 2726 γνήσια
1367 2652 1424 2709 δὲ
1465 2655 1555 2710 καὶ
1614 2657 1787 2713 οἰκεῖα

151 2735 294 2808 μάλα
373 2743 485 2794 τῶν
568 2742 1028 2814 συγγραψαμένων
1117 2743 1250 2797 εἶναι
1335 2742 1783 2821 ἀνωμολόγηται.

151 2825 367 2896 Ἐπίσης
400 2826 456 2882 δέ
506 2849 650 2906 φημι
684 2827 838 2898 δόξαν
890 2830 1101 2885 ὑπεῖναι
1151 2833 1237 2886 καὶ
1273 2835 1397 2908 περὶ
1444 2841 1546 2904 τῆς
1588 2831 1787 2910 βίϐλου

152 2920 256 2970 τῶν
303 2919 572 2991 Πράξεων.
607 2919 695 2974 Ἐν
739 2914 1075 2996 ἀμφιϐόλοις
1125 2919 1172 2976 δ’
1221 2924 1357 2992 ἦσαν
1408 2925 1442 2994 ἦ
1486 2947 1546 2981 τε
1593 2928 1784 3001 πρώτη

152 3009 253 3059 τῶν
296 3005 621 3062 Καθολικῶν
671 3003 934 3065 Ἰακώϐου
988 3014 1083 3064 τοῦ
1125 3007 1361 3090 ἀδελφοῦ
1411 3017 1508 3069 τοῦ
1568 3014 1786 3090 Κυρίου,

153 3093 234 3148 καὶ
264 3097 298 3163 ἡ
347 3093 560 3170 ἑϐδόμη
599 3095 775 3151 Ἰούδα
822 3101 919 3153 τοῦ
951 3096 1190 3175 ἀδελφοῦ
1239 3101 1426 3172 αὐτοῦ,
1468 3096 1546 3157 ἔτι
1595 3103 1652 3158 δὲ
1699 3105 1787 3160 καὶ

155 3184 186 3252 ἡ
242 3182 462 3255 δευτέρα
523 3189 621 3240 τοῦ
681 3186 885 3260 Πέτρου
941 3185 1231 3261 ἐπιστολὴ,
1263 3189 1339 3252 ὡς
1397 3193 1488 3248 ἅτε
1547 3191 1613 3263 δὴ
1670 3200 1786 3258 τοῖς

155 3271 401 3336 παλαιοῖς
475 3272 528 3328 ἐν
587 3272 948 3351 ἆμφιλέκτοις
1006 3280 1384 3352 γεγενημέναι.
1442 3285 1556 3336 Τῶν
1617 3279 1674 3338 δέ
1730 3306 1791 3359 γε

154 3367 308 3437 τριῶν
359 3364 631 3435 Ἰωάννου,
681 3363 830 3434 πλὴν
879 3373 981 3436 τῆς
1027 3369 1275 3439 πρώτης,
1324 3369 1378 3423 αἱ
1424 3372 1652 3441 καθεξῆς
1697 3371 1792 3428 δύο

159 3449 313 3530 μέχρι
344 3450 568 3508 πολλοῦ
614 3452 968 3530 ἂντελέγοντο
1002 3474 1015 3488 ο
1066 3457 1155 3511 καὶ
1206 3456 1381 3514 ἄλλου
1424 3455 1794 3534 πρεσϐυτέρού

155 3541 395 3597 Ἰωάννου
429 3543 572 3598 εἶναι
619 3543 814 3606 ταύτας
861 3543 1022 3619 λόγος
1070 3551 1349 3622 κατεῖχεν,
1381 3549 1440 3610 ὃς
1485 3549 1538 3604 έν
1583 3550 1792 3627 Ἐφέσῳ

156 3631 282 3700 μετὰ
325 3634 416 3686 τὸν
481 3633 733 3704 Ἰωάννην
787 3635 1134 3708 παρῴκησεν,
1186 3634 1263 3698 ὥς
1321 3659 1468 3711 φησι.
1504 3638 1713 3705 Παπίας
1763 3641 1790 3694 6

152 3719 542 3794 Ἱεραπολίτης,
605 3719 700 3777 δύο
762 3725 1018 3797 μνήματα
1074 3725 1124 3778 έν
1183 3726 1394 3803 Ἑφέσῲ
1463 3727 1600 3782 εἶναι
1651 3729 1792 3783 ἰστο-

155 3812 252 3880 ρῶν
291 3811 605 3884 ὁμωνύμων
651 3812 906 3867 Ἰωαννῶν
933 3832 947 3845 ⁶
1000 3814 1072 3868 ὧν
1122 3815 1237 3877 ένὸς
1279 3819 1376 3870 τοῦ
1424 3811 1788 3892 πρεσϐυτέρου

152 3896 533 3973 ἐπιλεγομένου
565 3901 653 3955 καὶ
705 3901 982 3975 ὁμιλητὴν
1013 3903 1197 3958 ἑαυτὸν
1246 3903 1418 3980 λέγει.
1469 3904 1789 3982 Καταλέγων

149 3986 242 4061 γὰρ
299 3988 428 4051 τοὺς
489 3985 884 4064 πρεσϐυτέρους
940 3995 1048 4046 τῶν
1109 3993 1454 4065 ἀποστόλων,
1513 3995 1602 4048 καὶ
1677 3998 1784 4049 τῶν

153 4072 242 4131 δύο
270 4077 478 4133 τούτων
515 4077 789 4152 μέμνηται
823 4080 1024 4134 οὑτωσί
1056 4082 1290 4156 φάσκων·
1322 4107 1349 4134 ‹‹
1386 4082 1446 4138 Εἰ
1475 4081 1532 4138 δὲ
1560 4104 1666 4138 που
1697 4083 1786 4138 καὶ

151 4164 655 4240 παρηκολουθηκώς
704 4188 787 4230 τις
839 4173 958 4231 τοῖς
1009 4164 1390 4244 πρεσϐυτέροις
1438 4169 1612 4243 ἒθλοι,
1658 4171 1788 4235 τοὺς

148 4259 250 4308 τῶν
300 4251 683 4330 πρεσϐυτέρων
730 4255 999 4332 ἀνέκρινον
1048 4255 1249 4334 λόγους
1284 4281 1296 4293 ·
1347 4260 1399 4314 τί
1444 4259 1716 4335 Ἀνδρέας,
1750 4263 1784 4331 ἢ

153 4341 343 4416 Πέτρος
371 4346 544 4415 εἶπεν,
575 4345 609 4413 ἢ
644 4345 948 4416 Φίλιππος,
981 4349 1014 4415 ἣ
1044 4343 1322 4417 Ἰάκωϐος,
1354 4349 1389 4417 ἢ
1422 4351 1475 4404 τί
1509 4352 1784 4420 Ἰωάννης,

149 4433 181 4500 ἢ
215 4437 510 4502 Ματθαῖος,
549 4436 576 4503 ἤ
609 4457 690 4497 τις
722 4433 903 4510 ἕτερος
959 4441 1065 4491 τῶν
1097 4442 1193 4492 τοῦ
1236 4438 1440 4511 Κυρίου
1475 4441 1731 4511 μαθητῶν
1769 4459 1782 4472 ·

151 4520 263 4576 ἅτε
310 4523 594 4598 Ἀριστίων
629 4527 718 4580 καὶ
767 4527 794 4580 ὁ
840 4523 1199 4601 πρεσϐύτερος
1245 4528 1520 4599 Ἰωάννης.
1554 4530 1631 4586 Οὐ
1681 4529 1784 4606 γὰρ

1963 1911 2106 1987 [teni
2127 1911 2194 1987 de
2222 1911 2440 1987 supatis
2496 1916 2548 1968 et
2589 1914 2954 1984 adulterinis,
3003 1915 3334 1987 omninoque
3370 1932 3549 1987 repro-

1965 1983 2158 2040 bandis
2189 1985 2428 2055 scriptis.

1963 2114 2446 2186 Quandoquidem
2486 2130 2618 2171 vero
2660 2117 2814 2188 apud
2869 2118 3144 2189 antiquos
3196 2118 3450 2190 quidam,
3482 2134 3551 2174 ex

1892 2211 1976 2268 eis
2003 2207 2171 2264 libris
2202 2221 2348 2276 quos
2395 2204 2727 2275 retulimus,
2760 2207 3026 2263 Ecclesiae
3068 2213 3224 2266 certo
3280 2209 3546 2278 traditos,

1891 2297 2057 2358 obelo
2085 2297 2367 2368 quosdam
2399 2295 2786 2352 confoderunt
2824 2312 2838 2352 :
2872 2298 2941 2352 de
2971 2311 3038 2352 ea
3069 2314 3299 2370 quoque
3340 2315 3400 2353 re
3447 2297 3547 2352 ubi

1894 2405 2081 2463 pauca
2109 2386 2454 2456 dixerimus,
2484 2388 2543 2441 et
2582 2401 2704 2456 quae
2751 2387 3036 2444 Eusebius
3093 2387 3384 2460 Pamphili
3431 2396 3549 2444 tra-

1893 2480 2104 2536 diderit
2153 2475 2594 2544 adduxerimus,
2637 2479 2893 2534 secundo
2963 2478 3098 2535 huic
3154 2481 3313 2535 tomo
3369 2477 3545 2534 finem

1893 2571 2286 2641 imponemus.
2345 2568 2425 2622 Ac
2478 2567 2550 2622 de
2599 2575 2850 2637 quatuor
2907 2568 3142 2639 quidem
3199 2583 3325 2640 quis
3391 2569 3548 2624 dicta

1897 2663 2036 2716 sunt
2065 2655 2409 2727 Evangeliis,
2444 2671 2614 2712 nemo
2645 2655 2836 2712 adhuc
2867 2657 2936 2712 ad
2967 2656 3124 2714 hunc
3156 2672 3342 2730 usque
3395 2658 3546 2714 diem

1895 2745 2346 2806 controversiam
2404 2745 2603 2812 movit,
2664 2761 2985 2818 omnesque
3041 2763 3106 2802 ea
3166 2763 3446 2819 germana
3492 2750 3549 2803 et

1895 2837 2089 2893 nativa
2109 2851 2237 2892 esse
2267 2834 2683 2904 suntprofessi.
2703 2834 2856 2891 Idem
2889 2851 3116 2907 quoque
3146 2836 3217 2892 de
3273 2837 3546 2894 Actorum

1897 2926 2044 2982 libro
2096 2923 2429 2980 dicendum.
2488 2924 2565 2980 De
2622 2925 2842 2996 quibus
2897 2929 3094 2981 autem
3137 2925 3548 2983 addubitatum

1897 3015 1996 3080 sit,
2019 3014 2139 3070 haec
2171 3015 2331 3068 sunt.
2364 3011 2560 3067 Prima
2617 3011 2767 3067 inter
2810 3011 3147 3070 catholicas.
3179 3012 3396 3081 Jacobi,
3435 3013 3552 3069 ira-

1897 3105 2002 3160 tris
2023 3101 2252 3159 Domini
2286 3118 2301 3158 :
2335 3104 2393 3157 et
2431 3100 2680 3171 septima
2730 3101 2916 3168 Judes,
2959 3101 3158 3158 fratris
3215 3102 3378 3173 ejus:
3413 3102 3552 3159 item

1823 3231 1865 3297 Ο
1904 3191 2186 3266 posterior
2216 3190 2363 3246 Petri
2394 3189 2659 3297 epistola:
2692 3189 2772 3246 De
2795 3189 2886 3247 bis
2921 3190 3079 3297 enim
3122 3206 3338 3297 anceps
3395 3193 3550 3297 apud

1903 3281 2176 3354 antiquos
2206 3280 2328 3336 fuit
2364 3278 2584 3352 opinio.
2617 3278 2898 3336 Praterea
2938 3295 3008 3337 ex
3064 3279 3250 3339 tribus
3282 3297 3410 3354 quae
3463 3282 3551 3337 di-

1901 3377 2113 3430 cuntur
2138 3387 2266 3428 esse
2293 3369 2558 3438 Joannis,
2591 3373 2751 3426 extra
2807 3370 3079 3442 primam,
3111 3371 3351 3444 reliquis
3393 3373 3538 3428 dua-

1903 3462 2012 3518 bus
2042 3460 2420 3532 aliquandino
2464 3476 2580 3515 non
2627 3460 2848 3531 integra
2878 3461 3014 3516 data
3045 3463 3134 3516 est
3180 3460 3494 3516 auctoritas
3531 3476 3544 3513 :

1903 3566 2038 3606 nam
2063 3549 2302 3605 alterius
2332 3547 2574 3604 Joannis
2606 3548 2922 3619 presbyteri
2950 3563 3074 3605 esse
3109 3549 3339 3604 credita
3387 3553 3549 3614 sunt,

1901 3639 2002 3712 qui
2059 3637 2271 3709 Ephesi
2323 3641 2454 3709 post
2503 3637 2788 3692 Joannem
2837 3637 3200 3704 habitaverit,
3235 3641 3300 3693 ut
3343 3637 3551 3708 Papias

1901 3726 2254 3799 Hierapolita
2309 3725 2468 3793 dicit,
2536 3725 2647 3781 duo
2715 3729 3096 3782 monumenta
3151 3725 3363 3798 Ephesi
3422 3741 3550 3783 esse

1901 3830 2250 3883 memorans,
2283 3813 2456 3868 unius
2497 3816 2669 3884 atque
2708 3811 2947 3869 alterius
2975 3812 3218 3869 Joannis
3253 3828 3266 3869 :
3298 3827 3549 3884 quorum

1899 3905 2096 3974 unius,
2128 3901 2449 3974 presbyteri
2478 3901 2642 3968 dicit,
2673 3900 3023 3973 discipulum
3055 3901 3317 3973 seipsum
3351 3903 3550 3960 nomi—

1900 3998 2020 4052 nat.
2083 3997 2410 4050 Recensens
2473 3990 2630 4048 enim
2698 3991 3096 4062 apostolorum
3146 3991 3429 4059 seniores,
3489 3997 3547 4048 et

1898 4086 2148 4140 duorum
2207 4081 2451 4136 istorum
2496 4079 2780 4148 meminit,
2826 4079 2908 4135 ita
2965 4079 3274 4150 inquiens:
3318 4103 3347 4132 «
3380 4081 3546 4148 Quod

1897 4173 1944 4229 si
2001 4172 2232 4244 quando
2290 4169 2606 4242 quispiam,
2667 4169 2765 4240 qui
2816 4168 3112 4225 seniorum
3151 4170 3546 4240 apostolorum

1896 4265 2146 4318 sectator
2183 4260 2411 4327 fuisset,
2444 4257 2795 4323 advenisset,
2827 4257 3124 4314 seniorum
3176 4260 3545 4330 requirebam

1896 4352 2066 4406 verba
2095 4357 2149 4405 et
2182 4349 2522 4412 sententias,
2565 4347 2706 4418 quid
2729 4346 2946 4404 scilicet
2973 4349 3238 4405 Andreas
3285 4348 3543 4418 dixisset,

1897 4446 1998 4497 aut
2031 4441 2253 4503 Petrus,
2289 4442 2390 4493 aut
2421 4437 2746 4508 Philippus,
2779 4441 2881 4492 aut
2935 4437 3189 4493 Jacobus
3220 4454 3234 4493 :
3268 4442 3366 4493 aut
3402 4439 3543 4508 quid

1893 4533 2170 4592 Joannes,
2222 4527 2550 4591 Mattbueus,
2582 4530 2681 4581 aut
2738 4526 2886 4581 alius
2941 4526 3252 4597 quisquam
3313 4527 3544 4582 Domini

148 4607 212 4664 τὰ
235 4609 293 4665 ἐκ
319 4617 428 4667 τῶν
480 4608 712 4688 βιϐλίων
759 4616 1018 4670 τοσοῦτόν
1072 4637 1139 4689 με
1186 4615 1418 4693 ὠφελεῖν
1470 4617 1784 4692 ὑπελάμϐα-

1899 4615 2372 4688 discipulorum:
2426 4629 2553 4682 quae
2611 4612 2750 4666 item
2801 4611 3078 4680 Aristion,
3137 4616 3238 4667 aut
3292 4612 3543 4668 Joannes

148 4719 256 4769 vov,
311 4700 438 4757 ὅσον
496 4701 562 4758 τὰ
618 4706 763 4779 παρὰ
825 4706 1002 4776 ζώσης
1061 4713 1267 4780 φωνῆς.
1310 4731 1339 4759 ››
1397 4707 1598 4762 Τούτου
1656 4713 1782 4785 γοῦν

147 4791 239 4842 τοῦ
268 4786 636 4866 πρεσϐυτέρου
677 4799 779 4862 τῆς
827 4791 881 4847 ἐν
931 4795 1139 4873 Ἐφέρῲ
1186 4797 1474 4870 παροικίας
1516 4801 1614 4866 τὴν
1663 4795 1782 4854 δευ-

149 4874 298 4950 τέραν
327 4881 417 4935 καὶ
464 4879 654 4955 τρίτην
700 4881 1020 4952 ἐπιστολὴν,
1049 4885 1182 4958 πρὸς
1234 4881 1291 4939 δὲ
1338 4886 1428 4940 καὶ
1472 4888 1572 4955 τήν
1619 4887 1781 4944 Ἀπο-

149 4965 374 5042 κάλυψιν
428 4969 559 5025 εἶναί
607 4991 748 5033 τινες
799 4970 1199 5049 ἐφαντάσθησαν
1235 4994 1248 5008 ο
1297 4979 1404 5030 τῶν
1454 4973 1510 5029 δὲ
1562 4975 1783 5032 ἐπιστο-

149 5052 254 5111 λῶν
306 5057 550 5129 Παύλου,
604 5057 751 5130 πλήν
805 5067 905 5130 τῆς
946 5063 1082 5134 πρὸς
1133 5058 1438 5137 Ἐϐραίους,
1486 5066 1786 5142 ἀναμφίλε-

147 5163 260 5199 κτοι
291 5152 456 5202 πᾶσαι
505 5145 798 5222 διέμειναν.
834 5149 1068 5224 Κλήμης
1115 5149 1173 5207 δὲ
1220 5154 1306 5208 καὶ
1354 5153 1520 5224 αὐτῆς
1563 5156 1590 5210 6
1640 5157 1785 5212 Ῥώ-

153 5253 256 5304 μης
316 5237 499 5308 μνείαν
557 5243 814 5310 ποιεῖται,
865 5240 953 5295 καὶ
1014 5240 1203 5316 ῥητοῖς
1247 5265 1355 5299 τισι
1427 5248 1535 5300 τῶν
1614 5244 1784 5302 ἐκεῖσε

148 5324 454 5399 φερομένων
513 5326 801 5403 ἐμπρέπει.
858 5330 1016 5386 Ὅθεν
1077 5336 1261 5408 σαφῶς
1318 5334 1640 5407 παρίσταται
1702 5336 1778 5407 μή

151 5409 258 5466 νέον
305 5415 440 5471 εἶναι
486 5416 689 5488 ταύτης
746 5419 810 5473 τὸ
862 5419 1195 5495 σύγγραμμα
1225 5439 1238 5454 ·
1297 5421 1388 5476 καί
1445 5444 1506 5497 γε
1555 5423 1780 5485 εἰκότως

148 5506 261 5562 τοῖς
312 5502 528 5566 λοιπὸίς
573 5511 668 5560 τοῦ
719 5506 940 5563 Παύλου
991 5510 1376 5585 συγγράμμασι
1407 5511 1778 5587 καταλέγεται.

149 5590 214 5642 Τό
243 5611 304 5665 γε
338 5596 446 5664 μην
477 5593 646 5651 α’ίτιον
697 5604 797 5665 τῆς
834 5599 957 5672 περὶ
1005 5597 1204 5668 ταύτην
1247 5596 1587 5678 ἀμφιϐολίας
1633 5602 1780 5657 τοῦτ’

152 5683 386 5766 γενέσθαι
435 5682 624 5762 λόγος,
674 5685 757 5743 ὅτι
809 5691 885 5761 μὴ
935 5689 1180 5760 συνήθως
1230 5687 1282 5745 ἐν
1327 5690 1494 5766 ταύτῃ
1556 5693 1583 5746 ὁ
1637 5693 1778 5754 θεῖος

152 5765 483 5842 ’Δπὸστολος
507 5776 570 5833 τὸ
600 5777 793 5834 ἑαυτοῦ
824 5771 1198 5856 προϐάλλεται
1229 5773 1424 5858 ὄνομα,
1459 5765 1638 5858 ὥσπερ
1687 5781 1782 5838 κάν

1897 4705 2216 4778 presbyter.
2240 4703 2362 4758 Non
2395 4701 2551 4756 enim
2602 4699 2765 4756 libris
2824 4704 3048 4756 tantum
3109 4717 3221 4768 me,
3255 4706 3542 4772 quantum

1892 4795 2021 4852 viva
2052 4809 2188 4848 voce
2245 4791 2528 4862 adjuvari,
2567 4790 3105 4861 credebam.»Ejus
3159 4791 3334 4862 igitur
3391 4807 3548 4861 pres-

1893 4884 2077 4959 byteri
2109 4881 2360 4938 ecclesiae
2418 4879 2798 4952 Ephesiorum
2856 4882 3173 4936 secundam
3215 4888 3270 4938 et
3314 4883 3542 4937 tertiam

1893 4973 2224 5048 epistolam,
2256 4970 2360 5028 2|
2383 4973 2419 5026 τ
2459 4975 2515 5027 et
2543 4969 2948 5042 Apocalypsim
2981 4970 3239 5042 insuper,
3276 4971 3542 5028 nonnulli

1893 5080 2018 5123 esse
2051 5064 2457 5122 somniarunt:
2501 5059 2665 5117 Pauli
2712 5064 2908 5117 autem
2967 5060 3368 5132 epistolarum,
3401 5079 3542 5134 pm-

1893 5158 2160 5226 terquam
2229 5168 2359 5223 quas
2397 5149 2470 5204 ad
2529 5148 2795 5205 Hebraeos
2853 5153 2959 5217 est,
3021 5166 3224 5207 omnes
3291 5151 3543 5208 indubia

1897 5250 2174 5312 certaeque
2208 5253 2578 5312 permansere
2607 5237 2990 5296 auctoritatis.
3023 5243 3090 5295 Et
3125 5239 3380 5296 Clemens
3431 5241 3543 5296 Ro-

1898 5347 2127 5394 manus,
2161 5346 2295 5385 cum
2337 5327 2690 5383 mentionem
2723 5328 2850 5397 ejus
2889 5327 3078 5399 ipsius
3094 5329 3350 5400 epistolas
3381 5330 3540 5398 facit,

1895 5427 2018 5478 tum
2049 5418 2494 5475 auctoritatibus
2525 5418 2699 5471 etiam
2736 5416 2986 5472 locorum
3021 5419 3410 5488 quorumdam
3443 5420 3540 5491 qui

1895 5510 1956 5565 in
2007 5523 2073 5565 ea
2121 5511 2282 5575 sunt,
2317 5506 2586 5560 decenter
2633 5503 2830 5560 utitur.
2887 5505 3044 5560 Unde
3089 5507 3230 5562 satis
3282 5513 3540 5579 apparet,

1899 5616 2012 5656 non
2068 5614 2276 5653 novam
2337 5596 2465 5666 ejus
2508 5610 2637 5649 esse
2692 5593 3022 5662 editionem,
3070 5602 3337 5669 recteque
3393 5599 3545 5654 inter

1895 5689 2120 5761 reliqua
2147 5685 2308 5741 Pauli
2347 5684 2558 5756 scripta
2587 5683 2828 5740 censeri.
2862 5684 3049 5742 Causa
3096 5687 3354 5758 quidem,
3385 5689 3543 5761 quod

1897 5781 1967 5837 de
1996 5779 2122 5850 ejus
2147 5773 2488 5832 auctoritate
2517 5773 2596 5829 sit
2624 5771 3052 5846 addubitatum,
3083 5775 3186 5833 illa
3222 5793 3350 5834 esse
3388 5777 3541 5833 vids-
