4032 6282
450 428 565 491 887

1749 429 2172 492 NIGEPHORI
2214 431 2565 496 CALLISTI

3738 433 3848 498 888

452 567 569 634 tur,
593 565 750 638 quod
781 581 896 621 non
920 563 1146 635 itidem,
1174 569 1239 620 ut
1267 564 1326 620 in
1355 564 1486 622 aliis
1521 565 1645 622 suis
1691 566 1954 638 epistolis
2013 568 2095 624 fe-

2229 569 2326 627 ταῖς
2355 561 2552 629 ἄλλαις
2581 567 2805 637 ἐποίησε
2837 582 2850 598 ⁸
2878 566 3039 622 τοῦτδ
3085 563 3163 636 δὲ,
3191 563 3284 621 *ἕνα
3329 566 3404 638 μὴ
3439 563 3498 621 ἐκ
3546 567 3846 640 προοιμίων

454 655 556 723 cit,
597 655 765 711 divus
801 654 1020 711 Paulus
1076 671 1287 712 nomen
1337 655 1387 712 ei
1450 671 1625 711 suum
1681 656 2004 728 praeﬁxerit.
2042 655 2102 712 Id

454 759 591 801 vero
618 743 856 813 factum,
885 759 958 798 ne
987 743 1048 798 in
1079 743 1203 816 ipso
1235 743 1435 800 statim
1496 745 1796 816 prooemio.
1819 749 2100 815 tanquam

455 833 529 889 ab
555 833 640 888 eis
671 831 1024 901 descivisset,
1044 849 1142 888 eos
1173 833 1930 905 perturbaret.Quapropter
1951 839 2103 890 recte

457 936 666 978 nomen
697 937 869 976 suum
901 921 1120 988 omisit,
1153 922 1471 992 praisertim
1503 938 1636 978 cum
1681 938 1946 979 sermone
1995 939 2105 995 pa-

455 1011 568 1066 trio
599 1011 670 1066 ad
704 1011 973 1067 Hebraios
1031 1025 1159 1066 eam
1219 1011 1535 1082 Apostolus
1577 1012 1870 1068 scriberet.
1920 1013 2104 1077 Quam

457 1100 668 1156 deinde
723 1101 822 1156 alii
881 1099 1118 1173 quidem
1203 1119 1236 1156 a
1303 1101 1459 1157 Luca
1556 1102 1936 1173 evangelista,
2008 1103 2108 1159 alii

467 1205 598 1246 vero
655 1207 690 1246 a
729 1189 1046 1260 Clemente,
1105 1191 1255 1262 quod
1306 1190 1684 1246 verisimilius
1731 1198 1838 1259 est,
1878 1205 2104 1247 versam

459 1293 586 1336 esse
616 1281 910 1334 asserunt.
931 1277 1259 1334 Persimilis
1289 1277 1444 1334 enim
1477 1282 1568 1334 est
1597 1277 1856 1350 epistolae
1881 1279 1952 1335 ad
1996 1279 2105 1334 Be-

458 1368 644 1424 brmos
675 1365 882 1438 stylus,
915 1382 1016 1438 per
1043 1367 1258 1423 omnia.
1291 1366 1604 1423 Clementis
1661 1367 1935 1438 epistolas.
1968 1371 2110 1422 Sen-

457 1455 652 1513 tentia
681 1460 956 1528 preterea
985 1459 1290 1528 utriusque
1320 1473 1436 1513 non
1495 1457 1813 1513 admodum
1856 1456 2007 1512 inter
2053 1474 2112 1514 se

461 1547 760 1604 ditferunt.
792 1547 905 1604 Sed
936 1548 1095 1605 enim
1126 1547 1261 1604 libri
1289 1547 1352 1614 ii,
1386 1547 1623 1604 tametsi
1654 1547 2008 1603 controversi
2039 1547 2110 1604 ab

461 1636 724 1709 antiquis
745 1637 867 1694 sint
895 1637 1098 1705 habiti,
1123 1641 1321 1709 postea
1355 1644 1546 1693 tamen
1596 1636 1654 1692 in
1684 1637 1956 1693 omnibus
1987 1653 2110 1707 quis

463 1725 574 1783 sub
615 1727 758 1784 ccelo
801 1730 940 1782 sunt
995 1726 1292 1796 Ecclesiis,
1343 1725 1745 1782 auctoritatem
1814 1742 2108 1782 sacrosan-

463 1821 616 1872 ctam
674 1818 732 1872 et
769 1813 1228 1886 irrefragabilem
1295 1815 1695 1884 obtinuerunt,
1727 1819 1786 1874 et
1828 1819 2112 1888 tanquam

463 1904 756 1978 principia
798 1907 974 1976 atque
1013 1902 1294 1960 elementa
1351 1905 1582 1976 pietatis
1630 1912 1839 1962 nostras
1897 1906 2114 1978 sempi-

463 1997 629 2050 terna
651 1995 1114 2064 permanserunt.
1145 1993 1425 2050 Caeterum
1473 1993 1776 2065 illegitima
1829 1999 1888 2051 et
1943 1995 2118 2050 adul-

465 2081 654 2139 terina
701 2080 941 2138 omnino
983 2082 1193 2154 scripta
1223 2098 1373 2152 esse,
1407 2084 1554 2138 scire
1605 2083 1930 2140 debemus:
1976 2084 2118 2140 Pris-

466 2170 839 2239 dicationem,
861 2186 992 2243 quas
1017 2170 1250 2227 dicitur.
1282 2171 1458 2241 Petri,
1489 2177 1548 2229 et
1587 2173 1743 2244 quod
1792 2172 2113 2230 secundum

467 2275 602 2317 eum
623 2264 714 2316 est
742 2259 1110 2332 Evangelium
1141 2277 1160 2315 :
1191 2261 1460 2317 Actorum
1499 2262 1636 2318 item
1693 2263 1820 2334 ejus
1877 2262 2114 2332 librum,

468 2352 530 2404 et
557 2364 686 2420 qua
737 2348 848 2405 sub
901 2349 1138 2405 nomine
1184 2349 1314 2420 ejus
1371 2351 1777 2408 circumfertur
1829 2351 2116 2425 Apocaly-

467 2437 644 2510 psim.
665 2437 1008 2508 Accepimus
1023 2453 1155 2494 vero
1178 2438 1328 2494 inter
1357 2439 1644 2511 ambiguas
1667 2456 1900 2512 quoque
1946 2445 2114 2498 aucto

470 2527 664 2583 ritatis
685 2527 906 2598 scripta
927 2543 1058 2584 esse
1080 2531 1349 2584 Actorum
1399 2528 1558 2584 Pauli
1591 2529 1803 2586 librum
1839 2545 1852 2587 :
1887 2538 1938 2586 et
1980 2547 2112 2588 eum

472 2617 575 2689 qui
606 2619 856 2674 Pastoris
883 2615 1060 2674 habet
1089 2616 1346 2681 titulum,
1377 2634 1551 2691 quem
1598 2619 1820 2676 Hermm
1879 2621 2111 2694 quidam

470 2704 772 2764 ascribunt
799 2705 874 2776 ei,
905 2705 996 2762 cui
1025 2706 1085 2762 in
1124 2706 1381 2780 Epistola
1437 2709 1508 2764 ad
1559 2708 1852 2766 Romanos
1901 2710 2114 2767 Paulus

471 2794 720 2864 salutem
753 2795 1004 2852 nuntiari
1032 2795 1216 2868 jubet.
1249 2795 1552 2854 Nonnullis
1582 2803 1774 2856 autem
1822 2800 1872 2856 is
1913 2802 2114 2856 admo-

471 2885 610 2940 dum
667 2884 896 2940 videtur
941 2900 1070 2942 esse
1108 2887 1498 2955 necessarius,
1543 2888 1627 2944 eis
1679 2889 1966 2960 praecipue
2017 2889 2114 2962 qui

471 2972 662 3045 prima
712 2973 944 3046 pietatis
1002 2973 1238 3030 discunt
1289 2975 1635 3045 rudimenta,
1671 2977 1922 3034 multum
1981 2980 2115 3036 affe-

471 3077 607 3119 rens
627 3063 841 3119 maturi
875 3063 1098 3120 fructus
1141 3073 1195 3119 et
1253 3063 1545 3122 utilitatis.
1575 3065 1698 3122 Non
1753 3067 1924 3139 pauci
1991 3068 2118 3140 qui-

471 3151 603 3207 dem
633 3159 785 3208 certe
827 3152 979 3223 apud
1019 3151 1292 3224 antiquos
1329 3169 1397 3208 eo
1445 3158 1586 3209 sunt
1619 3153 1730 3224 usi,
1775 3155 1920 3211 inter
1977 3156 2116 3213 asci-

471 3239 600 3296 titia
614 3241 786 3296 etiam
813 3243 898 3296 est
927 3241 1363 3315 Barnabas,quas
1403 3225 2115 3317 circumferturfepistola:

2147 1949 2194 2014 B

2210 653 2441 718 ἐκείνους
2499 652 2778 730 Θορυϐήσῃ
2833 657 2907 718 ὡς
2970 651 3328 729 μεταϐληοείς
3368 675 3380 686 ·
3443 655 3564 710 ὅθεν
3617 657 3708 710 καὶ
3757 657 3845 724 τὴν

2211 742 2404 798 ἑαυτοῦ
2433 743 2651 814 κλῆσιν,
2685 745 2758 808 ὡς
2791 743 2980 820 λόγος,
3012 751 3273 818 παρῆκεν.
3307 741 3534 806 ’Ἄλλως
3574 765 3632 799 τε
3665 742 3720 799 δὲ
3765 747 3845 798 καὶ

2213 829 2496 910 ἐγγράφως
2525 837 2594 907 τῇ
2625 835 2840 908 πατρίῳ
2870 832 3090 908 γλώττῃ
3115 828 3388 902 Ἑϐραίοις
3421 833 3520 901 τὴν
3555 831 3836 903 ἐπιστολήν

2215 917 2627 995 διωμιληκότος
2669 929 2766 978 τοῦ
2816 923 3176 992 Ἀποστόλου,
3225 923 3276 976 οἱ
3330 923 3424 995 μὲν
3478 922 3570 976 τὸν
3635 922 3841 998 56.1775-

2217 1007 2410 1079 λιστὴν
2441 1019 2670 1083 Λουκᾶν,
2706 1011 2869 1069 ἄλλοι
2904 1009 2960 1066 δὲ
3004 1009 3293 1085 Κλήμεντα
3340 1012 3541 1080 ταύτην
3586 1009 3843 1087 ἑρμηνεῦ-

2218 1099 2305 1152 σαί
2339 1120 2494 1175 φασιν
2533 1121 2544 1132 ·
2670 1101 2760 1156 καὶ
2809 1102 3083 1156 πείθεσθαι
3116 1099 3362 1173 ἄμεινον.
3396 1099 3630 1173 ’Όμοιός
3679 1121 3737 1155 τε
3761 1101 3846 1176 γὰρ

2217 1186 2299 1264 ἐφ’
2352 1184 2544 1244 ἅπασιν
2597 1192 2625 1245 ὁ
2679 1193 2780 1259 τῆς
2835 1192 3080 1269 φράσεως
3139 1191 3426 1264 χαρακτὴρ
3483 1192 3553 1262 τῇ
3601 1188 3848 1260 ἐπιστολῇ

2222 1276 2542 1350 Κλήμεντος
2603 1279 2630 1332 ὁ
2680 1286 2777 1348 τῆς
2834 1279 2970 1352 πρὸς
3017 1273 3305 1354 Ἑϐραίους
3361 1283 3547 1354 σαφῶς
3608 1275 3849 1347 διασώζε-

2220 1385 2308 1420 ται
2341 1385 2354 1399 ο
2406 1367 2472 1420 τά
2517 1388 2576 1422 τε
2623 1369 2874 1441 νοήματα
2925 1367 2976 1421 ἐν
3025 1367 3378 1444 ἄμροτέραις,
3420 1367 3482 1422 οὗ
3527 1368 3704 1438 πάντη
3757 1364 3848 1421 διε-

2220 1455 2478 1523 στηκότα.
2512 1457 2694 1512 Ταῦτα
2745 1457 2840 1530 μὲν
2873 1457 2917 1511 εί
2966 1456 3056 1510 καὶ
3103 1452 3389 1534 ἀμφίϐολα
3435 1461 3554 1518 τοῖς
3603 1455 3848 1530 πρότερον

2221 1539 2426 1612 ἔδοξαν,
2476 1542 2602 1600 ἀλλ’
2646 1544 2739 1600 οὖν
2790 1546 3018 1608 ἁπάσαις
3069 1545 3120 1608 ἐς
3177 1543 3396 1619 ὕστερον
3453 1550 3572 1606 ταῖς
3632 1544 3721 1600 ὑπ’
3771 1546 3850 1599 οὐ·

2225 1632 2380 1706 ρανὸν
2437 1631 2757 1704 ἐκκλησίαις
2809 1634 2872 1690 τὸ
2929 1632 3322 1711 ἀναντίρρητον
3377 1632 3654 1708 ἐσχηκότα
3703 1633 3852 1709 ἐγνώ-

2219 1741 2389 1794 καμεν
2425 1741 2437 1755 ⁸
2493 1723 2580 1778 καὶ
2631 1725 2707 1788 ὡς
2752 1724 2919 1800 ἀρχαὶ
2968 1724 3058 1780 καὶ
3107 1727 3356 1798 στοιχεῖα
3401 1726 3501 1790 τῇς
3549 1724 3670 1777 καθ’
3720 1725 3850 1796 ἡμᾶς

2223 1807 2522 1880 εὐσεϐείας,
2577 1813 2770 1869 αἰώνια
2846 1813 3180 1888 διαμένουσι.
3243 1811 3559 1868 Παντάπασί
3638 1833 3701 1888 γε
3757 1814 3848 1884 μὴν

2225 1901 2300 1964 ὡς
2343 1902 2473 1956 νόθα
2527 1902 2616 1957 καὶ
2667 1902 3017 1978 παρεγραπτα
3071 1907 3238 1958 ταῦτα
3296 1900 3492 1957 εἰδέναι
3553 1899 3850 1978 ὀφείλομεν,

2226 1991 2286 2044 τὸ
2345 1988 2638 2066 λεγόμενον
2693 1994 2964 2068 Κήρυγμα
3011 1991 3239 2068 Πέτρου,
3285 1993 3375 2046 καὶ
3421 1991 3484 2045 τὸ
3530 1991 3646 2045 κατ’
3705 1991 3850 2045 αὐτὸν

2231 2077 2594 2155 Εὐαγγὲλιον,
2645 2083 2733 2136 καὶ
2786 2081 2814 2135 ’ὀ
2866 2081 3112 2158 Πράξεων
3163 2081 3330 2136 αὐτοῦ
3386 2076 3600 2152 βιϐλίον
3652 2077 3850 2150 ὠνόμα-

2232 2189 2372 2241 σται,
2421 2169 2509 2224 καὶ
2563 2171 2598 2237 ἡ
2651 2168 2892 2242 ᾀδομένη
2943 2172 3106 2225 αύτοῦ
3154 2168 3548 2244 Ἀποκάλυψις.
3593 2166 3852 2242 Παρειλὴ-

2231 2258 2404 2338 φαμὲν
2464 2280 2526 2334 γε
2587 2262 2695 2333 μὴν
2752 2259 2804 2314 ἐν
2862 2259 3222 2340 ἀμφιλέκτως
3283 2259 3413 2314 εἶναι
3471 2259 3564 2313 καὶ
3618 2257 3683 2312 τὸ
3755 2261 3851 2311 τῶν

2233 2348 2480 2426 Πραξεων
2518 2349 2739 2404 Παύλου
2772 2349 3013 2424 βιϐλίον,
3037 2352 3124 2404 καὶ
3155 2351 3218 2404 τὸ
3247 2354 3344 2405 τοῦ
3378 2356 3464 2404 llo
3485 2350 3714 2422 ιμὲνος
3741 2341 3852 2420 ἕχον

2233 2437 2555 2516 ἐπιγραφὴν,
2588 2439 2616 2492 ’ὀ
2666 2443 2840 2515 Ἑρμᾶ
2871 2439 3207 2516 σύγγραμμα
3254 2437 3388 2493 εἶναί
3441 2458 3584 2500 τινες
3627 2435 3851 2490 οἴονταιο

2231 2530 2289 2585 ’ὸν
2323 2533 2412 2586 καὶ
2461 2531 2698 2601 Παῦλος,
2739 2529 2792 2587 ἒν
2838 2536 2906 2606 τῇ
2954 2533 3089 2607 πρὸς
3137 2533 3468 2606 Ῥωμαίους,
3519 2531 3851 2602 προσρήσεως

2231 2618 2392 2689 ἀξιοῖ.
2435 2621 2557 2674 Τισὶ
2605 2617 2662 2674 δὲ
2704 2623 2867 2675 τοῦτο
2915 2621 3004 2675 καὶ
3062 2618 3487 2695 ἀναγκαιότατον
3537 2617 3707 2689 ἔδοξε,
3751 2619 3850 2677 τοῖς

2235 2706 2471 2780 μάλιστα
2515 2707 2889 2785 εἷσαγωγικοῖς
2944 2711 3044 2765 οὐκ
3095 2708 3392 2784 ἐλαχίστην
3451 2707 3692 2786 παρέχον
3742 2725 3848 2759 συν-

2227 2795 2456 2856 τὲλειαν.
2515 2797 2625 2854 Οὐκ
2685 2797 2868 2874 ὀλίγοι
2931 2800 3116 2874 μέντοι
3169 2801 3276 2854 τῶν
3345 2797 3594 2854 παλαιῶν
3645 2813 3845 2870 συγγρα·

2230 2887 2370 2966 τρέων
2415 2889 2594 2962 τούτῳ
2641 2890 2967 2965 ἐχρήσαντο.
3022 2891 3106 2945 Ἐν
3161 2890 3339 2950 νόθοις
3396 2887 3489 2943 καὶ
3537 2891 3572 2958 ἡ
3623 2878 3841 2959 Βαρνάϐα

2230 2979 2500 3054 φερομένη
2533 2976 2822 3049 ἐπιστολὴ,
2855 2981 2942 3034 καὶ
2975 2979 3031 3033 αἱ
3063 2976 3364 3054 λεγόμεναε
3391 2981 3499 3032 τῶν
3545 2971 3833 3031 ἀποστόλων

2230 3063 2454 3142 διδαχαί
2488 3085 2502 3100 ·
2549 3065 2660 3138 ἤδη
2713 3065 2758 3122 δ’
2805 3067 2857 3123 ἐν
2906 3067 3120 3130 τούτοις
3167 3067 3258 3123 καὶ
3303 3068 3364 3122 τὸ
3410 3069 3530 3122 καθ’
3579 3059 3832 3138 Ἐϐραίους

2230 3155 2565 3231 Εὐαγγὲλιον
2615 3156 2950 3230 ἀριθμείσΘω
2981 3177 2992 3188 ·
3043 3156 3090 3230 ᾧ
3140 3157 3378 3230 μάλιστα
3435 3157 3487 3210 οἱ
3545 3152 3596 3225 ἒξ
3643 3147 3838 3222 Ἑῧραί-

2225 3265 2302 3300 ων
2365 3250 2583 3320 Χριστῷ
2640 3248 2954 3322 προσιόντες
3013 3241 3238 3321 ἔχαιρον
3296 3243 3688 3317 ἆσμενίζοντες.
3739 3239 3837 3294 Ἐπ’

472 3333 527 3387 et
550 3345 676 3401 quae
707 3329 984 3387 dicuntur
1007 3329 1415 3402 Apostolorum
1431 3330 1724 3386 doctrinae.
1755 3333 1966 3388 Eodem
1981 3349 2114 3404 quo-

2229 3331 2461 3408 ἂνάγκης
2496 3331 2552 3388 δέ
2586 3355 2678 3406 μοι
2721 3333 2930 3389 τούτων
2979 3334 3160 3407 μνείαν
3203 3333 3532 3403 ποιήσασθαι
3583 3329 3839 3403 ἐξεγένετο,

472 3433 586 3490 que
617 3419 740 3476 loco
790 3418 1124 3475 habendum
1175 3418 1496 3475 secundum
1551 3418 1818 3476 Hebraeos
1861 3419 2119 3492 Evange-

473 3509 658 3566 lium:
692 3524 809 3581 quo
837 3508 896 3565 in
931 3507 1159 3580 primis,
1187 3508 1287 3580 qui
1324 3507 1384 3562 in
1441 3506 1740 3563 Christum
1771 3525 1841 3564 ex
1864 3509 2119 3567 Hebrmis

473 3600 860 3667 crediderunt,
911 3602 1054 3656 sunt
1099 3598 1387 3654 delectati.
1420 3597 1636 3656 Verum
1685 3598 1972 3656 enimvero
2022 3616 2120 3656 ne-

473 3691 716 3750 cessitas
745 3691 1004 3762 quosdam
1038 3689 1208 3745 nobis
1257 3687 1527 3760 imposita
1573 3692 1718 3758 erat,
1753 3694 1818 3745 ut
1869 3691 2122 3746 mentio-

473 3797 607 3838 nem
631 3780 977 3836 inferremus
1001 3778 1286 3834 librorum
1317 3793 1540 3848 eorum,
1571 3780 1668 3848 qui
1715 3779 1803 3834 vel
1861 3795 1930 3835 ex
1987 3795 2119 3850 pro-

475 3871 628 3926 fesso
687 3884 790 3940 per
843 3884 1040 3926 veram
1089 3870 1572 3938 constantemque
1615 3867 1989 3926 traditionem
2049 3869 2120 3924 ab

475 3955 730 4013 Ecclesia
788 3956 1028 4028 accepti,
1071 3955 1157 4011 vel
1215 3958 1626 4012 constroversas
1675 3955 1908 4025 quidem
1967 3957 2122 4014 {uere

476 4045 861 4117 auctoritatis,
909 4044 1063 4103 218
1121 4045 1494 4116 plurimorem
1547 4049 1745 4100 tamen
1794 4049 2121 4118 temporum

477 4151 587 4191 usu
620 4141 673 4190 et
713 4133 1144 4206 prascriptione
1190 4133 1565 4205 comprobati,
1625 4133 1683 4188 in
1744 4138 2124 4192 testamenta-

476 4222 697 4280 riorum
730 4225 902 4294 atque
932 4221 1344 4278 canonicorum
1403 4220 1752 4292 scriptorum
1811 4239 2122 4280 numerum

476 4311 644 4369 relati
676 4315 846 4368 sunt:
873 4315 936 4368 ut
977 4309 1196 4367 scilicet
1243 4311 1526 4380 norimus,
1551 4327 1678 4384 quas
1719 4311 1991 4384 legitimas
2048 4322 2124 4384 et,

478 4400 724 4474 proprie
754 4400 876 4456 sint
910 4399 1178 4456 Ecclesia
1207 4399 1532 4472 scriptura,
1551 4409 1605 4456 el
1631 4417 1758 4472 quis
1781 4403 1920 4458 item
1947 4403 2018 4458 ab
2058 4420 2126 4460 ea

479 4507 606 4564 quis
642 4490 792 4548 falso
817 4489 1156 4548 nominatur
1184 4489 1452 4557 scientia,
1471 4490 1530 4546 in
1552 4491 1962 4563 primariorum
1988 4493 2128 4549 refe-

477 4585 688 4637 runtur
714 4579 1114 4654 apostolorum
1143 4579 1402 4648 nomina,
1428 4579 1579 4636 Petri
1601 4585 1762 4652 puta,
1784 4584 1842 4636 et
1869 4581 2122 4650 Thomas,

478 4674 535 4728 et
562 4671 840 4740 Matthiae,
871 4677 928 4728 et
983 4669 1228 4726 fortasse
1275 4670 1518 4726 aliorum
1558 4669 1736 4727 etiam
1785 4673 2122 4744 quempiam

478 4760 788 4834 Evangelia
863 4763 920 4814 et
981 4762 1119 4814 Acta
1198 4758 1596 4830 apostolorum
1680 4762 2126 4832 complectentes

479 4848 678 4923 quales
707 4850 864 4919 sunt,
895 4864 1023 4920 quas
1043 4849 1287 4904 Andreae
1315 4851 1372 4904 et
1399 4846 1639 4904 Joannis
1672 4851 1986 4920 praeferunt
2017 4867 2126 4906 no-

481 4947 642 5005 mina
667 4964 680 5002 :
704 4962 954 5018 quarum
983 4944 1182 5002 nullus
1210 4946 1664 5018 spostolicorum
1697 4963 2124 5016 successorum,

481 5041 584 5096 aut
612 5035 1138 5094 ecclesiasticorum
1169 5034 1444 5108 deinceps
1483 5035 1832 5108 scriptorum
1875 5037 2130 5093 mentio-

481 5145 616 5187 nem
649 5125 804 5182 facit.
837 5125 1033 5197 Stylus
1064 5140 1295 5196 quoque
1342 5141 1540 5182 earum
1590 5125 1758 5198 longe
1812 5125 1884 5182 ab
1941 5125 2131 5182 elocu~

481 5219 638 5275 tione
677 5220 736 5272 et
759 5231 918 5272 more
946 5213 1264 5287 apotolico
1294 5213 1476 5270 abest.
1502 5214 1572 5270 Et
1601 5213 1931 5272 institutum
1955 5215 2126 5272 etiam

483 5311 656 5379 atque
685 5304 976 5362 sententia
1006 5319 1230 5372 earum,
1263 5303 1675 5376 exspectationi
1698 5305 1748 5360 ei
1773 5321 1947 5376 quam
1999 5307 2134 5362 titu-

481 5395 908 5468 lus'promittit,
933 5393 1177 5450 minime
1216 5394 1548 5465 respondet,
1581 5398 1638 5450 et
1669 5412 1702 5451 a
1730 5399 1884 5451 recta
1942 5395 2132 5466 ipsius

486 5484 751 5543 veritatis
775 5483 1039 5540 doctrina
1060 5482 1402 5555 longissime
1427 5483 1660 5541 excidit.
1682 5485 1846 5541 Unde
1875 5489 2134 5542 astruere

487 5575 642 5638 licet.
675 5573 888 5644 scripta
917 5571 1053 5629 talia
1085 5589 1118 5628 a
1147 5571 1286 5628 viris
1334 5574 1661 5632 daemonum
1706 5574 1992 5631 malorum
2039 5574 2130 5630 in-

486 5662 778 5737 tempiriis
809 5661 1044 5733 agitatis
1075 5676 1200 5718 esse
1243 5664 1510 5720 conficta.
1545 5667 1728 5730 Quam
1769 5665 1842 5720 ob
1899 5679 2131 5720 causam

490 5772 558 5816 ea
587 5759 653 5813 ut
685 5751 934 5810 asoilitia
981 5758 1038 5810 et
1075 5752 1405 5811 adulterina
1447 5755 1784 5823 attingenda
1814 5769 1930 5810 non
1963 5757 2129 5824 sunt,

2226 3422 2321 3482 τάς
2351 3442 2410 3476 τε
2440 3422 2941 3498 ἆνωμολογημὲνας
2974 3429 3082 3478 τῶν
3123 3417 3333 3496 βίϐλων
3366 3421 3504 3476 κατὰ
3533 3421 3633 3488 τήν
3679 3417 3839 3486 ἀληθῆ

2227 3513 2329 3576 τῆς
2389 3509 2712 3582 Ἐκκλησίας
2765 3510 3088 3587 παράδοσιν,
3135 3510 3226 3566 καὶ
3281 3511 3378 3572 τὰς
3435 3507 3610 3572 ἄλλας
3659 3505 3846 3562 ἀντιλεο

2229 3601 2452 3676 χθείσας
2504 3601 2622 3674 μὲν,
2681 3603 2870 3680 χρόνῳ
2923 3599 2979 3657 δὲ
3037 3599 3276 3673 πλείστῳ
3327 3593 3732 3674 βεϐαιωθείσας,
3769 3591 3847 3647 καὶ

2227 3691 2372 3764 ποιρᾶ
2429 3695 2558 3744 πᾶσι
2609 3697 2729 3752 ταῖς
2775 3690 3118 3762 ἐνδιαθήκοις
3177 3687 3566 3762 καταλεγείσας
3599 3705 3614 3719 ο
3671 3686 3742 3746 ὡς
3792 3683 3843 3736 ἂν

2228 3780 2422 3842 ταύτας
2453 3801 2511 3835 τε
2557 3778 2752 3836 εἰδέναι
2785 3780 3030 3857 ἔχοιμεν,
3061 3781 3182 3836 ὅσαι
3224 3781 3437 3853 γνήσιαι
3487 3783 3588 3846 τῆς
3631 3773 3847 3840 Ἐκκλη-

2231 3869 2347 3932 σίας
2390 3871 2612 3946 γραφαὶ,
2655 3874 2746 3927 καὶ
2794 3871 2916 3926 ὅσαι
2953 3870 3091 3944 πρὸς
3137 3873 3245 3924 τῶν
3291 3867 3398 3923 ἀπὸ
3437 3873 3540 3936 τῆς
3588 3860 3846 3938 ψευδωνύ-

2235 3979 2338 4032 μου
2369 3959 2621 4033 γοώσεως
2670 3959 2750 4037 ἐφ’
2799 3959 2876 4014 ἑνί
2921 3980 3030 4014 τινι
3075 3963 3180 4014 τῶν
3227 3957 3463 4030 πρώτων
3507 3953 3844 4010 ἆνατέθεινται

2233 4047 2552 4103 ἀποστόλων
2586 4066 2600 4080 '
2638 4049 2840 4124 Πέτρου
2887 4047 3012 4126 φέρε
3060 4047 3246 4116 εἰπεῖν,
3282 4049 3454 4119 Θῶμᾶ
3502 4065 3557 4099 τε
3602 4041 3690 4098 καὶ
3721 4045 3845 4094 M1:-

2233 4135 2404 4206 θαίου,
2458 4137 2588 4199 ἴσως
2637 4135 2694 4192 δὲ
2737 4136 2826 4192 καί
2873 4158 3036 4192 τινων
3082 4135 3271 4192 ἄλλων
3326 4131 3631 4211 Εὐαγγέλια
3687 4147 3848 4202 περιε-

2233 4229 2436 4304 χούσας
2482 4228 2571 4282 καὶ
2624 4229 2848 4302 Πράξεις
2906 4226 3226 4284 ἀποστόλων
3286 4225 3506 4300 ἑτέρων,
3567 4221 3744 4296 ὥσπερ
3796 4219 3846 4278 ἃς

2234 4317 2492 4390 Ἀνθρὲου
2520 4317 2609 4372 καὶ
2659 4318 2908 4374 Ἰωάννου
2940 4311 3354 4390 προϐάλλονται
3390 4334 3402 4346 ·
3451 4315 3524 4369 ὧν
3566 4307 3710 4372 οὔτις
3754 4311 3843 4362 τῶν

2232 4405 2613 4462 ἂποστολικῶν
2672 4403 2941 4482 διαδόχων
2992 4404 3081 4461 καὶ
3137 4410 3244 4460 τῶν
3303 4405 3530 4476 καθεξῆς
3587 4400 3848 4470 ἐκκλησια·

2235 4499 2430 4550 στικῶν
2510 4497 2853 4572 συγγραφέων
2918 4495 3100 4568 μνείαν
3175 4493 3492 4563 πεποίηται.
3550 4492 3610 4548 Ὀ
3685 4487 3729 4544 δ’
3795 4483 3848 4540 αὖ

2237 4588 2519 4662 χαρακτήρ
2568 4587 2757 4662 πόρρω
2805 4609 2881 4656 πη
2915 4585 3130 4643 ἐλαύνει
3171 4591 3272 4656 τῆς
3323 4582 3694 4650 ἀποστολικῆς
3731 4575 3845 4654 φρά-

2159 4695 2372 4761 Daem;
2427 4676 2518 4732 καὶ
2575 4678 2670 4730 τοῦ
2725 4677 2912 4745 ἤθους.
2975 4672 3194 4747 ’Δπᾴδει
3258 4673 3444 4746 μέντοι
3499 4672 3589 4726 καὶ
3645 4672 3680 4738 ἢ
3757 4670 3844 4721 τῶν

2237 4763 2661 4840 ἐπηγγελμένων
2722 4763 2772 4818 ἐν
2830 4763 3045 4827 τούτοις
3104 4761 3414 4840 προαίρεσίς
3473 4781 3532 4816 τε
3592 4759 3682 4814 καὶ
3738 4752 3846 4830 τνώ-

2243 4877 2318 4926 μη
2355 4873 2366 4885 '
2401 4855 2616 4910 καὶτοῦ
2664 4855 2830 4929 ὀρθοῦ
2862 4862 2958 4926 τῆς
3007 4855 3247 4926 ἀληθοῦς
3293 4849 3460 4924 δόξης
3515 4850 3720 4924 μακράν
3763 4865 3846 4900 που

2239 4943 2508 5014 ἐκπίπτει,
2591 4944 2867 5000 κάντεῦθεν
2948 4943 3269 5019 παρίσταται
3344 4943 3420 5003 ὡς
3504 4943 3571 4996 τὰ
3650 4938 3847 4993 τοιαῦτα

2239 5031 2664 5107 κακοδαιμονίας
2726 5039 2933 5107 μεστῶν
2998 5032 3203 5108 ἀνδρῶν
3268 5031 3399 5086 εἰσιν
3454 5029 3847 5099 ἆναπλάσματα.

2238 5122 2422 5178 Τοίνυν
2475 5121 2615 5196 μηδὲ
2662 5125 2736 5186 ὡς
2784 5122 2963 5185 νόθοις
3011 5121 3229 5184 τούτοις
3275 5118 3579 5196 προσιτέον,
3629 5114 3748 5173 ἀλλ’
3789 5113 3850 5170 ὡς

2240 5211 2413 5268 ἄτοπα
2466 5213 2640 5282 πάντη
2691 5211 3080 5288 παραιτητέον,
3113 5211 3200 5266 καὶ
3243 5215 3386 5286 φυγῇ
3433 5211 3504 5282 τῇ
3554 5207 3696 5280 πάσῃ
3745 5223 3849 5280 φευ·

2239 5305 2391 5358 κτὲον
2423 5300 2630 5358 τούτων
2664 5301 2738 5364 ὡς
2772 5299 3009 5374 μάλιστα
3043 5319 3056 5334 °
3092 5300 3318 5360 ἐκείνοις
3353 5295 3410 5352 δὲ
3445 5295 3634 5370 μόνοις
3679 5310 3850 5366 προσεο

2239 5393 2391 5448 κτὲον
2440 5392 2514 5452 ὡς
2570 5393 2971 5461 Θεοπνεύστοις,
3027 5389 3116 5444 καὶ
3173 5390 3484 5444 πιστευτέον
3544 5383 3732 5446 ἁπλῶς
3794 5379 3853 5436 ὡς

2242 5477 2462 5556 ἔχουσιν
2497 5481 2642 5536 οὕτω
2687 5482 2883 5552 λέξεώς
2923 5501 2980 5536 τε
3022 5481 3113 5536 καὶ
3163 5480 3428 5556 φράσεως.
3461 5479 3524 5531 Οἱ
3574 5476 3674 5550 γὰρ
3721 5474 3856 5526 θεοει-

2245 5570 2352 5634 δεῖς
2384 5571 2682 5627 ἀπόστολοι
2717 5573 2824 5646 βίῳ
2856 5568 3252 5642 διαλάμποντες
3286 5568 3566 5643 ὑπερφυεῖ,
3599 5564 3684 5618 καὶ
3723 5556 3856 5615 κατά-

2243 5682 2440 5732 κοσμοι
2488 5661 2584 5724 τὰς
2644 5661 2826 5735 ψυχὰς
2884 5660 3218 5734 ὑπάρχοντες
3280 5657 3458 5730 ἁπάσῃ
3520 5651 3637 5724 δῆτ’
3693 5649 3855 5723 ἀρετῇ.

2247 5748 2461 5806 ἰδιῶται
2495 5747 2542 5804 δ’
2591 5746 2782 5812 ἄλλως
2815 5749 2962 5812 ὄντες
2994 5749 3090 5820 τήν
3142 5745 3411 5826 γλῶτταν,
3442 5744 3535 5800 καὶ
3585 5739 3772 5818 θοὶῥρος
3809 5752 3859 5810 γε

3886 5912 3912 5949 I.
