4032 6282
248 438 380 501 889

1257 441 1882 509 EGCLESIASTICIE
1921 447 2314 510 HISTORle
2353 445 2506 506 LIB.
2553 443 2660 506 IlI.
2700 464 2702 468 τ

3540 441 3661 503 890

250 573 372 644 μὴν
400 571 462 627 οὗ
511 570 730 648 μέτριον
762 577 830 646 τῇ
862 570 1058 628 ἄνωθεν
1111 572 1294 636 αὐτοῖς
1345 571 1700 652 δεδωρημένῃ
1744 576 1901 634 δυνά-

2019 585 2117 640 sed
2149 581 2389 639 omnino
2451 579 2647 652 potius
2694 575 3057 637 detestanda.
3072 576 3130 630 et
3161 572 3351 629 modis
3380 571 3661 630 omnibus

251 681 353 733 μει
413 661 732 734 αὐχοῦντες,
802 663 984 716 πειθοῖ
1040 661 1220 736 λόγων
1285 663 1352 717 τὰ
1411 668 1506 718 τοῦ
1572 662 1903 722 διδασκάλου

246 745 576 824 πρεσϐεύειν
644 751 962 824 μαθήματα,
1032 750 1157 805 οὗτε
1221 750 1438 824 ᾔδεσαν,
1511 751 1623 808 οὔτ’
1689 753 1904 834 ἐπεχει-

253 858 414 912 ρουν.
457 842 535 911 Τῇ
581 837 1001 914 παραδοξοποιῷ
1051 837 1107 894 δὲ
1150 842 1369 914 ξυνέμει
1421 846 1517 896 τοῦ
1568 845 1904 917 Πνεύματος,

245 927 351 982 καὶ
417 932 536 992 ταῖς
598 932 705 982 τῶν
783 929 1073 1000 Θαυμςὶτων
1141 929 1403 1004 ἐνεργείας
1471 929 1550 993 εἷς
1632 931 1902 1005 ἀπόδειξιν

250 1016 568 1094 χρώμενοι,
597 1018 696 1086 τήν
743 1017 1254 1092 ὑπερανῳκισμένην
1292 1023 1485 1093 γνῶσιν
1538 1023 1904 1096 κατήγγελον,

251 1111 360 1160 τοῦ
409 1108 746 1182 τεχνηέντως
794 1104 1165 1181 διομιλεῖσθαι
1213 1111 1301 1164 καὶ
1335 1111 1561 1185 γράφειν
1609 1112 1662 1165 ἐν
1713 1111 1905 1188 ἐλαχί-

254 1214 364 1266 στῃ
429 1195 598 1268 μοίρᾳ
654 1197 1000 1268 ποιούμενοι.
1061 1201 1232 1252 Τοῦτο
1285 1194 1342 1250 δὲ
1389 1198 1525 1266 ἦσαν
1577 1195 1908 1273 διαπραττό-

258 1303 448 1353 μενοι,
509 1281 710 1345 εἰδότες
765 1285 840 1347 ὡς
892 1285 1096 1358 μείζονί
1140 1307 1243 1340 τινι
1292 1286 1382 1340 καὶ
1443 1287 1574 1361 ὑπὲρ
1620 1286 1905 1361 ἄνθρωπον

256 1369 516 1442 διακονίᾳ
575 1373 1026 1448 ὑπῃρετούμενοι.
1106 1376 1230 1447 Περῖ
1296 1375 1480 1448 μέντοι
1560 1375 1908 1449 Κλήμεντος.

253 1459 532 1536 Ἰγνειτίου
587 1465 685 1516 τοῦ
743 1462 1026 1539 θεοφόρου,
1080 1463 1442 1538 Πολυκάρπου
1489 1486 1548 1519 τε
1611 1467 1700 1520 καὶ
1777 1469 1910 1522 Ἰου-

255 1548 472 1618 στίνου,
504 1552 592 1606 καὶ
636 1555 745 1606 τῶν
802 1551 1010 1606 λοιπῶν
1062 1552 1441 1608 ἀποστολικῶν
1489 1551 1789 1628 διαδόχων,
1819 1555 1908 1610 καὶ

249 1638 388 1714 περὶ
449 1641 524 1692 ὧν
593 1643 1026 1714 συνεγράψαντο,
1100 1639 1152 1695 ἐν
1214 1646 1286 1715 τῇ
1356 1641 1545 1718 ἐφεξῆς
1613 1643 1910 1718 ῥηθήσεται

251 1727 496 1800 ἱστορίᾳ,
567 1729 666 1784 Καὶ
731 1731 799 1784 τὰ
867 1731 961 1802 μὲν
1022 1733 1132 1784 τῶν
1194 1729 1580 1786 ἀποστολικῶν
1641 1733 1907 1808 πράξεων,

248 1817 348 1870 καὶ
382 1819 456 1878 ὡς
491 1812 744 1886 διέϐησαν
784 1816 1008 1880 ἕκαστος
1039 1823 1148 1874 τῶν
1197 1817 1408 1874 δώδεκα
1449 1821 1586 1896 πρὸς
1635 1822 1788 1890 Θεὸν,
1819 1822 1908 1876 καὶ

245 1903 376 1960 τίνα
423 1907 602 1962 αὐτῶν
664 1908 1062 1984 συγγράμματα
1107 1908 1306 1983 γνήσιά
1356 1930 1414 1963 τε
1460 1912 1548 1964 καὶ
1594 1907 1904 1982 ἐνδιάθηκα,

250 1993 310 2049 ὲν
353 1994 592 2056 τούτοις.
636 1997 781 2071 Ἐγὼ
820 1995 878 2052 δὲ
913 1997 1078 2072 πὲρας
1114 1995 1223 2067 ’ἤδη
1275 1999 1364 2053 καὶ
1411 2003 1479 2072 τῇ
1531 1996 1750 2074 δευτέρᾳ
1801 2021 1901 2073 μοι

247 2089 368 2140 τῶν
423 2085 677 2159 ἱστοριῶν
729 2084 1000 2158 ἐπιθήσω,
1050 2088 1126 2151 εἰς
1175 2091 1350 2160 μῆκος
1402 2085 1468 2157 δὴ
1522 2086 1800 2163 ἒκταθείσῃ
1849 2089 1898 2159 ἐξ

250 2173 560 2248 ἀναγκαίου
599 2193 614 2208 ⁶
670 2174 941 2250 ἀρξαμένῃ
993 2177 1085 2248 μὲν
1138 2177 1242 2231 ἀπὸ
1288 2181 1385 2232 τοῦ
1434 2176 1900 2233 ἐννεακαιδεκάτου

251 2261 414 2324 ἔτους
473 2259 722 2336 Τιϐερίου
780 2263 1066 2339 Καίσαρος,
1119 2265 1331 2340 ληξάσῃ
1382 2265 1438 2321 δὲ
1491 2266 1626 2343 ἄχρι
1672 2268 1764 2322 καὶ
1809 2271 1906 2322 τοῦ

248 2349 838 2426 τεσσαρεσκαιδεκάτου
897 2351 1050 2416 ἔτους
1106 2356 1376 2428 Νέρωνος,
1436 2357 1556 2410 καθ’
1611 2357 1640 2412 ὃ
1702 2355 1905 2430 Πέτρος

247 2441 348 2495 καὶ
397 2439 622 2504 Παῦλος
681 2443 733 2496 oi.
791 2449 1079 2520 κορυφαῖοι
1137 2448 1244 2498 τῶν
1294 2443 1620 2500 ἀποστόλων
1668 2449 1759 2500 τὸν
1808 2449 1904 2500 τοῦ

255 2531 568 2604 μαρτυρίου
631 2529 958 2602 ἀνεδήσαντο
1027 2532 1307 2611 στέφανον.
1379 2534 1628 2609 Περιέχει
1695 2532 1752 2590 δὲ
1815 2536 1902 2589 καὶ

251 2622 295 2690 ἡ
325 2621 577 2694 παροῦσά
627 2641 726 2692 μοι
777 2620 998 2695 δευτέρα
1043 2627 1150 2676 τῶν
1213 2624 1469 2698 ἱστοριῶν
1518 2623 1720 2701 χρόνον
1775 2623 1905 2678 ἐτῶν

250 2703 499 2780 ἕϐδομον
546 2709 634 2763 καὶ
684 2709 1000 2784 τριακοστόν
1029 2729 1041 2743 ·
1094 2710 1331 2782 ὁπηνίκα
1377 2713 1588 2785 κόσμου
1645 2712 1738 2785 μὶν
1786 2711 1902 2776 ἔτος

253 2797 440 2874 ἐφοε’,
471 2797 576 2852 ἀπὸ
609 2795 666 2852 δὲ
705 2806 804 2868 τῆς
837 2800 981 2862 Θείας
1029 2805 1126 2854 τοῦ
1169 2801 1367 2875 Κυρίου
1407 2803 1707 2874 γεννήσεως
1747 2798 1904 2856 ἐϐδο-

265 2907 346 2958 μῃ
357 2887 548 2942 κοστὸν
575 2887 787 2942 τέλειον
816 2887 1146 2962 ἐπεραίνετο.

2015 685 2192 740 quam
2252 667 2504 724 maxime
2553 665 2829 736 fugienda
2859 679 2873 718 :
2910 665 3086 732 atque
3125 658 3258 714 aliis
3287 657 3404 714 illis
3427 661 3660 714 tantum

2015 762 2080 813 ut
2109 757 2390 814 divinitus
2422 755 2723 826 inspiratis
2776 750 3256 816 incumbendum,
3290 751 3465 819 atque
3512 747 3664 802 sim-

2016 847 2240 919 pliciter
2268 847 2350 902 ita
2376 849 2440 900 ut
2469 845 2642 900 etiam
2675 841 2894 914 scripta
2951 845 3088 896 sunt
3158 838 3536 894 credendum.
3571 837 3666 891 Di-

2015 936 2132 993 vini
2165 934 2458 1006 siquidem
2499 931 2766 1005 apostoli,
2817 929 3129 986 sanctitate
3176 927 3304 982 vitae
3353 942 3526 996 supra
3555 943 3660 983 na-

2015 1029 2160 1080 tura:
2193 1027 2424 1096 captum
2457 1020 2778 1094 conspicui,
2810 1019 2878 1091 ﬁet
2907 1017 3067 1074 omni
3099 1031 3308 1088 genere
3336 1015 3572 1071 virtutis
3601 1016 3660 1071 in

2017 1113 2194 1168 animi
2249 1112 2376 1168 suis
2425 1111 2707 1179 exornati,
2761 1108 3025 1180 quamvis
3089 1105 3310 1176 alioqui
3375 1119 3471 1160 ore
3531 1104 3662 1160 rudi

2017 1219 2406 1274 sermoneque
2439 1197 3042 1272 incompto,ﬁduciam
3065 1200 3260 1250 tamen
3288 1209 3358 1250 ex
3386 1209 3668 1250 concessa

2015 1295 2102 1350 eis
2150 1292 2381 1350 cmlitus
2423 1291 2479 1347 vi
2543 1294 2603 1346 et
2656 1290 2840 1362 gratia
2900 1286 3214 1358 spirantes,
3256 1283 3514 1356 Magistri
3573 1283 3666 1340 sui

2017 1383 2343 1439 doctrinam
2393 1379 2649 1437 oratione
2690 1379 2760 1434 ad
2827 1376 3298 1449 persuadendum
3346 1374 3668 1446 composita

2019 1471 2392 1544 promulgare
2417 1485 2604 1540 neque
2627 1467 3138 1536 sciverunt,neque
3167 1465 3307 1520 adeo
3337 1467 3668 1520 tentarunt-

2018 1561 2127 1616 Sed
2179 1559 2432 1632 Spiritus
2465 1557 2652 1614 sancti
2703 1572 2795 1612 res
2844 1555 3009 1626 longe
3055 1553 3340 1610 maximas
3381 1552 3668 1609 efﬁciente

2018 1649 2252 1716 virtute,
2277 1651 2334 1704 et
2363 1645 2783 1704 miraculorum
2805 1643 3081 1716 operibus
3099 1643 3665 1698 demonstrationum

2018 1745 2072 1794 et
2120 1737 2526 1808 probationum
2559 1736 2684 1792 loco
2725 1737 2977 1799 utentes,
3024 1735 3082 1788 et
3111 1731 3424 1788 artiﬁciose
3453 1731 3542 1786 vel
3571 1731 3667 1787 lo-

2018 1825 2270 1882 cutionis
2300 1825 2384 1880 vel
2416 1822 2751 1895 scriptionis
2787 1821 3067 1878 rationem
3099 1819 3322 1875 nullam
3367 1819 3664 1888 habentes,

2018 1916 2302 1970 caelestem
2360 1912 2730 1984 disciplinam
2790 1910 3236 1967 annuntiarnnt.
3288 1909 3460 1979 quue
3491 1909 3568 1964 ita
3614 1909 3666 1964 fe

2013 2007 2236 2072 cerunt,
2272 2003 2425 2074 quod
2474 2018 2537 2057 se
2586 2001 2796 2072 majori
2847 1999 3098 2068 cuidam,
3148 2013 3322 2069 quam
3370 1998 3523 2070 quod
3555 1997 3664 2052 ho-

2012 2092 2240 2148 minum
2297 2099 2700 2164 assequerelur
2727 2093 2933 2160 captus
2989 2087 3315 2144 ministerio
3385 2087 3666 2144 inservire

2017 2181 2250 2237 scirent.
2299 2181 2584 2236 Ceterum
2633 2181 2704 2235 de
2729 2179 3022 2234 Clemente
3066 2181 3124 2232 et
3169 2177 3389 2232 deifero
3421 2175 3664 2248 lgnatio,

2017 2269 2326 2340 Polycarpo
2383 2274 2440 2325 et
2494 2269 2749 2335 Justino,
2784 2266 3029 2336 aliisque
3085 2264 3478 2336 apostolorum
3531 2280 3663 2320 suc-

2015 2358 2371 2426 cessoribus,
2403 2361 2460 2414 et
2505 2374 2633 2429 quas
2664 2355 2872 2428 scripta
2909 2354 2948 2410 ii
2983 2353 3246 2410 Ecclesiae
3296 2353 3660 2424 reliquerint.

2016 2447 2074 2503 in
2143 2447 2412 2519 sequenti
2479 2444 3065 2503 commemorabimus
3131 2441 3395 2497 historia.
3465 2444 3656 2512 Atque

2015 2537 2286 2609 equidem
2317 2539 2445 2592 acta
2475 2533 2871 2606 apostolorum
2922 2537 2980 2588 et
3026 2531 3244 2596 obitus,
3276 2546 3392 2602 quo
3422 2546 3490 2586 ex
3519 2532 3662 2586 duo-

2013 2626 2202 2682 decim
2235 2624 2350 2682 illis
2381 2617 2628 2696 quisque
2658 2623 2730 2679 ad
2771 2627 2952 2678 Deum
2971 2619 3284 2688 transierit,
3327 2619 3662 2690 scriptaque

2011 2731 2213 2773 eorum
2245 2731 2518 2787 germana
2565 2721 2616 2770 et
2647 2714 2948 2778 canonica,
2999 2712 3083 2766 sic
3140 2727 3226 2779 se,
3288 2712 3353 2765 ut
3381 2709 3658 2778 diximus,

2013 2805 2250 2860 habent.
2307 2803 2466 2862 2I9
2517 2803 2716 2859 Finem
2781 2817 2916 2858 vero
2966 2802 3089 2870 jam
3132 2799 3385 2855 secundo
3429 2814 3658 2869 quoque

2014 2898 2172 2950 tomo
2196 2893 2358 2962 huic,
2387 2892 2484 2964 qui
2516 2891 2844 2948 necessario
2874 2891 2932 2945 in
2951 2892 3173 2944 tantam
3203 2887 3480 2944 adecimo
3508 2902 3656 2942 nono

255 2977 472 3032 Tiberii
507 2995 692 3050 usque
747 2979 822 3036 ad
852 2983 1125 3051 quartum
1182 2979 1473 3037 decimum
1523 2983 1761 3038 Neronis
1821 2999 2064 3050 annum,
2123 2997 2236 3053 quo
2283 2981 2680 3054 apostolorum
2723 2979 3012 3051 principes
3068 2978 3274 3034 Petrus
3328 2978 3386 3031 et
3443 2974 3656 3030 Paulus

248 3067 518 3136 martyrii
572 3073 915 3138 receperunt
990 3085 1258 3126 coronam
1315 3071 1516 3138 evasit,
1567 3071 2046 3143 magnitudinem,
2115 3071 2373 3142 impono.
2459 3069 2733 3126 Continet
2812 3071 3008 3124 autem
3067 3065 3214 3121 mihi
3270 3071 3328 3120 et
3399 3063 3658 3120 secunda

248 3157 380 3212 haec
411 3158 654 3214 historia
684 3175 866 3214 annos
901 3159 1135 3230 triginta
1163 3164 1436 3230 septem:
1491 3177 1621 3217 cum
1671 3163 1904 3233 quidem
1959 3178 1992 3214 a
2050 3161 2264 3216 mundo
2315 3160 2548 3216 condito
2605 3158 2920 3231 quinquies
2969 3155 3320 3212 millesimus
3360 3152 3656 3230 quingen-

241 3247 497 3304 tesimus
527 3249 990 3320 septuagesimus
1010 3250 1251 3320 quintus
1283 3253 1384 3322 (1),
1414 3270 1447 3306 a
1471 3251 1680 3308 Christi
1711 3255 1905 3306 autem
1939 3250 2236 3306 nativitate
2267 3266 2372 3304 ιιι
2401 3249 2640 3306 omnino
2667 3248 3108 3320 peractus‘esset
3137 3261 3327 3300 annus
3349 3243 3451 3315 (2).

315 3377 401 3446 (l)
431 3376 763 3430 Secundum
799 3377 1146 3432 recentiores
1169 3377 1486 3433 Chronicos
1520 3379 1679 3432 4048.

315 3447 398 3501 (2)
431 3449 635 3501 Annus
668 3465 701 3501 θ.
732 3448 1029 3501 nativitate
1067 3449 1279 3501 Christi
1311 3449 1624 3501 Salvatoris
1663 3450 1734 3501 70
1759 3449 1868 3501 inci

315 3447 398 3518 (2)
431 3449 635 3501 Annus
668 3465 701 3501 θ.
732 3448 1029 3503 nativitate
1067 3449 1279 3505 Christi
1311 3449 1624 3504 Salvatoris
1663 3450 1734 3502 70
1759 3449 1892 3504 inci-

234 3518 326 3573 dit
363 3519 421 3572 in
457 3525 688 3588 tempus
719 3519 949 3590 imperii
980 3519 1272 3576 Caesarum
1305 3521 1429 3576 Scr.
1461 3520 1666 3591 Sulpil.
1699 3520 1892 3576 Galbae

251 3637 354 3650 ηυγ..

2006 3377 2299 3433 mensium
2327 3379 2382 3430 7.
2446 3375 2520 3432 Μ.
2554 3374 2724 3446 Sylvii
2761 3373 3001 3446 Othonis
3033 3387 3220 3427 mens.
3254 3371 3306 3424 3.
3341 3370 3486 3425 dier.
3516 3369 3572 3426 5.
3595 3373 3650 3423 et

2003 3449 2071 3502 A.
2105 3447 2511 3505 Vitelliimens.
2539 3445 2770 3514 8,7dier.
2817 3445 2901 3499 10.

522 3756 1924 3928 ΝΙΚΗΦΟΡΟΥ
2039 3752 3391 3929 ΚΑΛΛΙΣΤΟΥ

1707 3995 2210 4048 ΞΑΝΘΟΠΟΥΛΟΥ

710 4134 2274 4266 ΕΚΚΑΗΣΙΑΣΤΙΚΗΣ
2375 4133 3198 4268 ΙΣΤΟΡΙΑΣ

1621 4340 2046 4436 ΤΟΜΟΣ
2130 4342 2265 4442 Γ’.

915 4590 2014 4758 NICEPHORI
2097 4593 2996 4759 CALLISTI

1702 4819 2208 4884 XANTHOPULI

703 4955 2131 5078 ECCLESIASTICAE

2284 4953 3202 5080 HISTORUE

1639 5155 2037 5247 TOMUS
2115 5162 2258 5247 III.

884 5401 1145 5456 ΚΕΦΑΛ.
1189 5399 1267 5456 Δ’.

234 5491 432 5552 Τίνες
461 5493 718 5561 πρῶτοι
752 5484 1068 5562 διάδοχοι
1098 5491 1228 5542 τῶν
1260 5487 1459 5562 ἱερῶν
1491 5486 1892 5542 ἀποστόλων

890 5551 1156 5635 ὲγῖνοντ
1175 5581 1206 5612 ο
1229 5603 1244 5617 .

316 5665 516 5727 Καλῶς
549 5663 606 5720 δὲ
635 5662 758 5742 ἄρα,
807 5669 988 5740 οἶμαι,
1019 5665 1110 5720 καὶ
1157 5665 1232 5725 ὡς
1282 5663 1458 5738 χρεών
1489 5685 1551 5739 γε
1579 5664 1670 5734 ἦν,
1706 5665 1734 5718 ὁ
1767 5662 1895 5718 δεύ-

239 5776 407 5832 τερος
445 5759 555 5810 τῶν
604 5753 789 5830 τόμων
836 5756 975 5828 ἡμῖν
1026 5751 1190 5830 πέρας
1243 5751 1416 5808 αἴσιον
1448 5751 1578 5828 ἔσχε
1606 5757 1726 5816 ταῖς
1757 5751 1894 5809 ἀπο-

2561 5400 2730 5459 222
2779 5400 3012 5458 CAPUT
3061 5399 3103 5456 Ι.

2079 5491 2185 5558 Qui
2228 5493 2404 5564 primi
2442 5497 2756 5551 sanctorum
2784 5490 3158 5560 apostolorum
3202 5487 3411 5553 fuerint
3438 5500 3648 5542 succes-

2735 5577 2882 5620 807'88
2890 5601 2902 5614 .

2076 5669 2246 5727 Recte
2276 5671 2568 5744 equidem,
2603 5674 2667 5726 ut
2723 5677 2880 5742 puto,
2913 5667 3080 5725 nobis
3125 5667 3422 5724 secundus
3451 5668 3648 5721 tomus

2002 5763 2092 5816 est
2116 5759 2440 5832 absolutus,
2495 5758 2594 5832 qui
2618 5757 2937 5831 apostolica
2965 5763 3090 5816 acta
3119 5761 3174 5814 et
3199 5755 3444 5828 scripta,
3467 5753 3552 5810 ita
3583 5756 3647 5810 ut
