4032 6282
328 396 444 462 891
1617 397 1668 457 Ν
1674 395 1986 459 IGEPHOE

2098 397 2443 461 SALLISTI
3622 403 3729 466 892

325 537 538 602 decuit,
570 533 1223 606 complexusfsecundo
1262 532 1387 590 loco
1433 531 1650 602 primas
1684 549 1798 604 prae
1832 531 1970 588 reli—

2098 532 2364 595 ττολικαῖς
2420 533 2642 609 πράξεσι
2693 535 2785 590 καὶ
2837 540 3070 614 γραφαῖς
3121 536 3498 612 ἀποχρώντως
3551 536 3723 593 ἐνδια-

330 627 462 698 quis
491 625 646 680 tulit.
679 625 742 678 In
787 623 954 679 tertio
986 627 1206 691 autem,
1240 622 1340 694 qui
1385 638 1536 679 nunc
1567 621 1821 679 nobisin
1857 637 1983 676 ma-

333 716 506 772 nibus
551 718 660 780 est,
693 714 933 785 primam
990 711 1223 769 illorum
1277 712 1706 770 successionem
1737 727 1982 782 expone-

334 820 505 860 mus:
538 802 831 874 quomodo
863 802 1083 858 scilicet
1113 801 1291 858 divini
1317 801 1489 857 Verbi
1521 800 1854 874 pradicatio
1885 815 1986 870 per

340 895 680 950 universum
724 891 920 948 orbem
954 891 1322 960 increbuerit,
1358 897 1414 948 et
1444 892 1546 965 qui
1579 891 1682 946 viri
1716 889 1984 946 maximis

335 985 659 1057 quibusque
689 981 949 1039 ecclesiis
999 982 1357 1053 praefuerint.
1391 981 1723 1038 Continebit
1752 981 1799 1036 is
1837 998 1982 1052 quo-

335 1089 444 1145 que
495 1089 648 1142 eam,
681 1089 807 1144 quae
859 1075 1041 1128 totam
1087 1071 1306 1144 ubique
1353 1070 1684 1127 Judaaorum
1727 1078 1980 1144 gentem,

340 1163 826 1235 metropolimque
855 1177 1055 1218 eorum
1087 1160 1479 1234 Hierosolyma
1509 1161 1769 1231 sustulit,
1801 1161 1982 1217 inter-

339 1253 638 1310 necionem
673 1268 687 1306 :
721 1267 825 1307 nec
863 1266 980 1307 non
1009 1249 1425 1308 ecclesiasticos
1473 1251 1780 1321 scriptores
1810 1253 1984 1321 atque

339 1344 625 1410 doctores,
664 1340 767 1413 qui
807 1343 939 1412 post
987 1339 1345 1396 occidionem
1390 1355 1518 1396 eam
1551 1339 1890 1408 ﬂoruerunt,
1927 1342 1982 1394 et

342 1431 441 1504 qui
473 1447 541 1488 ex
570 1429 686 1486 illis
739 1428 1056 1485 certamine
1089 1428 1315 1484 fortiter
1348 1431 1405 1484 et
1430 1428 1726 1500 fgenerose
1757 1430 1982 1497 peracto

335 1520 596 1593 martyrii
630 1519 883 1574 tulerunt
924 1533 1220 1587 coronam,
1255 1516 1423 1589 quive
1469 1533 1676 1572 rursus
1706 1516 1851 1572 falso
1882 1531 1983 1571 no-

338 1609 572 1666 minatas
603 1607 858 1664 scientiis
891 1607 1202 1677 praeierunt
1232 1607 1431 1662 duces.
1468 1606 1667 1677 Itaque
1697 1603 1817 1663 divi
1845 1621 1986 1674 apo-

339 1698 496 1767 stoli,
528 1698 701 1754 sicuti
731 1697 1009 1765 diximus,
1059 1713 1160 1768 per
1204 1712 1436 1753 omnem
1467 1696 1716 1768 dispersi
1746 1699 1978 1764 terram,

338 1787 669 1860 provincias
690 1787 848 1843 orbis
879 1787 949 1842 ad
974 1785 1344 1857 Evangelium
1367 1785 1795 1855 praedicandum
1826 1788 1981 1840 sorte

2094 620 2324 696 πρέψας,
2370 621 2458 678 καὶ
2503 620 2563 678 ἐκ
2616 621 2916 698 δευτερείου
2963 625 3026 680 τὸ
3073 630 3179 679 τῶν
3232 623 3419 681 ἄλλων
3470 633 3726 700 πρωτεῖον

2095 713 2460 786 κτησάμενος.
2490 717 2581 784 Τῷ
2621 711 2665 767 δ’
2715 713 2816 768 ἀνά
2863 718 3054 788 χεῖρας
3103 716 3274 788 τρίτῳ
3305 736 3368 790 γε
3397 715 3515 771 ὄντι
3543 719 3609 771 τὰ
3638 724 3726 787 τῆς

2094 803 2320 875 πρώτης
2352 799 2564 856 ἐκείνων
2609 799 2878 878 διαδοχῆς
2929 799 3074 859 ἔσται
3125 802 3437 877 διεξελθεῖν,
3490 804 3639 870 ὅπως
3678 828 3730 861 τε

2097 888 2173 951 εἷς
2206 895 2375 944 πᾶσαν
2412 892 2510 960 τήν
2552 894 2650 966 γῆν
2701 892 2768 946 τὰ
2813 895 2910 946 τοῦ
2960 891 3107 947 θείου
3155 895 3512 969 κηρύγματος
3566 892 3731 950 ἐπιδέ-

2097 976 2236 1034 δωκε
2261 999 2273 1012 ·
2308 979 2414 1034 τίσι
2444 1002 2501 1035 τε
2529 981 2735 1036 τούτων
2787 985 2894 1036 τῶν
2949 981 3198 1056 μεγάλων
3245 989 3550 1057 παροικιῶν
3599 1005 3727 1060 προ-

2096 1075 2286 1138 στῆναι
2354 1067 2542 1144 ἐκρίθη
2577 1089 2590 1102 ο
2651 1067 2731 1124 ἔτι
2797 1068 2854 1125 δὲ
2917 1071 3007 1126 καὶ
3062 1073 3160 1141 τήν
3215 1077 3593 1152 κατασχοῦσαν
3659 1078 3731 1146 τῷ

2093 1158 2254 1213 παντὶ
2310 1162 2417 1212 τῶν
2471 1156 2750 1214 Ἰουδαίων
2804 1154 2940 1216 ἔθνει
2998 1161 3395 1235 πανωλεθρίαν,
3454 1163 3545 1218 καὶ
3600 1164 3730 1238 αὐτῇ

2093 1252 2162 1323 τῇ
2209 1245 2551 1323 μητροπόλει
2604 1250 2782 1305 αὐτῶν
2839 1249 3205 1325 Ἰερουσαλὴμ
3246 1249 3599 1327 διαλήψεται,
3647 1254 3731 1308 καὶ

2096 1339 2213 1392 ὅσοι
2247 1334 2312 1407 δή
2367 1336 2502 1410 μετά
2546 1337 2745 1410 ταύτην
2793 1338 3234 1411 ἐκκλησιαστικοὶ
3277 1347 3601 1420 συγγραφεῖς
3647 1343 3729 1397 καὶ

2097 1423 2416 1482 διδάσκαλοι
2463 1427 2828 1505 ἀνεφάνησαν·
2862 1430 2952 1484 καὶ
3000 1430 3143 1493 τίνες
3192 1429 3252 1485 ἐκ
3295 1431 3503 1486 τούτων
3554 1429 3727 1502 ἀνδρι-

2094 1519 2204 1578 κῶς
2260 1512 2705 1592 διαγωνιζόμενοι
2761 1518 2853 1573 τὸν
2903 1522 3000 1573 τοῦ
3053 1520 3355 1594 μαρτυρίου
3406 1517 3728 1591 ἀνεδήσαντο

2094 1602 2344 1682 στέφανον
2381 1623 2394 1636 ·
2453 1604 2591 1668 τίνες
2643 1603 2689 1661 δ’
2737 1606 2886 1670 αὖθις
2935 1613 3033 1678 τῆς
3073 1605 3440 1682 ψευδωνύμου
3486 1608 3727 1685 γνώσεως

2092 1695 2491 1768 καθηγήσαντο.
2526 1696 2590 1751 Οἱ
2622 1693 2718 1769 μὲν
2749 1697 2846 1751 οὖν
2879 1699 3012 1752 θεῖοι
3063 1694 3369 1754 ἀπόστολοι
3416 1699 3516 1754 ἆνά
3557 1703 3727 1755 πᾶσαν

2092 1779 2464 1856 διασπαρέντες
2503 1787 2602 1854 τὴν
2660 1792 2781 1860 γῆν,
2832 1785 3029 1861 κλήρῳ
3086 1788 3185 1856 τήν
3249 1785 3571 1861 οἰκουμένην
3620 1786 3730 1844 διε-

339 1876 538 1949 partiti
568 1880 730 1932 sunt.
764 1876 962 1931 Petrus
992 1874 1231 1947 quidem
1254 1873 1670 1947 Hierosolymis
1700 1873 1977 1946 primum,

2098 1872 2403 1947 μερίσαντο,
2445 1875 2682 1947 καθάπερ
2738 1873 2928 1950 ἐρῥέθη
2985 1895 3116 1950 μοι’
3171 1877 3256 1931 καὶ
3313 1879 3514 1948 Πέτρος
3551 1878 3643 1950 μὶν
3677 1877 3728 1932 ἐν

341 1964 554 2020 deinde
584 1965 815 2020 Galatiaa
838 1970 892 2020 et
921 1964 1222 2036 Bithyniae,
1247 1980 1351 2020 nec
1373 1981 1488 2019 non
1507 1963 1651 2020 Asiae
1673 1963 1980 2036 superiori,

338 2052 714 2125 Cappadociae
754 2058 812 2109 et
849 2052 1023 2109 Italiae
1071 2057 1290 2109 cunctae
1350 2053 1592 2109 verbum
1630 2053 1980 2124 praedicavit.

338 2141 593 2199 Joannes
622 2150 812 2199 autem
864 2143 921 2198 in
953 2143 1090 2199 Asia
1146 2143 1319 2199 annis
1383 2143 1648 2214 pluribus
1698 2159 1832 2199 cum
1882 2145 1984 2200 do-

341 2234 578 2300 cuisset,
610 2231 764 2287 diem
814 2231 1049 2288 tandem
1081 2249 1254 2288 suum
1286 2233 1450 2289 obiit.
1506 2233 1750 2288 Andreas
1795 2250 1980 2305 porro,

342 2338 468 2392 quin
501 2325 641 2378 sunt
680 2322 752 2378 ad
784 2322 1036 2378 Exinum
1068 2338 1201 2391 orae,
1233 2322 1469 2394 Scythia
1503 2323 1656 2378 228
1695 2323 1982 2392 universa,

344 2411 704 2484 Byzantium,
753 2412 1090 2468 Macedonia
1137 2417 1192 2468 et
1240 2413 1453 2467 Graciae
1495 2412 1819 2481 continens,
1853 2430 1986 2484 pro-

341 2501 544 2557 vinciae
576 2502 750 2558 fuere.
783 2503 1038 2558 Thomas
1059 2518 1190 2558 vero
1220 2501 1471 2573 Parthis,
1504 2501 1662 2558 Indis
1693 2506 1752 2558 et
1779 2501 1984 2559 insulae

345 2591 699 2662 Taprobanes
734 2590 1102 2662 Evangelium
1152 2591 1554 2664 promulgavit.
1598 2593 1908 2664 Egyptum
1931 2597 1990 2650 et

344 2680 584 2750 Libyam
613 2680 785 2748 alius,
809 2681 957 2736 alius
989 2681 1129 2737 item
1159 2685 1447 2737 extremas
1479 2681 1690 2738 Oceani
1721 2682 1984 2754 regiones

341 2779 394 2827 et
416 2770 639 2828 insulas
672 2771 1038 2829 Britannicas
1070 2771 1307 2828 sortitus
1337 2775 1444 2828 est.
1480 2774 1632 2838 Quas
1657 2773 1985 2843 provincias

340 2877 518 2932 prope
547 2877 751 2918 omnes
801 2869 1076 2933 tanquam
1126 2860 1376 2917 caelestis
1416 2861 1682 2932 quaedam
1710 2861 1987 2933 volucrls,

342 2951 553 3006 Paulus
583 2951 777 3006 orbem
808 2949 1189 3006 habitabilem
1220 2949 1602 3006 circumcirca
1649 2966 1986 3023 peragrans,

342 3038 652 3109 pervolavit
684 3055 698 3096 :
749 3042 805 3095 et
832 3040 904 3095 ab
934 3039 1351 3111 Hierosolymis
1401 3055 1664 3107 exorsus,
1698 3057 1882 3112 usque
1913 3039 1988 3096 ad

340 3127 631 3200 Illyricum
666 3144 901 3184 summa
929 3143 1068 3185 cura
1097 3133 1154 3185 et
1203 3129 1317 3184 fide
1346 3145 1489 3184 veras
1522 3128 1756 3200 pietatis
1783 3130 1989 3185 doctri-

341 3234 478 3273 nam
528 3216 952 3283 disseminavit,
999 3217 1448 3288 ﬁrmissimaque
1479 3217 1742 3274 Ecclesiae
1781 3219 1990 3274 tunda-

342 3312 540 3364 menta
561 3307 724 3379 jecit.
775 3282 994 3362 Horum
1025 3310 1219 3362 autem
1260 3282 1625 3363 aemulatores
1653 3308 1794 3364 adeo
1819 3307 1984 3363 multi
2020 3282 2064 3350 Ο

338 3399 519 3466 fuere,
554 3401 618 3452 ut
639 3413 737 3454 eos
768 3412 1076 3452 numerare
1108 3395 1273 3452 facile
1309 3413 1422 3452 non
1451 3397 1546 3462 sit,
1579 3396 1679 3469 qui
1712 3397 1987 3452 nimirum

341 3488 572 3544 abunde
622 3485 768 3542 satis
826 3491 883 3541 et
910 3487 979 3541 de
1028 3485 1214 3542 Verbo
1247 3489 1304 3542 et
1336 3487 1407 3542 de
1435 3486 1653 3557 Spiritu
1687 3503 1822 3542 cum
1855 3503 1988 3558 per-

339 3578 650 3648 cepissent,
700 3583 763 3632 ut
835 3575 1100 3632 fundatas
1149 3577 1220 3631 ab
1281 3575 1400 3632 illis
1467 3576 1577 3646 ipsi
1617 3580 1991 3633 contruerent

339 3668 632 3737 ecclesias,
665 3668 858 3724 idonei
889 3667 1141 3738 judicati
1183 3671 1342 3732 sunt,
1384 3666 1484 3739 qui
1523 3666 1752 3723 Domini
1787 3684 1983 3740 pasce-

339 3760 469 3813 rent
507 3772 761 3829 gregem,
819 3760 993 3828 atque
1040 3756 1099 3812 in
1151 3755 1567 3828 {apostolorum
1612 3758 1987 3813 succederent

338 3847 556 3915 locum,
615 3851 888 3905 accurate
943 3847 1236 3919 probeque
1269 3847 1342 3903 ab
1375 3846 1492 3903 illis
1523 3846 1672 3916 ipsis
1703 3847 1988 3919 apostolis

340 3933 568 3991 eruditi.
603 3934 964 4006 Quapropter
1011 3934 1050 3988 ii
1103 3950 1333 4005 quoque
1361 3950 1570 4004 magno
1601 3935 1799 3991 animo
1830 3935 1988 3991 salu-

337 4023 502 4079 tifera
535 4023 696 4094 regni
726 4024 1001 4078 caelorum
1033 4023 1255 4078 semina
1277 4024 1492 4093 passim
1526 4028 1820 4080 severunt.
1859 4023 1988 4080 Acri

340 4112 497 4169 enim
531 4112 976 4183 vehementique
1027 4129 1168 4168 verm
1219 4111 1602 4183 philosophia;
1634 4129 1828 4169 amore
1860 4131 1990 4184 per-

341 4201 462 4270 citi,
503 4202 756 4273 primum
781 4203 950 4272 juxta
981 4201 1233 4257 salutare
1266 4205 1617 4272 preceptum
1641 4203 1838 4274 egenis
1863 4203 1986 4258 sub-

341 4292 614 4348 stantiam
655 4291 1229 4362 facultatesquejsuas
1260 4292 1604 4347 distribuere
1637 4309 1650 4347 :
1686 4309 1751 4348 ac
1781 4293 1988 4349 deinde

340 4380 675 4446 liberaliter,
711 4379 843 4435 aliis
870 4397 1104 4453 quoque
1134 4381 1608 4436 inobedientibus
1639 4381 1830 4437 adhuc
1857 4382 1986 4437 ﬁdei

339 4471 514 4526 verbo
561 4470 861 4542 gentibus,
917 4469 1250 4526 divinorum
1284 4471 1651 4527 oraculorum
1686 4471 1990 4543 prodidere

341 4560 688 4618 doctrinam.
719 4561 906 4632 Atque
933 4560 1030 4616 ubi
1061 4560 1119 4615 in
1145 4561 1537 4632 recensjactis
1569 4560 1989 4628 fundamentis,

2087 1960 2452 2036 Ἰερουσαλὴμ
2498 1961 2784 2036 πρότερον,
2836 1961 3017 2019 ἔπειτα
3069 1963 3307 2036 Γαλατίᾳ
3349 1964 3437 2019 καὶ
3489 1964 3729 2036 Βιθυνίᾳ,

2088 2052 2157 2122 τῇ
2206 2071 2262 2106 τε
2318 2051 2560 2126 ἀνωτέρᾳ
2612 2051 2790 2124 Ἀσίᾳ,
2853 2051 3206 2126 Καππαδοκίᾳ
3261 2075 3320 2109 τε
3373 2055 3464 2109 καὶ
3523 2053 3727 2125 Ἰταλίᾳ

3007 2140 3030 2158 ἢ

2694 2140 2944 2212 Ἰωάννής
3004 2140 3049 2197 δ’
3107 2141 3158 2197 ἐν
3209 2144 3366 2214 Ἀσίᾳ
3417 2141 3727 2220 διατρίψας,

2093 2231 2278 2306 χρόνῳ
2304 2229 2503 2302 πολλῴ
2533 2228 2750 2306 ὕστερον
2799 2232 2860 2286 τὸ
2888 2231 3046 2294 τέλος
3101 2231 3281 2310 ἔσχεν.
3318 2229 3544 2307 Ἀνδρέᾳ
3574 2230 3631 2286 δὲ
3659 2233 3723 2286 τὰ

2091 2318 2214 2392 περὶ
2257 2321 2347 2374 τὸν
2407 2319 2652 2388 Εὔξεινον
2703 2320 2793 2376 καὶ
2835 2322 2936 2390 τὴν
2993 2320 3220 2375 Σκυθίαν
3282 2326 3478 2391 πᾶσαν,
3530 2324 3730 2390 Βυζάν-

2092 2409 2203 2466 τίόν
2233 2431 2311 2481 τε,
2353 2409 2655 2467 Μακεδονία
2683 2433 2760 2481 τε,
2801 2413 2888 2466 καὶ
2923 2412 2958 2478 ἡ
2987 2413 3110 2481 περὶ
3137 2411 3234 2479 τήν
3288 2408 3530 2466 Ἐλλάδα
3577 2410 3732 2480 ἢπει-

2096 2519 2186 2574 ρος
2215 2501 2241 2554 ὁ
2273 2499 2480 2574 κλῆρος
2521 2502 2608 2568 ἦν.
2653 2504 2849 2573 Θωμᾶς
2905 2497 2962 2554 δὲ
3009 2501 3240 2574 Πάρθοις
3290 2500 3380 2554 καὶ
3412 2497 3626 2569 Ἰνδοῖς,
3664 2505 3733 2574 τῇ

2092 2610 2152 2643 τε
2217 2589 2366 2661 νήσῳ
2431 2583 2753 2663 Ταπροϐἀνῃ
2822 2589 3127 2664 ἐκήρυττεν.
3196 2587 3474 2664 Αἴγυπτου
3535 2587 3590 2644 δὲ
3647 2589 3733 2644 καὶ

2097 2673 2304 2747 Λιϐύην
2337 2676 2513 2740 ἄλλος
2545 2677 2836 2755 ἐλάγχανε.
2878 2683 3001 2741 Τοῖς
3034 2676 3079 2734 δ’
3112 2677 3366 2752 ἐσχάτοις
3409 2683 3510 2733 τοῦ
3555 2683 3734 2734 Ὠκεα-

2095 2772 2190 2822 νοῦ
2248 2767 2340 2822 καὶ
2395 2773 2511 2828 ταῖς
2564 2773 2936 2842 Βρεταννικαῖς
2991 2769 3179 2838 νήσοις
3234 2767 3484 2844 ἐφίστατο
3531 2765 3734 2842 ἕτερος.

2098 2858 2222 2914 Ἐπὶ
2282 2855 2338 2912 δὲ
2392 2857 2608 2920 τούτοις
2667 2863 2826 2912 πᾶσιν
2888 2858 2981 2912 οἷά
3034 2878 3117 2920 τις
3174 2857 3379 2928 πτηνὸς
3437 2857 3735 2931 αἰθέριοςὸ

2101 2944 2316 3007 Παῦλος
2374 2943 2561 3017 διέθει,
2617 2944 2803 3018 κύκλῳ
2856 2943 3158 3021 διατρέχων
3219 2947 3318 3015 τὴν
3383 2947 3728 3018 οἰκουμένην,

2100 3035 2190 3090 καὶ
2219 3035 2325 3090 ἀπὸ
2355 3033 2725 3109 Ἰερουσαλὴμ
2760 3035 2926 3110 μέχρι
2957 3039 3055 3092 τοῦ
3087 3032 3406 3110 Ἰλλυρικοῦ
3439 3033 3637 3102 σπουδῆ
3658 3038 3727 3107 τῇ

2100 3125 2245 3198 πάσῃ
2313 3125 2380 3180 τὰ
2444 3130 2544 3194 τῆς
2615 3119 2887 3187 εὐσεϐείας
2954 3125 3238 3200 σπέρματα
3320 3123 3593 3201 κρύπτων,
3646 3123 3734 3178 καὶ

2099 3215 2194 3276 τὰς
2235 3211 2508 3286 κρηπῖδας
2551 3214 2802 3290 ἀρῥαγεῖς
2851 3218 2920 3280 τῇ
2969 3213 3269 3286 Ἐκκλησία
3315 3210 3741 3287 καταϐαλλόμε-

2101 3325 2216 3366 νος.
2250 3303 2506 3375 Ζηλωταὶ
2539 3303 2636 3376 μὶν
2669 3302 2764 3358 οῦν
2802 3303 3008 3360 τούτων
3058 3302 3264 3359 πολλοὶ
3294 3303 3384 3358 καὶ
3436 3301 3633 3380 σχεδὸν
3667 3306 3736 3376 μὴ

2103 3391 2322 3468 ἀριθμῷ
2380 3393 2776 3455 ὑποπίπτοντες
2826 3394 3139 3468 γεγόνασιν,
3188 3393 3383 3454 ἱκανῶς
3433 3391 3607 3468 λόγου
3653 3394 3742 3448 καὶ

2102 3482 2410 3558 πνεύματος
2441 3480 2660 3558 ἔχοντες
2705 3485 2800 3546 τὰς
2851 3481 3156 3557 ἱδρυθεῖσας
3188 3484 3402 3544 τούτοις
3451 3481 3742 3553 ἐκκλησίας

2103 3569 2440 3646 οἰκοδομεῖν,
2499 3573 2588 3627 καὶ
2648 3570 2872 3646 δόκιμοι
2933 3573 3205 3647 κριθέντες
3263 3571 3589 3644 ποιμαίνειν,
3654 3570 3743 3625 καὶ

2099 3663 2198 3732 την
2243 3662 2414 3718 αὐτῶν
2475 3661 2766 3737 ἐπέχοντες
2823 3660 3116 3737 διαδοχὴν,
3171 3664 3260 3717 οἷα
3314 3667 3430 3723 τοῖς
3473 3661 3742 3721 τοιούτοις

2102 3749 2470 3815 παιδευθέντες
2495 3769 2508 3782 ’
2543 3750 2595 3806 ο⁹ί
2635 3752 2726 3806 καὶ
2765 3752 2830 3806 τὰ
2880 3752 3126 3826 σωτήρια
3173 3751 3458 3826 σπέρματα
3503 3758 3603 3820 τῆς
3638 3755 3745 3806 τῶν

2102 3842 2339 3916 οὖρανῶν
2373 3839 2652 3916 βασιλείας
2704 3838 2878 3903 ἀδεῶς
2926 3839 3232 3915 σπείροντες
3263 3839 3439 3908 ἦσαν’
3490 3844 3572 3912 τῷ
3619 3861 3748 3915 σφο-

2103 3929 2215 4006 δρῷ
2244 3931 2347 4006 γάρ
2381 3937 2478 4000 τῆς
2527 3928 2769 4002 ἀληθοῦς
2811 3927 3137 4008 φιλοσοφίας
3189 3929 3511 4002 νυττόμενοι
3558 3926 3743 4004 ἔρωτι,

2103 4019 2300 4077 ἐνδεέσι
2359 4021 2454 4084 τὰς
2514 4019 2701 4082 οὐσίας
2759 4018 2947 4085 ἐῶντες
2991 4021 3252 4094 πρότερον
3307 4020 3443 4074 κατά
3495 4020 3592 4089 τὴν
3638 4039 3749 4073 σω-

2102 4113 2292 4186 τήριον
2323 4111 2658 4184 προσταγὴν,
2691 4108 3002 4186 φιλοτίμως
3037 4110 3188 4184 εἶχον
3240 4108 3442 4184 ἑτέροις
3487 4107 3742 4178 ἀνηκόοις

2102 4195 2272 4256 ἔθνεσι
2303 4198 2399 4254 τοῦ
2429 4207 2526 4270 τῆς
2576 4202 2810 4261 πίστεως
2861 4199 3030 4275 λόγου
3065 4201 3165 4269 τὴν
3196 4203 3304 4254 τῶν
3353 4197 3509 4254 θείων
3557 4197 3740 4274 λόγων

2103 4287 2459 4366 παραδιδόναι
2502 4292 2740 4367 γραφήν.
2783 4290 2914 4344 Εἶτα
2964 4288 3052 4344 ἐπὶ
3105 4294 3225 4350 τοῖς
3271 4290 3440 4361 ξένοις
3471 4285 3744 4360 θεμελίοις

2103 4378 2521 4454 ἔγκαθιστῶντες
2580 4377 2863 4452 ποιμένας,
2916 4378 3071 4433 αὐτοὶ
3125 4378 3206 4456 ἐφ’
3259 4378 3418 4452 ἓτερα
3464 4375 3750 4450 ἐπορεύον-

2101 4493 2186 4530 το.
2237 4475 2522 4545 Ἐπεχεῖτο
2568 4471 2671 4546 γὰρ
2723 4470 2812 4524 καὶ
2854 4472 2888 4538 ἡ
2935 4473 3032 4524 τοῦ
3082 4472 3216 4524 Θεοῦ
3264 4467 3429 4544 χάρις
3478 4465 3748 4540 αὔτανδρα

2102 4561 2291 4632 πλήθη
2353 4560 2705 4634 ἐπισπωμένη
2764 4564 2882 4622 τοῖς
2940 4559 3199 4632 θαύμασι.
3258 4555 3355 4612 Καί
3435 4557 3637 4633 μακρὸν
3691 4556 3748 4611 ἃν

2091 2139 2235 2214 πάσῃ
2295 2140 2582 2214 ἐκήρυττεν
2618 2161 2630 2174 ·

340 4650 718 4723 ecclesiisque
760 4650 1068 4718 institutis,
1129 4659 1388 4722 pastores
1451 4651 1834 4718 ordinassent,
1884 4649 1986 4706 alic

2105 4649 2188 4721 εἴη
2221 4650 2426 4713 πάντας
2474 4646 2794 4726 καταλέγειν
2827 4649 2970 4719 ἑξῆς,
3012 4648 3131 4702 ὅσοι
3181 4646 3316 4702 κατά
3362 4647 3461 4716 τήν
3516 4646 3743 4722 πρώτην

341 4739 454 4810 ipsi
484 4756 546 4797 se
575 4740 889 4796 contulere.
922 4739 993 4794 Et
1017 4741 1202 4811 gratia
1233 4741 1334 4796 Dei
1365 4739 1660 4796 miraculis
1693 4740 1986 4796 uberrime

343 4827 575 4896 diﬂ'usa,
611 4829 877 4885 nationes
909 4829 1082 4886 simul
1116 4834 1264 4886 totas
1295 4831 1366 4885 ad
1394 4830 1571 4885 ﬁnem
1595 4829 1984 4902 pertrahebat.
2027 4856 2030 4860 ι

343 4917 596 4991 Longum
665 4925 858 4976 autem
905 4924 1054 4977 esset
1103 4936 1333 4992 omnes,
1383 4920 1721 4991 quicunque
1786 4919 1987 4991 primas

343 5008 738 5079 apostolorum
763 5009 1156 5066 successionis
1187 5013 1444 5081 tempore
1475 5027 1576 5080 per
1609 5008 1986 5066 habitabilem

342 5097 536 5155 orbem
569 5102 832 5170 pastores
862 5099 1242 5155 ecclesiarum
1289 5100 1663 5172 apostolicam
1713 5105 1770 5154 et
1816 5115 1992 5155 evan-

345 5187 591 5258 gelicam
656 5203 961 5260 suscepere
1005 5188 1383 5258 iunctionem,
1443 5188 1742 5261 sigillatim
1796 5206 1995 5246 recen-

344 5291 487 5331 sere.
515 5275 667 5331 Satis
723 5280 917 5332 autem
950 5277 1122 5332 fuerit
1152 5294 1219 5332 ex
1264 5276 1466 5334 multis
1509 5296 1727 5350 paucos
1759 5283 1991 5346 referre,

346 5381 492 5436 quos
523 5364 698 5420 etiam
749 5370 1130 5424 monumenta
1177 5367 1505 5438 apostolicae
1548 5369 1812 5428 Ecclesiae
1846 5369 1995 5427 indi-

345 5469 566 5508 cavere.
597 5454 828 5510 Primus
858 5455 1127 5526 equidem
1153 5455 1320 5514 divus
1346 5456 1561 5515 Paulus
1598 5461 1992 5533 complurium

346 5542 406 5597 in
438 5542 715 5614 Epistolis
745 5545 869 5599 suis
901 5545 1164 5601 meminit
1193 5544 1260 5616 ‘1,
1293 5563 1435 5617 quos
1465 5551 1522 5604 et
1558 5551 1919 5621 cooperarios
1939 5555 1996 5607 et

422 5723 468 5761 δι
493 5722 740 5799 Philipp.
777 5742 842 5800 ιι,
873 5725 966 5784 25.

2101 4737 2372 4815 διαδοχήν
2433 4739 2486 4794 ἐν
2541 4744 2662 4801 ταῖς
2712 4739 2850 4793 κατά
2895 4738 2994 4806 τὴν
3055 4736 3382 4810 οἰκουμένην
3429 4735 3748 4807 ἐκκλησίαις

2100 4827 2378 4902 ποιμένες,
2448 4826 2536 4881 καὶ
2602 4827 2694 4881 τὸν
2761 4824 3123 4881 ἀποστολικὸν
3208 4825 3296 4880 καὶ
3390 4821 3744 4900 εὐαγγελικὸν

2101 4915 2503 4993 ἐπανῃρημένοι
2560 4915 2676 4990 βίον
2739 4915 3014 4993 γεγόνασι.
3074 4913 3230 4984 Πλὴν
3286 4913 3501 4990 ἀρκέσει
3560 4910 3627 4980 δὴ
3693 4911 3749 4968 ἐκ

2102 5007 2333 5064 πολχῶν
2369 5005 2594 5082 ὀλίγους
2638 5005 2831 5073 εἷπεῖν,
2883 5003 2974 5067 οὕς
3023 5003 3327 5076 ὑπόμνησις
3374 5001 3746 5072 ἄποστολικῆς

2104 5097 2432 5168 Ἐκκλησίας
2490 5096 2902 5168 ὑπεσημήνατο.
2967 5097 3186 5168 Πρῶτος
3234 5091 3412 5148 τοίνυν
3471 5093 3500 5146 ὁ
3557 5093 3747 5146 θεσπέο

2103 5209 2220 5250 σιος
2253 5189 2466 5250 Παῦλος
2498 5184 2729 5241 πολλῶν
2765 5184 2815 5240 ἐν
2843 5188 2960 5245 ταῖς
2995 5181 3339 5243 Ἐπιστολαῖς
3361 5180 3525 5236 αὐτοῦ
3558 5182 3746 5253 μνείαν

2108 5283 2366 5343 ποιεῖται,
2409 5276 2503 5338 οὓς
2560 5275 2650 5329 καὶ
2711 5273 2996 5348 συνεργοὺς
3050 5271 3140 5326 καὶ
3199 5269 3597 5345 συστρατιώτας
3655 5290 3748 5324 κα-

2105 5369 2212 5424 λεῖ.
2247 5365 2424 5422 Ἀλλὰ
2453 5364 2543 5419 καὶ
2575 5368 2784 5426 Λουκᾶς
2817 5362 2919 5418 οὗκ
2957 5361 3160 5436 ὀλίγων
3202 5361 3252 5431 ἐξ
3284 5361 3552 5432 ὀνόματος
3603 5381 3746 5432 μνη·

2111 5457 2323 5530 μονεύει
2354 5475 2365 5486 ·
2403 5455 2520 5516 οἷος
2574 5453 2774 5514 ἐκεῖνος
2807 5453 3069 5525 Τιμόθεος
3101 5451 3199 5518 τὴν
3252 5447 3303 5503 ἓν
3351 5449 3557 5527 Ἐφέσῳ
3587 5451 3748 5522 πρῶ-

2108 5569 2202 5610 τος
2242 5545 2490 5621 εἰληχὼς
2538 5545 2825 5621 παροικίαν
2849 5563 2860 5576 ·
2896 5545 2970 5604 ὡς
2996 5541 3086 5597 καὶ
3133 5547 3286 5604 Τῖτος
3332 5545 3441 5595 τῶν
3474 5537 3562 5595 ἐπὶ
3597 5542 3745 5615 Κρή-

4001 5543 4032 6230 ὲ
