4032 6282
314 416 446 484 893

316 570 426 620 της
475 567 490 581 ⁶
553 545 834 624 Βαρνάϐας
889 571 948 607 τε
1001 549 1092 606 καὶ
1149 553 1352 611 Δουκᾶς
1403 568 1418 583 ·

1307 417 1921 484 ECCLESIASTICrE
1961 418 2354 485 HISTORLE
2396 423 2544 487 LIB.
2591 425 2697 486 III.

1478 550 1696 624 Μάρκος
1763 569 1821 604 τε
1875 569 1935 604 κα

2079 551 2508 610 commilitones
2551 560 2735 612 vocat.
2768 554 2881 612 Sed
2911 557 2970 613 et
2998 556 3180 614 Lucas
3227 571 3344 613 non
3374 571 3590 628 paucos
3620 572 3728 614 no—

3607 427 3732 492 894

319 640 584 715 Κρήσκης
627 644 736 695 τῶν
789 637 1042 696 Γαλλῖῶν
1091 641 1442 716 ἡγησάμενος
1476 657 1490 672 ·
1533 635 1614 695 ἔτι
1653 635 1826 694 δὲκαὶ
1859 635 1935 694 ὁέ

2081 640 2348 698 minatim
2403 641 2650 700 laudat:
2703 643 2893 716 qualis
2947 643 3288 701 Timotheus
3328 643 3427 700 ille
3483 649 3596 713 est,
3627 629 3726 716 qui

316 727 536 803 Ἀρείου
585 725 758 804 πάγου
815 729 1132 806 σοφώτατος
1209 729 1514 797 Διονύσιος,
1569 727 1630 790 ’ὸς
1703 727 1794 782 καὶ
1868 733 1934 797 τῆ

2080 731 2308 803 primus
2346 732 2557 804 Ephesi
2613 733 2851 790 sortitus
2911 737 2997 792 est
3043 733 3370 802 ecclesiam,
3429 733 3603 790 sicuti
3669 739 3728 792 et

314 816 496 873 ἐκεῖσε
549 819 901 894 καθηγήσατο
963 817 1362 893 μητροπόλεως
1413 835 1428 850 °

319 905 561 981 Κλήμης
593 909 622 964 ὁ
653 909 798 984 ἱερός
839 929 853 942 ο
887 909 918 964 ὅ
963 931 1023 964 τε
1053 910 1314 988 θεοφόρος
1347 910 1627 982 Ἰγνάτιος,
1659 905 1747 962 καὶ
1779 908 1806 961 ὁ
1838 908 1968 962 θαυ-

318 996 518 1070 μάσιος
567 996 881 1068 Ἀπολλὼς,
915 998 1002 1054 καὶ
1054 999 1108 1053 οἱ
1168 993 1555 1070 ἑϐδομήκοντα
1587 1016 1599 1028 °
1641 994 1730 1050 καὶ
1776 992 1964 1070 ἄλλοι⁹

314 1083 414 1148 οὕς
443 1085 505 1140 οὗ
537 1083 726 1162 ῥᾴδιον
754 1091 836 1160 τῷ
867 1086 1021 1164 λόγῳ
1051 1084 1393 1162 διαδραμεῖν.

1489 813 1652 878 Αἷνός
1733 837 1792 872 τε
1877 817 1963 872 καὶ
2077 820 2240 878 Titus
2268 825 2444 878 Cretae
2477 837 2490 878 :
2525 821 2713 893 qualis
2743 821 2922 878 etiam
2945 823 3254 883 Barnabas,
3278 825 3336 878 et
3367 821 3552 878 Lucas
3581 822 3723 893 ipse,

2077 911 2310 968 Marcus
2330 915 2388 968 et
2407 912 2702 980 Crescens,
2737 911 2837 984 qui
2878 911 3096 968 Gallias
3127 910 3290 967 rexit.
3323 911 3606 968 Praeterea
3652 928 3724 968 ex

2077 999 2442 1072 Areopagitis
2483 999 2956 1072 sapientissimus
2999 999 3334 1073 Dionysius,
3393 998 3491 1072 qui
3543 999 3722 1057 etiam

2073 1087 2314 1146 Athenis
2373 1089 2832 1162 metropolitanss
2919 1090 3152 1162 prmfuit
3217 1087 3506 1145 Ecclesiae.
3567 1090 3724 1147 224

313 1175 499 1234 Linus
527 1177 684 1245 item,
717 1185 772 1234 et
801 1194 964 1235 sacer
991 1177 1272 1248 Clemens,
1306 1177 1534 1234 divinus
1564 1177 1845 1250 lgnatius,
1879 1177 2264 1236 admirandus
2291 1177 2552 1253 Apollas.
2582 1183 2727 1236 Item
2759 1179 3134 1252 septuaginta
3166 1177 3254 1235 illi
3284 1193 3512 1248 omnes,
3545 1182 3720 1252 atque

309 1264 493 1322 etiam
523 1265 642 1339 alii,
675 1283 825 1340 quos
853 1269 1112 1326 oratione
1141 1284 1444 1326 recensere
1475 1267 1642 1325 facile
1665 1285 1780 1324 non
1807 1271 1918 1325 est.

956 1379 1210 1431 ΚΕΦΑΛ.
1241 1376 1317 1433 Β’.

312 1480 484 1554 Περὶ
513 1483 638 1554 τῶν
674 1482 836 1554 μετὰ
863 1479 1016 1544 τοὺς
1057 1479 1482 1543 ἀποστόλους
1533 1479 1822 1554 Ῥώμης,
1854 1481 1959 1537 Ἀ-

391 1549 844 1629 λεξανδρείας,
867 1554 1429 1629 ξΔντιοχείας-καὶ
1461 1549 1959 1629 Ἰεροσόᾼλύ-μῶν

384 1629 510 1716 ’ξῆς
562 1623 970 1716 Ἐκκλησίοξς
1013 1623 1455 1716 ἡγησαμένων
1490 1643 1503 1656 ·
1555 1623 1662 1716 κ1αὶ
1713 1623 1958 1696 ἐτέρων

387 1694 881 1762 άποστολικόῖς
911 1694 1413 1772 διαπρὲπόντων
1443 1694 1849 1772 χαρίσμασιδ

385 1803 546 1880 Οἱ¹γε
597 1807 706 1878 μὴν
744 1809 853 1862 τῶν
906 1804 1160 1880 μεγάλων
1213 1809 1515 1880 παροικιῶν
1564 1802 1957 1882 προεδρεύσαν-

2719 1377 2949 1434 CAPUT
2979 1377 3047 1434 II.

2067 1485 2141 1540 De
2167 1484 2240 1556 iis
2270 1484 2367 1556 qui
2393 1490 2511 1556 post
2565 1483 2830 1556 apostolos
2870 1483 3062 1550 Romx,
3094 1483 3480 1556 Alexandriae,
3513 1484 3716 1556 Aetio-

2135 1553 2356 1628 ehiafet
2381 1553 2768 1628 Hierosolymis
2821 1557 3141 1628 prrefuerint
3169 1555 3440 1628 Ecclesia,
3479 1554 3720 1628 aliisque

2137 1626 2277 1685 item
2302 1627 2440 1685 viris
2467 1626 2783 1700 apostolicis
2806 1626 3134 1700 pollentibus
3161 1626 3340 1683 donis.

2136 1809 2244 1876 Qui
2265 1824 2398 1866 vero
2429 1824 2774 1883 magnarum
2805 1807 3182 1866 ecclesiarum
3214 1808 3495 1882 praesides
3530 1808 3711 1879 fuere,

296 1913 396 1957 τες
447 1891 598 1950 οῦτοι
650 1891 710 1950 ἃν
771 1896 890 1954 εἶεν.
953 1897 1102 1955 Μετὰ
1160 1897 1362 1971 Πέτρον
1420 1895 1472 1951 ἐν
1515 1896 1704 1970 Ῥώμῃ
1735 1898 1935 1970 πρῶτοι

2061 1897 2103 1954 ii
2133 1902 2288 1956 sunt.
2323 1899 2458 1956 Post
2495 1899 2726 1956 Petrum
2777 1898 2977 1956 Romae
3023 1897 3252 1972 primus
3309 1898 3710 1972 episcopatum

296 1983 408 2052 τὴν
468 1983 770 2054 ἐπισκοπὴν
827 1981 1158 2060 διαδέχεται,
1193 1989 1352 2048 Λῖνος
1384 1984 1450 2040 οῦ
1488 1983 1579 2039 καὶ
1638 1981 1852 2047 Παῦλος
1897 1982 1935 2039 ἐπ

2061 1988 2322 2060 suscepit
2349 1988 2524 2045 Linus
2559 2005 2574 2046 :
2605 1989 2776 2060 cujus
2821 1987 3036 2045 Paulus
3071 1988 3130 2044 in
3180 2002 3248 2044 ea
3297 2004 3480 2060 quam
3529 1988 3710 2044 Roma

296 2077 376 2146 τῇ
435 2073 571 2148 πρὸς
619 2075 883 2147 Τιμόθεον
938 2072 998 2130 ἐκ
1052 2075 1276 2148 Ῥώμης
1333 2074 1580 2152 γράφων,
1621 2074 1804 2148 μνείαν
1848 2094 1935 2130 πε-

2056 2081 2127 2136 ad
2156 2079 2527 2137 Timotheum
2565 2079 2804 2152 scripsit
2841 2079 3120 2151 Epistola,
3161 2079 3515 2137 mentionem
3549 2079 3702 2136 facit.

295 2162 556 2233 ποίηται.
615 2163 784 2224 Οὗτος
843 2161 890 2218 δ’
947 2161 1034 2219 ἐπὶ
1085 2163 1304 2240 χρόνοις
1347 2161 1474 2219 δέκα
1518 2164 1656 2239 πρὸς
1687 2160 1804 2220 δυσὶ
1843 2165 1935 2234 τὴν

2057 2167 2160 2226 Hi0
2190 2185 2324 2225 cum
2355 2167 2526 2226 annis
2559 2169 2862 2226 duodecim
2884 2167 3210 2241 episcopale
3239 2167 3708 2226 administrasset

299 2249 648 2328 λειτουργίαν
695 2252 1007 2328 κατασχὼν,
1054 2254 1459 2309 Οὐεσπασιανοῦ
1505 2253 1594 2309 καὶ
1641 2251 1801 2308 Τίτου
1848 2256 1935 2308 τοῦ

2055 2258 2470 2328 ministerium,
2503 2258 2860 2330 Vespasiano
2891 2257 3156 2330 filiosque
3185 2259 3313 2329 ejus
3341 2258 3469 2314 Tito
3518 2257 3704 2329 impe-

291 2339 496 2403 παιδὸς
543 2345 902 2417 χρατοῦντος,
962 2342 1315 2418 Ἀνεγκλήτῳ
1377 2341 1694 2398 καταλιπὼν
1750 2340 1942 2413 αὐτὴν,

286 2435 396 2484 τοῦ
451 2431 604 2504 βιοῦν
656 2429 1078 2488 ἀπαλλάττεται.
1126 2431 1284 2488 Τίτου
1324 2429 1381 2486 δὲ
1409 2437 1508 2501 τῆς
1530 2431 1832 2508 ἡγεμονίας
1859 2431 1940 2503 τῷ

289 2516 534 2593 δευτέρῳ
592 2518 842 2593 ἐνιαυτῷ,
903 2519 1266 2594 Ἀνέγκλητον
1311 2519 1432 2576 ’ίσον
1485 2519 1551 2589 δὴ
1610 2521 1814 2600 χρόνον
1858 2526 1941 2594 τῷ

287 2607 446 2682 Λίνῳ
495 2608 592 2672 τάς
639 2609 786 2684 ἱερὰς
825 2609 982 2680 ἡνίας
1025 2610 1292 2686 λαμπρῶς
1338 2608 1710 2682 διοικήσαντα,
1762 2611 1791 2666 ὁ
1840 2631 1937 2666 σο·-

287 2697 394 2776 es;
453 2695 761 2774 διαδέχεται
820 2697 1054 2773 Κλήμης
1110 2705 1218 2755 τῶν
1277 2698 1334 2755 εὖ
1384 2699 1688 2777 γεγονότων
1721 2697 1816 2770 ὢν,
1845 2701 1932 2756 καὶ

291 2786 373 2848 εἷς
422 2787 684 2864 Καίσαρας
740 2789 1020 2869 ἀναφέρων
1065 2793 1163 2844 τοῦ
1217 2788 1402 2868 γένους
1471 2792 1570 2860 τὴν
1641 2789 1884 2864 βλάστην
1917 2808 1931 2824 ·

292 2877 425 2952 περὶ
479 2877 540 2932 οῦ
597 2879 790 2953 μικρὸν
837 2879 1056 2955 ὕστερον
1117 2879 1368 2956 ἐροῦμεν.
1426 2883 1624 2936 Τοῦτον
1682 2881 1933 2957 συνεργὸν

2052 2347 2344 2416 rantibus,
2401 2347 2677 2405 Anacleto
2727 2346 2786 2404 id
2839 2345 3196 2419 relinquens,
3253 2347 3374 2402 vita
3429 2346 3699 2403 excessit.

2051 2437 2317 2494 Secundo
2356 2452 2528 2510 porro
2577 2435 2810 2509 imperii
2865 2435 2978 2492 Titi
3025 2451 3198 2503 anno,
3246 2434 3544 2502 Anacleto,
3594 2434 3698 2506 qui

2048 2526 2292 2583 totidem
2343 2526 2514 2583 annis
2561 2525 2874 2599 magnifice
2919 2523 3239 2582 Ecclesium
3279 2524 3356 2580 ibi
3414 2523 3696 2596 guberna-

2047 2620 2228 2684 verat,
2283 2615 2570 2673 successit
2597 2615 2830 2686 sapiens
2875 2613 2974 2670 ille
3021 2615 3306 2682 Clemens,
3339 2613 3555 2671 illustri
3597 2629 3696 2686 ge—

2045 2719 2182 2762 nere
2220 2703 2434 2771 clarus,
2464 2709 2523 2761 et
2557 2705 2629 2761 ad
2661 2707 2948 2761 Cassarum
3003 2707 3234 2773 gentem
3289 2710 3479 2760 ortum
3519 2718 3692 2759 suum

2043 2793 2332 2851 referens:
2359 2794 2432 2851 de
2451 2810 2566 2868 quo
2610 2793 2782 2866 paulo
2814 2797 2942 2865 post
2973 2791 3160 2866 plura,
3195 2794 3362 2848 Hunc
3419 2808 3694 2864 coopera-

2041 2885 2223 2941 torem
2245 2897 2418 2940 suum
2448 2882 2654 2954 fuisse,
2687 2882 2761 2940 ad
2792 2881 3190 2955 Philippenses
3221 2879 3480 2938 scribens
3512 2885 3691 2937 testa-

291 2963 462 3022 αύτοῦ
507 2967 746 3042 γενέσθαι
783 2965 1000 3033 Παῦλος
1047 2967 1452 3040 Φιλιππησίοις
1499 2971 1720 3048 γράφων
1757 2970 1890 3050 φησί
1921 2988 1935 3004 ⁸

2050 2977 2146 3030 tur
2175 2971 2440 3031 Paulus:
2477 2972 2611 3029 Cum
2665 2971 2956 3041 Clemente,
3012 2969 3307 3042 inquiens,
3348 2975 3397 3026 et
3463 2971 3692 3040 reliquis

290 3053 472 3112 Μετᾶ
499 3059 607 3112 καὶ
633 3056 1152 3131 Κλήμεντοςκαί
1177 3064 1301 3114 τῶν
1323 3059 1580 3116 λοιπῶν
1603 3064 1936 3137 συνεργῶν

293 3165 450 3218 μου,
501 3147 586 3200 ῶν
640 3147 718 3202 τὰ
766 3146 1067 3220 ἀνόματα
1095 3147 1155 3203 ἐν
1193 3144 1408 3224 βίϐλῳ
1441 3151 1641 3219 ζωῆς.
1673 3156 1779 3220 Τῆς
1808 3147 1854 3206 δ’
1885 3149 1936 3207 ἐν

285 3231 668 3309 ’Δλεξανδρείᾳ
694 3235 980 3311 παροικίας
1030 3237 1164 3310 μετὰ
1208 3237 1426 3311 Μάρκον
1456 3238 1548 3294 τὸν
1589 3239 1732 3294 θεῖον
1765 3239 1934 3316 εὐαγ-

283 3321 548 3397 γελιστὴν
580 3329 799 3400 πρῶτος
833 3326 1075 3389 ’Δνιανὸς
1110 3328 1212 3396 τὴν
1257 3326 1558 3399 ἐπισκοπὴν
1606 3327 1932 3404 ἐκληροῦτο.

282 3413 540 3487 Τετάρτῳ
589 3411 634 3469 δ’
683 3413 786 3470 ἔτει
842 3419 940 3481 τῆς
991 3421 1320 3490 Δομετιανοῦ
1366 3417 1504 3495 ἂρχς
1537 3415 1633 3474 δύο
1684 3419 1822 3494 πρὸς
1852 3417 1936 3474 εἷ’-

280 3521 442 3556 κοσιν
493 3502 806 3575 ἀναπλήσας
851 3498 960 3573 ἔττ,
991 3505 1054 3562 τὸ
1108 3507 1257 3580 βιοῦν
1299 3507 1608 3565 ἄπολείπει.
1678 3508 1932 3583 Δεύτερος

281 3587 346 3646 δὲ
409 3593 522 3663 μετ’
579 3593 738 3648 αὐτὸν
795 3589 1078 3659 Ἀϐίλλιος
1135 3596 1226 3650 τὸν
1277 3595 1464 3670 θρόνον
1511 3591 1778 3670 λαμϐάνει
1810 3615 1822 3628 ·
1869 3597 1932 3652 οῦ

278 3677 376 3735 ἐπὶ
434 3679 561 3736 δέκα
617 3684 755 3755 πρὸς
826 3685 971 3758 τρισὶ
1037 3683 1221 3747 καλῶς
1283 3685 1660 3760 ἱερασαμένου,
1719 3683 1935 3762 Κέρδων

272 3771 382 3839 τὴν
425 3767 724 3841 ἐπισκοπὴν
774 3771 1106 3850 διαδέχεται,
1158 3773 1333 3830 Ἀλλᾶ
1369 3774 1459 3830 καὶ
1507 3781 1614 3830 τῶν
1675 3773 1759 3831 ἐπ’
1819 3777 1936 3832 Ἀν-

277 3859 528 3934 τιοχείας
583 3862 720 3934 μετά
765 3861 964 3933 Πέτρον
1012 3883 1071 3918 τε
1107 3862 1196 3918 καὶ
1247 3868 1476 3933 Λουκᾶν,
1518 3863 1744 3928 Εὐόδιος
1790 3869 1934 3942 πρῶ-

277 3967 378 4009 τος
429 3949 734 4007 καθίστατο.
784 3949 986 4007 Τούτου
1033 3949 1089 4008 δὲ
1124 3950 1370 4030 δεύτερος
1441 3953 1699 4030 Ἰγνάτιος
1765 3953 1930 4031 ἐγνω-

280 4035 486 4110 ρίζετο.
521 4039 818 4102 Ἐνιαυτοῖς
879 4037 925 4096 δ’
981 4040 1065 4097 ἐπ’
1113 4041 1264 4098 ἐννέα
1312 4040 1631 4119 διαπρέψας,
1662 4041 1750 4100 ἐπὶ
1789 4045 1928 4100 Ῥώ-

283 4147 398 4199 μης
454 4132 726 4203 Τραῖανοῦ
773 4128 944 4206 τρίτῳ
1002 4129 1230 4205 ἐνιαυτῷ
1289 4133 1376 4188 ὑπ’
1451 4131 1636 4189 ὀδοῦσι
1719 4134 1926 4209 θηρίων

274 4214 564 4286 ἀλήθεται.
611 4219 814 4274 Τούτου
851 4217 1110 4296 διάδοχος
1156 4221 1339 4298 τρίτος
1383 4221 1489 4278 ἀπὸ
1535 4229 1644 4278 τῶν
1694 4225 1926 4279 ἀποστό-

2046 3061 2481 3136 cooperatoribus
2537 3063 2673 3119 mei:
2719 3077 2952 3134 quorum
2992 3059 3223 3116 nomina
3270 3061 3331 3116 in
3378 3060 3516 3116 libro
3565 3062 3690 3116 vita

2043 3153 2348 3225 conscripta
2375 3155 2506 3208 sunt
2532 3151 2600 3209 ⁸³.
2633 3149 2694 3207 ln
2741 3149 3131 3208 Alexandrina
3180 3156 3369 3206 autem
3414 3149 3691 3218 Ecclesia,

2043 3247 2178 3314 post
2225 3241 2422 3298 divum
2472 3241 2733 3298 Marcum
2806 3238 3245 3312 evangelistam,
3295 3239 3692 3312 episcopatum

2041 3330 2270 3402 primus
2304 3329 2560 3388 obtinuit
2601 3329 2888 3387 Animus.
2949 3329 3166 3395 Quarto
3210 3333 3406 3386 autem
3466 3327 3694 3400 imperii

2047 3419 2360 3476 Domitiani
2390 3435 2570 3488 anno,
2591 3434 2723 3475 cum
2752 3417 2959 3491 viginti
2997 3418 3146 3474 duos
3184 3433 3371 3474 annos
3423 3415 3692 3474 Ecclesiae

2042 3509 2386 3580 praefuisset,
2419 3508 2535 3564 vita
2563 3511 2652 3564 est
2688 3507 3014 3564 defunctus.
3049 3504 3182 3562 Post
3227 3504 3387 3562 hunc
3441 3503 3691 3560 Abillius

2041 3599 2242 3656 sedem
2298 3611 2426 3653 eam
2466 3593 2716 3665 recepit:
2751 3593 2852 3666 qui
2911 3609 3044 3650 cum
3089 3609 3218 3650 eam
3255 3592 3530 3649 tredecim
3583 3592 3691 3648 rite

2040 3687 2371 3760 gubernans
2402 3683 2572 3740 annis
2603 3683 2975 3740 obtinuisset.
3017 3681 3264 3738 Cerdoni
3295 3697 3422 3739 eam
3469 3697 3694 3738 succes-

2041 3775 2156 3833 sori
2189 3773 2442 3846 reliquit.
2479 3771 2861 3830 Antichenam
2910 3779 3128 3839 autem,
3175 3773 3308 3844 post
3367 3770 3598 3827 Petrum
3631 3773 3692 3826 et

2041 3865 2277 3935 Lucam,
2311 3863 2536 3936 primus
2565 3859 3188 3934 Evodiusgubernavit.
3227 3859 3305 3917 Ab
3335 3859 3446 3916 hoc
3475 3875 3686 3917 secun~

2037 3959 2148 4014 dus
2171 3956 2280 4013 fuit
2335 3954 2635 4028 lgnatius:
2667 3953 2718 4012 is
2767 3969 2898 4010 cum
2957 3968 3140 4009 annos
3198 3967 3405 4009 novem
3461 3950 3686 4024 episco-

2038 4054 2234 4119 patum
2275 4045 2544 4102 decenter
2571 4043 2810 4100 omnino
2837 4041 2920 4098 ibi
2960 4041 3451 4110 administrasset,
3487 4039 3684 4097 Romae

2037 4131 2207 4188 tertio
2235 4130 2470 4201 Traiani
2517 4146 2668 4187 anno
2717 4128 3037 4186 bestiarum
3077 4127 3354 4185 dentibus
3407 4131 3494 4184 est
3529 4143 3686 4184 com-

2035 4221 2296 4278 molitus.
2329 4219 2517 4292 Hujus
2565 4219 2941 4287 successoris,
2973 4233 3214 4274 numero
3271 4218 3345 4274 ab
3405 4215 3684 4288 apostolis

276 4302 394 4400 λων
426 4310 611 4400 ’ςΗρως
643 4304 820 4400 ὄνομα
874 4309 965 4378 ἦν.
1024 4315 1131 4379 Τῆς
1161 4307 1208 4365 δ’
1254 4309 1307 4366 ἐν
1359 4311 1765 4386 Ἰεροσολύμοις
1799 4315 1923 4370 Ἐκ-

2050 4311 2206 4368 κιιειὶἰ.
2243 4325 2452 4368 nomen
2484 4313 2608 4366 erat
2651 4307 2852 4366 Heres.
2887 4308 2951 4363 lu
2996 4306 3516 4379 Hierosolymitano
3545 4321 3679 4362 vero

274 4390 510 4462 κλησίας
569 4395 706 4468 μετὰ
755 4395 846 4452 τὸν
903 4401 1000 4451 τοῦ
1058 4399 1265 4475 Κυρίου
1330 4397 1562 4479 ἀδελφὸν
1637 4395 1916 4470 Ἰάκωϐον,

2031 4399 2387 4470 episcopatu,
2417 4414 2586 4470 quem
2616 4397 2795 4454 frater
2848 4397 3075 4453 Domini
3129 4397 3385 4452 Jacobus
3443 4395 3682 4466 triginta

271 4482 565 4554 τριάκοντα
604 4481 697 4555 ἔτη
767 4484 1222 4557 ἐπισκοπήσαντα,
1301 4489 1525 4562 Συμεὼν
1615 4489 1746 4563 μετᾶ
1819 4491 1917 4559 νὴν

2050 4505 2212 4546 mnos
2241 4492 2524 4556 tenuerat,
2553 4491 2686 4559 post
2713 4485 3250 4558 Hierosolymorum
3297 4483 3676 4548 eversionem,

270 4574 383 4625 τῶν
445 4571 837 4646 Ἰεροσολύμων
915 4573 1146 4647 ἅλωσιν,
1207 4576 1236 4632 ὁ
1301 4581 1400 4632 τοῦ
1471 4578 1664 4634 Κλοπᾶ
1741 4576 1918 4634 εἷθτουν

2050 4581 2278 4650 lymeon
2335 4575 2600 4648 Cleophsa
2657 4575 2836 4643 filius,
2867 4574 2970 4646 qui
3026 4571 3303 4646 patruelis
3359 4569 3678 4627 Servatoris

277 4658 499 4715 Κλεότια
528 4661 666 4732 υἱὸς,
696 4661 909 4736 ἀνεψιὸς
952 4661 1009 4720 δὲ
1053 4669 1149 4720 τοῦ
1194 4672 1456 4740 Σωτῆρος
1500 4668 1630 4722 εἶναι
1679 4667 1921 4743 ἐλέγετο,

277 4744 539 4825 διάδοχος
598 4748 688 4818 ἦν.
736 4752 926 4826 Τρίτος
967 4750 1014 4808 δ’
1061 4751 1144 4808 ἐπ’
1191 4753 1380 4829 ἐκείνῳ
1431 4757 1665 4819 Ἰοῦστος
1710 4759 1817 4812 τῶν
1867 4755 1920 4827 ἐξ

275 4835 554 4894 Ἰουδαίων
609 4840 1045 4898 πεπιστευκότων
1091 4848 1390 4915 τηνικαῦτα
1435 4843 1663 4902 πολλῶν
1717 4848 1796 4909 εἴς
1823 4839 1916 4906 ὥν.

2033 4669 2214 4726 fuisse
2241 4667 2454 4724 dicitur
2483 4667 2585 4740 (1),
2617 4664 2704 4723 illi
2747 4665 3050 4722 successit.
3082 4662 3318 4720 Tertius
3349 4661 3426 4718 ibi
3482 4677 3553 4718 ex
3579 4677 3678 4717 or-

2032 4757 2167 4814 dine
2203 4757 2426 4823 Justus,
2447 4771 2650 4813 eorum
2682 4753 2780 4826 qui
2801 4771 2872 4810 ex
2899 4752 3122 4810 Judzsis
3160 4755 3282 4806 tum
3313 4749 3680 4806 crediderant

2031 4863 2207 4914 unus,
2238 4845 2542 4918 episcopus
2569 4845 2677 4900 fuit
2707 4861 2722 4900 :
2755 4843 2856 4916 qui
2913 4842 3150 4914 quidem
3211 4838 3362 4898 225
3417 4839 3677 4913 episcopi

271 4927 446 5004 νΑχρι
497 4926 556 4982 δὶ
601 4928 692 4984 καὶ
737 4933 846 4984 τῶν
886 4932 1104 5007 χρόνων
1155 4934 1430 5008 Τραϊανοῦ
1491 4934 1591 5004 τὴν
1649 4934 1915 5008 ἱερατείαν

2050 4937 2104 4994 ιὰ
2132 4935 2366 5008 Trajani
2397 4949 2582 5007 usque
2614 4939 2872 5007 tempora
2901 4930 3262 4988 functionem
3320 4945 3492 4987 suam
3545 4943 3679 5001 per-

273 5016 424 5071 οῦτοι
473 5017 787 5092 παρεῖλκον,
836 5014 914 5074 ἔτι
965 5025 1044 5093 τῷ
1093 5021 1198 5098 βίῳ
1240 5019 1518 5096 περιόντος
1560 5027 1655 5079 τοῦ
1702 5025 1918 5099 ἠγαπη-

2026 5026 2340 5092 duxerunt,
2381 5039 2516 5080 cum
2547 5022 2735 5079 adhuc
2765 5022 2824 5078 in
2871 5020 3018 5077 vivis
3072 5022 3228 5075 esset
3275 5016 3524 5074 dilectus
3573 5015 3672 5073 ille

271 5105 440 5180 μένου
459 5107 551 5161 καὶ
586 5109 858 5181 μαθητοῦ.
892 5112 1017 5165 Καθ’
1062 5109 1121 5166 ’ὸν
1169 5113 1358 5186 καιρὸν
1405 5114 1496 5169 καὶ
1553 5111 1916 5189 Πολύκαρπος

2050 5133 2092 5173 ιο
2119 5113 2473 5187 discipulus.
2507 5115 2630 5180 Quo
2652 5117 2911 5184 tempore
2939 5113 2996 5166 et
3016 5109 3367 5181 Polycarpus
3407 5107 3669 5179 Smyrna;

264 5193 321 5250 ἐν
383 5194 609 5270 Σμύρνῃ
666 5204 766 5267 τῆς
831 5198 1010 5262 Ἀσίας
1063 5197 1316 5275 διέπρεπε
1362 5204 1508 5276 παρᾶ
1540 5203 1784 5261 Ἰωάννου
1812 5206 1913 5276 τὴν

2050 5221 2080 5260 n
2111 5204 2252 5261 Asia
2280 5203 2498 5273 ﬂoruit,
2528 5203 2598 5258 ab
2629 5219 2694 5259 eo
2729 5201 2854 5274 ipso
2883 5199 3108 5257 Joanne
3153 5198 3462 5270 episcopus
3521 5211 3674 5252 crea-

263 5281 568 5355 ἐπισκοπὴν
625 5285 1100 5367 ἐγκεχειρισμένος
1151 5309 1164 5324 ⁸

1226 5292 1437 5354 Παπίας
1490 5313 1550 5347 τε
1605 5291 1912 5368 Ἱεραπολί-

2050 5310 2136 5352 us.
2178 5297 2388 5366 Papias
2419 5306 2647 5366 quoque
2676 5295 2802 5348 tum
2859 5287 3215 5360 Hisrapolita
3271 5285 3330 5342 in
3379 5301 3487 5342 sua
3543 5283 3672 5356 ipse

260 5394 366 5443 της
403 5373 542 5451 ἀνὴρ
591 5375 743 5452 λόγῳ
796 5381 1229 5452 κεκοσμημένος,
1261 5383 1350 5436 καὶ
1399 5387 1500 5451 τῆς
1559 5389 1776 5462 Γραφῆς
1832 5383 1908 5445 ὡς

2050 5382 2206 5442 ποιιία
2234 5383 2603 5456 episcopatus
2638 5379 2978 5452 magistratu
3007 5379 3098 5433 est
3127 5376 3362 5431 iunctus
3395 5391 3408 5428 :
3434 5373 3520 5431 vir
3535 5389 3670 5431 cum

337 5521 382 5555 "
405 5521 656 5597 Philipp.
689 5541 768 5596 ιν,
795 5525 853 5582 3.

339 5671 451 5752 (1)Δ
479 5669 797 5745 Cleopham
848 5674 1086 5734 fratrem
1145 5674 1327 5734 fuiss
1380 5674 1854 5752 Josephi,sponsi
1900 5671 2157 5746 Virginis
2223 5671 2445 5744 matris,
2495 5671 2864 5746 Hegesippus
2939 5675 3301 5736 contestatur:
3342 5681 3452 5738 est.
3507 5673 3666 5736 Infra

267 5740 406 5814 cap.
419 5740 478 5800 θ.

3535 5905 3542 5912 -
3639 5874 3664 5920 J
