4032 6282
182 5865 229 5905 ’Ἃ

460 339 586 402 895

1761 344 1813 403 Ν
1819 343 2190 408 IGEPHORI
2233 346 2582 412 CALLISTI
3751 359 3854 420 896

451 469 781 542 eloquentis
810 470 1027 540 clarus,
1059 477 1180 530 tum
1212 489 1506 532 sacrarum
1549 476 1894 533 Litterarum
1928 492 2084 546 quan

2217 476 2455 550 μάλιστα
2511 475 2794 553 ἔμπειρος,
2851 481 2950 550 τῆς
3027 480 3191 537 αὐτοῦ
3277 481 3495 546 πόλεως
3579 483 3854 560 ῖερατικῶς

441 562 696 618 maxime
725 563 963 633 peritus.
1001 565 1112 620 Sed
1150 569 1208 622 et
1245 567 1578 631 Quadratus
1639 584 1708 625 ea
1757 571 1918 625 astate
1967 586 2101 642 pro-

449 651 677 722 phetico
705 653 878 714 dono.
909 669 1028 710 una
1058 671 1190 710 cum
1219 655 1468 729 Philippi
1500 657 1754 726 ﬁliabus,
1779 659 2017 715 enituit:
2048 662 2104 715 et

453 739 553 796 alii
611 745 888 812 praeterea
944 742 1163 814 plures,
1223 746 1546 818 apostolica
1601 749 1789 820 gratia
1843 748 2103 808 illustres

454 835 628 902 atque
703 833 1026 904 conspicui,
1086 837 1601 910 apostolorumque
1667 841 2096 899 successionem

448 921 659 978 sortiti.
680 921 897 978 Verum
929 924 998 979 de
1056 922 1370 994 Clemente,
1412 927 1650 998 Ignatio,
1703 929 2015 1002 Polycarpo
2045 934 2102 987 et

447 1009 645 1081 Papia,
676 1029 803 1082 quae
841 1029 946 1084 par
1003 1013 1134 1084 erit,
1188 1016 1456 1088 deinceps
1513 1020 1572 1074 in
1614 1018 1720 1074 hoc
1769 1019 1896 1091 ipso
1953 1021 2099 1077 libro

445 1099 832 1156 narrabimus.
869 1101 936 1157 In
969 1103 1273 1174 praesentia
1303 1106 1456 1162 enim
1487 1123 1555 1162 ea
1585 1111 1834 1177 tantum,
1869 1125 1996 1181 quae
2028 1111 2098 1166 ad

445 1187 692 1258 primam
713 1191 1112 1261 apostolorum
1130 1194 1563 1252 successionem
1579 1197 1892 1267 pertinent,
1908 1207 2102 1256 osten-

446 1279 582 1334 dere
613 1277 995 1336 instituimus.

1089 1389 1322 1446 CAPUT
1352 1391 1450 1449 III.

1141 1477 1314 1548 fuerit
1368 1479 1572 1552 Jndwir
1629 1481 1760 1538 belli
1795 1483 2096 1552 inferendi.

521 1546 732 1627 Quanto
759 1551 1004 1627 tempore
1030 1546 1214 1627 [igin
1234 1557 1359 1627 post
1383 1551 1656 1627 Christum
1677 1554 1814 1610 bello
1859 1546 2102 1627 impetiti

521 1633 633 1695 non
659 1619 794 1695 sint.
821 1620 902 1695 __E_t
929 1625 989 1674 ut
1018 1621 1204 1695 ﬁdeles
1234 1619 1492 1679 'homines
1549 1640 1646 1695 per
1707 1619 2100 1684 reuelationem

521 1688 794 1765 admoniti
815 1688 1193 1765 liierosolyma
1246 1688 1595 1765 reliquerint,
1629 1701 1683 1752 et
1727 1698 1940 1754 Pellam
1989 1701 2100 1756 mi—

520 1759 766 1839 grqrint.
821 1762 883 1816 Et
920 1759 1138 1839 quanto
1191 1759 1434 1839 tempere
1487 1759 1827 1839 alienigenae
1877 1786 1953 1826 ex
2003 1773 2100 1828 He-

455 1475 590 1542 Quae
617 1491 784 1530 causa
828 1477 1084 1532 Romanis

519 1831 648 1916 rode
699 1831 974 1904 progeniti
1055 1837 1200 1906 apud
1275 1837 1493 1895 Judwos
1567 1831 1798 1912 regnum
1859 1842 2084 1900 obtinue

2277 1831 2495 1916 πόλιξν.ζ
2528 1831 2661 1916 Καὶ.
2684 1831 2979 1916 δίκον-’καί
3011 1837 3118 1892 ἐπὶ
3147 1831 3350 1916 πόσον

525 1905 658 1958 rint.

521 2085 687 2142 Nu‘nc
717 2101 853 2144 vero
883 2105 1072 2160 operae
1106 2091 1355 2162 pretium
1395 2097 1484 2150 est
1543 2095 1776 2162 referre,
1809 2097 2104 2168 quomodo

449 2175 786 2232 Judaeorum
819 2179 1098 2235 adversus
1129 2179 1420 2239 Romanos
1451 2186 1673 2238 motum
1706 2184 1784 2240 sit
1835 2184 2054 2242 bellum
2085 2188 2100 2228 ε

2215 563 2730 642 προεδρεύων.Ἒπὶ
2797 569 3013 632 τούτοις
3071 567 3130 625 δὲ
3176 572 3266 626 καὶ
3315 569 3592 646 Κοδρᾶτος
3651 571 3853 648 διέλαμ.

2213 677 2280 712 πε
2327 662 2652 735 προφητικῷ
2701 659 3003 734 χαρίσματι
3047 660 3259 735 σῦναμα
3306 666 3426 726 ταῖς
3456 661 3742 720 Φιλίππου
3768 668 3848 721 θυ-

2213 748 2467 820 γστράσιν
2497 744 2888 820 ἐνδιαπρέπων.
2922 750 3026 806 Καὶ
3079 745 3244 805 ἄλλοι
3297 748 3520 813 πλείους
3564 753 3700 808 κατὰ
3741 755 3848 809 τού-

2210 853 2338 896 τους
2385 835 2544 903 ἦσαν,
2594 835 2986 898 ἀποστολικοῖς
3037 836 3365 912 χαρίσμασιν
3427 837 3693 916 ἐκφανεῖς,
3759 844 3844 911 τὴν

2215 922 2352 994 μετά
2397 923 2525 988 τοὺς
2571 923 2914 988 ἀποστόλους
2953 923 3223 1001 διαδοχὴν
3253 925 3700 1002 κληρωαάμενοι.
3735 933 3845 1004 Περὶ

2215 1011 2398 1083 μέντοι
2460 1009 2804 1086 Κλήμεντος,
2866 1014 3151 1091 Ἱγνατίου,
3221 1014 3586 1090 Πολυκάρπου
3642 1039 3698 1073 τε
3770 1020 3845 1074 καὶ

2213 1101 2428 1156 Παπίου
2459 1103 2524 1157 τὰ
2574 1101 2756 1159 εἰκότα
2797 1109 2913 1166 τοῖς
2965 1103 3156 1183 ἐφεξῆς
3187 1107 3222 1175 ἡ
3279 1108 3529 1180 παροῦσά
3585 1128 3682 1181 μοι
3741 1105 3842 1163 δια-

2213 1188 2445 1264 λήψεται
2493 1191 2730 1267 ἱστορία.
2773 1197 2882 1249 Νῦν
2926 1195 3050 1268 γὰρ,
3083 1193 3207 1248 ὅσον
3253 1196 3315 1250 τὸ
3357 1201 3459 1265 τῆς
3489 1195 3842 1268 ἀποστολικῆς

2213 1277 2482 1358 διαδοχῆς
2513 1281 2749 1355 πρώτως
2779 1280 3110 1352 ἐνδείξασθαι
3138 1282 3420 1358 προέθετο.

2853 1397 3110 1449 ΚΕΦΑΛ.
3143 1395 3221 1448 Γ’.

2209 1478 2358 1557 Τίνα
2406 1477 2595 1557 α’ίᾼτμια
2645 1481 2972 1557 τῇςκατά
3014 1477 3400 1557 Ἰουδαίους
3452 1483 3844 1557 μάχης-τοῖς

2281 1551 2647 1631 ξΡωμθίοις
2682 1549 2944 1631 ἐγένετο
2977 1571 2990 1584 ·
3017 1551 3370 1631 ’καὶπόσον
3402 1549 3658 1631 χεόῖον
3709 1555 3844 1612 Ἰου-

2282 1619 2460 1698 δαῖοι
2494 1623 2659 1698 με-τά
2687 1619 2974 1698 Χριστὸν
3007 1619 3798 1698 ᾇπολέμητοῗδιέμειναν
3826 1643 3839 1657 ⁸

2277 1693 2382 1748 καί
2415 1691 2504 1756 ὡς’
2530 1695 2592 1748 οἱ
2622 1691 2848 1749 πιστοὶ
2881 1691 2969 1748 δι’
3000 1691 3504 1757 ἀποκαλύψεως
3535 1691 3842 1757 λίπόντες

2278 1770 2395 1840 τὴν
2438 1763 2924 1840 μἸερουσῄαλήμ,
2965 1765 3068 1840 είς
3103 1768 3233 1840 ,τὴν
3279 1763 3548 1840 Πέλλαν
3601 1765 3842 1840 ᾤκησαν

3437 1839 3758 1914 ρόνονμοῖγ
3789 1839 3841 1908 ἐξ

2284 1856 2495 1906 πολιν.
2528 1856 2652 1893 nati
2689 1856 2840 1892 οσον
2873 1859 2979 1892 και
3011 1856 3118 1892 επι
3147 1856 3350 1894 ποσον
3437 1856 3641 1914 ρονον
3691 1856 3751 1894 οι
3789 1856 3841 1908 εξ

2284 1904 2579 2034 ὲῐὲρώδου
2638 1905 3024 1983 ἆλλόψυλοι
3071 1915 3188 1965 τοῦ
3245 1856 3602 1968 Ἰουξαίων
3654 1911 3842 1985 ἦρξαν

2360 1999 2529 2034 νουε.

2360 1999 2529 2043 νους.

2281 2089 2392 2144 Τοῦ
2450 2085 2650 2143 λοιποῦ
2710 2085 2768 2143 δὲ
2824 2085 3100 2164 προῦργου
3156 2090 3441 2164 γενήσεται
3498 2087 3731 2146 διελθεῖν
3773 2093 3842 2161 τῷ

2209 2175 2436 2252 παρόντι
2486 2175 2662 2254 λόγῳ,
2701 2175 2849 2239 ὅπως
2908 2179 2942 2246 ἡ
3003 2177 3140 2232 κατά
3196 2176 3492 2240 Ἰουδαίους
3542 2179 3679 2252 πρὸς
3723 2179 3841 2234 Ῥω·

441 2282 568 2338 quae
598 2282 785 2324 causae
815 2267 990 2324 simul
1015 2273 1072 2326 et
1099 2270 1360 2343 prodigia
1388 2272 1914 2344 Hierosolymorum
1946 2292 2084 2346 prae-

2210 2264 2404 2337 μαίους
2457 2264 2745 2337 ἀνεκινήθη
2803 2265 3007 2340 μάχη·
3069 2264 3187 2321 τίνα
3234 2286 3296 2320 τε
3350 2263 3500 2321 αἴτια
3532 2268 3622 2322 καῖ
3655 2270 3838 2340 σημεῖα

439 2357 721 2414 cesserint
749 2359 1107 2415 eversionem
1139 2375 1155 2416 :
1188 2364 1245 2416 et
1269 2363 1559 2431 quomodo
1588 2363 1822 2418 tandem
1854 2379 1922 2419 ea
1954 2364 2096 2420 urbs

439 2446 860 2518 perpetratasin
901 2447 1194 2504 Christum
1227 2449 1544 2521 impietatis
1601 2451 1937 2524 insanasque
1990 2469 2096 2509 ve-

442 2535 652 2592 cordia;
694 2551 898 2607 poenas
955 2535 1146 2607 luens,
1195 2538 1274 2594 sit
1327 2555 1544 2596 eversa.
1576 2542 1764 2613 Atque
1819 2541 2091 2615 equidem

444 2639 573 2696 qum
603 2625 714 2682 sub
740 2625 984 2696 imperio
1021 2626 1289 2694 Neronis,
1321 2632 1377 2684 et
1423 2633 1560 2686 ante
1614 2629 1672 2686 id
1716 2631 1904 2688 Felice
1961 2637 2091 2702 post

441 2713 690 2770 Pilatum
747 2715 1008 2771 Judaaam
1068 2716 1424 2787 provinciam
1497 2719 1813 2788 obtinente,
1868 2721 2086 2778 Judazis

446 2801 768 2858 acciderint
798 2803 900 2875 (l),
931 2804 1144 2870 clades,
1175 2822 1308 2861 cum
1340 2807 1644 2877 pontiﬁces
1675 2809 1943 2866 civilibus
2001 2828 2087 2867 ar-

435 2891 551 2946 mis
583 2899 784 2948 contra
814 2908 878 2948 se
916 2891 1164 2950 invicem
1193 2899 1250 2950 et
1280 2895 1560 2952 adversus
1601 2896 1882 2968 primores
1938 2901 2082 2955 civi-

435 2978 573 3034 tatis
619 2988 1013 3048 armarentur,
1055 2986 1114 3038 et
1170 2987 1581 3058 unusquisque
1631 3002 1830 3043 eorum
1877 2989 1947 3044 ad
1991 3005 2082 3046 res

436 3083 619 3123 novas
675 3072 970 3138 spectans,
1033 3071 1242 3127 ducem
1309 3088 1371 3128 se
1423 3074 1614 3144 ipsum
1681 3076 2076 3148 constitueret,

437 3156 670 3212 nemine
717 3157 774 3212 id
823 3173 1066 3228 prorsus
1114 3159 1497 3230 prohibente:
1549 3179 1800 3235 cumque
1847 3181 2080 3223 summa

2203 2360 2304 2424 τῆς
2362 2353 2719 2428 Ἰερουσαλὴμ
2779 2355 3036 2417 ἁλώσεως
3077 2356 3485 2429 προηγήσαντο,
3533 2356 3626 2411 καὶ
3665 2356 3737 2418 ὡς
3763 2356 3836 2410 τέ-

2205 2441 2329 2499 λεον
2390 2442 2748 2520 διεφθάρησαν
2801 2441 3010 2500 δικαίαν
3069 2443 3332 2507 τιννύντες
3389 2441 3551 2516 δίκην
3589 2453 3689 2516 τῆς
3715 2444 3834 2500 κατὰ

2202 2534 2439 2608 Χριστοῦ
2489 2533 2678 2607 μανίας
2721 2535 2813 2589 καὶ
2867 2532 3172 2609 ἀσελγείας.
3217 2535 3353 2589 Ὅσα
3385 2535 3480 2608 μὲν
3511 2535 3608 2590 οὗν
3637 2535 3832 2598 τούτοις

2198 2621 2252 2678 ἐν
2281 2628 2400 2686 ταῖς
2451 2622 2651 2698 ἀρχαῖς
2699 2623 2972 2696 Νέρωνος,
3005 2622 3255 2693 Φήλικος
3293 2625 3394 2694 τὴν
3424 2623 3716 2699 ἡγεμονίαν
3742 2630 3827 2693 τῆς

2197 2711 2462 2776 Ἰουδαίας
2519 2713 2651 2786 μετὰ
2703 2711 2938 2768 Πιλᾶτον
3008 2710 3312 2784 διέποντος,
3385 2709 3584 2785 συνέϐη
3633 2717 3824 2782 παθεῖν,

2192 2808 2298 2858 τῶν
2350 2803 2541 2878 ἱερέων
2587 2805 2704 2858 κατ’
2741 2801 3006 2873 ἀλλήλων
3064 2802 3155 2858 καὶ
3207 2804 3344 2878 πρὸς
3400 2803 3534 2867 τοὺς
3593 2807 3824 2878 πρώτους

2193 2892 2572 2967 ὁπλιζομένων
2620 2896 2720 2959 τῆς
2771 2891 3019 2963 πόλεως,
3059 2893 3150 2947 καὶ
3197 2889 3547 2974 ὡς-ἕκαστος
3600 2893 3822 2965 νεωτερί·

2193 2987 2297 3052 ζων
2331 2982 2553 3058 ἡγεμὼν
2599 2981 2686 3051 ἦν,
2738 2979 2956 3044 οὐδενὸς
3009 2977 3158 3044 ὄντος
3207 2985 3304 3038 τοῦ
3362 2981 3812 3054 ἐπιειιιλιςιιιιοντος⁸

2187 3069 2312 3145 περί
2359 3091 2418 3126 τε
2463 3077 2564 3140 τῆς
2606 3073 2715 3126 τῶν
2776 3069 2962 3145 ἱερέων
3003 3067 3281 3133 ἀναιδείας
3329 3071 3420 3126 καὶ
3447 3076 3561 3128 τῶν
3589 3089 3819 3146 νεωτεριο

2193 3158 2398 3228 ζόντων
2450 3157 2707 3234 σικαρίων
2767 3158 2988 3227 ληστῶν
3023 3176 3037 3190 ·
3069 3152 3149 3214 ἔτι
3188 3155 3245 3214 δὲ
3295 3159 3372 3222 ὡς
3416 3157 3699 3236 ἀρχιερεὺς
3733 3159 3819 3214 αὖ·

437 3249 594 3301 esset
657 3249 716 3302 et
787 3218 1152 3303 sacerdotum
1240 3218 2082 3320 impudentiam;

2204 3251 2300 3304 τῶν
2335 3218 2589 3319 Ἰωνάθης
2616 3249 2703 3303 καὶ
2748 3246 2952 3304 πολλοὶ
2985 3252 3094 3303 τῶν
3145 3249 3273 3322 παρ’
3319 3249 3505 3312 αὐτοῖς
3553 3249 3816 3323 ἐπισήμων

436 3334 780 3392 sicariorum
831 3335 1122 3395 licentia:
1175 3342 1299 3394 tum
1369 3347 1562 3396 autem
1631 3358 1763 3398 cum
1827 3345 2083 3414 pontifex

433 3423 722 3481 Jonathas
755 3429 812 3482 et
843 3425 1015 3482 multi
1043 3426 1288 3499 insuper
1324 3427 1423 3485 alii
1469 3429 1730 3502 praeclari
1769 3433 1877 3489 viri
1933 3433 2082 3491 clam

430 3514 828 3570 occiderentur
863 3530 878 3569 :
910 3515 1162 3589 denique
1187 3533 1320 3573 cum
1371 3519 1875 3594 pseudopropheta
1918 3525 2084 3596 Egy-

427 3605 761 3678 ptiusquam
777 3605 1046 3678 plurimis
1059 3609 1564 3682 seductistriginta
1577 3612 1762 3669 millia
1774 3614 2080 3671 hominum

437 3693 723 3768 perderet,
754 3700 813 3752 et
841 3695 1063 3768 reliqua
1103 3697 1164 3754 in
1214 3700 1546 3771 perturbato
1588 3701 1841 3760 civitatis
1897 3708 2077 3772 statu,

437 3783 671 3838 nemine
710 3785 794 3840 vel
825 3784 1150 3858 imperandi
1198 3787 1284 3843 vel
1341 3789 1575 3859 parendi
1632 3791 1888 3848 ofﬁcium
1939 3811 2078 3866 prae-

439 3874 650 3942 stante,
695 3873 1213 3946 committerentur,
1257 3877 1318 3933 in
1376 3879 1640 3950 proximo
1698 3884 2078 3954 exposuimus

439 3957 607 4017 libro.
641 3961 876 4020 Decimo
905 3980 1047 4020 sane
1102 3965 1331 4036 imperii
1387 3969 1626 4023 Neronis
1679 3986 1832 4028 anno
1892 3975 2080 4030 maxi-

442 4063 604 4104 mum
637 4055 899 4106 exortum
932 4068 1055 4108 esse
1087 4052 1328 4123 bellum,
1361 4071 1748 4130 magnamque
1796 4059 2078 4118 universas

429 4135 766 4192 Judasorum
799 4141 955 4210 genti
1003 4141 1287 4197 accidisse
1343 4142 1756 4216 calamitatem,
1785 4147 2078 4221 Josephus

429 4234 848 4283 commemorat
895 4227 973 4300 (2)
1009 4245 1024 4285 :
1057 4233 1114 4285 et
1157 4233 1366 4302 praeter
1420 4231 1675 4303 plurima
1726 4235 1839 4291 alia
1893 4239 2076 4294 detri-

428 4318 648 4385 menta,
680 4315 909 4373 circiter
937 4317 1135 4376 decem
1166 4319 1350 4377 millia
1382 4337 1585 4378 eorum
1617 4325 1718 4396 qui
1760 4326 1918 4384 226
1977 4329 2077 4385 ho-

433 4422 604 4463 nores
637 4407 1125 4480 magistratusque
1155 4411 1308 4482 apud
1342 4411 1578 4470 Judaaos
1621 4421 1944 4490 gesserunt,
1978 4419 2076 4474 ﬂa-

431 4495 552 4570 gris
581 4497 841 4554 concisos
873 4497 1302 4572 Hierosolymis,
1336 4505 1394 4558 et
1441 4503 1677 4560 tandem
1735 4504 1795 4561 in
1841 4523 2070 4564 crucem

2186 3337 2366 3414 κρύφα
2397 3334 2756 3414 διεφθάρησαν
2791 3356 2805 3371 ο
2853 3337 3074 3412 προσέτι
3125 3335 3183 3392 δὲ
3229 3338 3320 3392 καί
3369 3338 3444 3399 ὡς
3487 3338 3820 3414 τρισμυρίους

2187 3427 2216 3482 ὁ
2283 3423 2742 3505 ψευδοπροφήτης
2815 3424 3111 3501 Αἰγύπτιος
3181 3425 3464 3494 ἀπατήσας
3548 3426 3819 3487 πλείστους

2187 3510 2451 3596 διέφθέιρε
2483 3533 2497 3548 ⁸
2541 3515 2633 3571 καὶ
2681 3516 2748 3571 τὰ
2805 3514 2978 3571 λοιπᾶ
3018 3522 3118 3584 τῆς
3163 3515 3424 3591 ἀναρχίας
3462 3515 3635 3573 αὐτῶν
3681 3513 3815 3571 ἰδιώ-

2189 3627 2330 3680 ματα
2358 3604 2411 3661 έν
2439 3610 2508 3681 τῇ
2559 3606 2667 3680 πρὸ
2717 3603 2918 3676 ταύτης
2977 3599 3305 3677 διελᾶϐομεν
3345 3605 3581 3681 ἱστορίᾳ.
3612 3606 3812 3676 Δεκάτῳ

2186 3691 2233 3750 δ’
2263 3691 2368 3750 ἔτει
2397 3701 2499 3765 τῆς
2545 3696 2732 3770 ἃρχῆσ
2771 3693 3029 3768 Νέρωνος
3079 3694 3333 3770 μέγιστον
3377 3693 3811 3772 ἀναῤῥιπισθῆναι

2183 3781 2429 3857 πόλεμον
2489 3784 2758 3854 Ἰώσηπος
2816 3783 3040 3856 ἱστορεῖ,
3094 3781 3184 3837 καὶ
3252 3780 3476 3852 πολλὴν
3531 3787 3612 3856 τῷ
3665 3781 3812 3839 παντὶ

2183 3873 2322 3930 ἔθνει
2359 3877 2469 3928 τῶν
2501 3868 2775 3928 Ἰουδαίων
2804 3872 3048 3947 γενέσθαι
3085 3872 3187 3941 τὴν
3213 3872 3522 3946 ξσυμφοράν
3559 3891 3574 3906 ο
3628 3872 3715 3927 tiri
3760 3870 3812 3926 δὲ

2182 3963 2462 4025 πλείστοις
2494 3958 2688 4024 ἄλλοις
2727 3961 2953 4035 μυρίους
2983 3960 3144 4024 ὅσους
3191 3964 3298 4016 τῶν
3349 3959 3497 4035 παρά
3540 3957 3812 4020 Ἰουδαίοις

2183 4053 2234 4109 έν
2284 4058 2472 4125 τιμαῖς
2528 4051 2687 4114 ὄντας
2749 4049 2996 4124 μάστιξιν
3038 4049 3375 4114 αἰκισθέντας
3419 4048 3474 4104 έν
3547 4049 3683 4123 αὐτῇ
3748 4053 3810 4122 τῇ

2183 4140 2548 4216 Ἰερουσαλὴμ
2606 4139 2709 4194 ὑπὸ
2759 4135 2999 4212 Φλώρου
3058 4137 3542 4214 ἀνασταυρωθῆναι
3615 4135 3810 4206 δηλοῖ·

2179 4229 2272 4286 καί
2299 4251 2416 4286 τινα
2448 4227 2506 4285 δὲ
2556 4227 2736 4297 δεινὴν
2795 4227 3044 4303 ταραχὴν
3102 4224 3388 4289 Ἰουδαίοις
3442 4225 3811 4303 κατειληφέναι

2285 4320 2298 4340 τ
2351 4320 2358 4334 ι
2557 4318 2571 4336 ς
3283 4319 3310 4332 -ρ
3403 4316 3419 4334 ς
3477 4317 3492 4334 ς
3596 4321 3622 4331 υ
3648 4313 3672 4334 ιι

2178 4321 2280 4376 καθ
2329 4317 2464 4390 ὃλην
2511 4339 2611 4387 την
2661 4315 2874 4393 Σωρίαν
2905 4316 3217 4392 πανταχόσε
3243 4337 3351 4371 των
3393 4337 3500 4371 απο
3528 4337 3624 4371 του
3645 4318 3812 4376 εθνους

2179 4409 2316 4483 πρὸς
2346 4411 2454 4463 τῶν
2481 4405 2616 4462 κατά
2663 4403 2828 4461 πόλιν
2873 4403 3096 4460 ἐνοίκων
3142 4405 3332 4478 τρόπῳ
3378 4402 3662 4478 πολεμίων
3691 4403 3808 4472 ἄνη·

2181 4495 2322 4560 λεῶς
2378 4493 2792 4571 πορθουμίνων,
2824 4492 2964 4550 ὥστε
3021 4495 3148 4570 ὁρᾷν
3202 4495 3298 4557 τὰς
3355 4493 3549 4558 πόλεις
3625 4493 3810 4568 μεστὰς

425 4590 590 4642 actos
619 4603 654 4642 a
684 4585 850 4644 Floro
877 4586 959 4661 (3)
989 4602 1222 4659 gravem
1255 4593 1532 4660 praeterea
1560 4592 1880 4650 tumultum
1939 4613 2069 4652 con-

2204 4588 2397 4666 ιτάφων
2456 4585 2749 4660 σωμάτων,
2779 4584 2870 4640 καὶ
2923 4585 3142 4658 νεκροὺς
3193 4581 3308 4656 ἅμα
3363 4583 3809 4670 νηπίοιςᾼγέρον·

424 4675 515 4729 tra
541 4671 774 4730 Judaos
804 4690 909 4746 per
936 4689 1170 4731 omnem
1203 4676 1428 4749 Syriam
1458 4684 1680 4736 motum
1711 4697 1838 4740 esse
1880 4685 2074 4756 tradtt,

425 4777 560 4818 cum
591 4778 661 4818 ex
689 4762 960 4821 universa
987 4773 1156 4838 gente
1184 4765 1443 4838 plerique
1473 4785 1506 4824 a
1535 4769 1834 4827 civitatum
1868 4773 2078 4831 incolis

422 4867 539 4907 non
570 4851 732 4908 aliter
763 4856 939 4924 atque
971 4855 1043 4910 ab
1075 4853 1340 4912 hostibus
1369 4860 1490 4913 tam
1542 4860 1855 4918 crudeliter
1892 4863 2076 4919 caade-

421 4945 644 5008 rentur,
662 4945 728 4998 ut
757 4944 973 5014 passim
1005 4945 1064 5000 in
1097 4945 1428 5004 civitatibus
1458 4948 1584 5006 loca
1612 4951 1812 5008 omnia
1840 4955 2074 5026 conspi-

422 5033 693 5088 cerentur
713 5031 1040 5102 jacentium
1071 5033 1503 5107 insepultorum
1517 5039 2072 5113 cadaverumfplena,

423 5135 741 5193 puerorum
797 5121 977 5178 simul
1039 5127 1098 5179 et
1157 5140 1385 5195 senum,
1445 5127 1758 5184 mulierum
1817 5147 2071 5204 quoque,

421 5226 671 5282 quarum
702 5227 775 5268 ne
805 5212 1086 5284 pudendis
1120 5215 1352 5286 quidem
1388 5222 1578 5288 partes
1608 5228 1877 5277 contecta
1922 5223 2070 5278 fuis-

422 5303 571 5354 sent.
593 5301 660 5356 Et
691 5301 963 5372 quamvis
1000 5305 1120 5360 tota
1149 5320 1216 5361 ea
1241 5306 1536 5376 provincia
1567 5307 1890 5366 innumeris
1917 5314 2072 5368 esset

419 5386 630 5444 referta
659 5388 944 5460 cladibus,
975 5400 1167 5449 tamen
1190 5410 1258 5450 ea
1286 5410 1414 5466 quo
1447 5395 1677 5454 fuerant
1705 5397 1777 5454 ab
1810 5415 2070 5471 unoquo-

494 5530 576 5655 ᾳ)
609 5530 828 5616 seditio
861 5539 918 5592 et
945 5537 1286 5595 intestinum
1301 5540 1518 5598 bellum
1549 5543 1816 5602 obortum
1851 5545 1907 5602 in
1941 5544 2066 5602 sin-

494 5618 501 5655 |
533 5618 578 5655 ιε
610 5606 939 5655 οινιιιιιὼυε
972 5609 1094 5655 lnra
1126 5612 1318 5655 nmnin
1353 5613 1408 5655 in
1460 5613 1655 5655 Jnrlmn
1703 5617 1983 5655 αοησιιίπρ
2013 5619 2066 5655 ιι

425 5606 578 5689 gulis
610 5606 939 5689 civitatibus
969 5609 1098 5689 loca
1126 5612 1323 5689 omnia
1352 5613 1412 5689 in
1444 5613 1660 5689 ‘Judaea
1701 5617 1984 5689 sanguine
2013 5619 2070 5672 et

427 5673 814 5759 cadaveribus
843 5676 1107 5759 implevit
1152 5681 1410 5754 (Joseph.
1434 5685 1512 5759 _D_e
1550 5685 1661 5744 bell
1689 5673 1844 5745 Iud.“
1851 5687 1954 5749 lib.
1986 5703 2066 5759 ιν,

413 5758 552 5850 ρει).
581 5745 655 5822 9;
689 5745 996 5822 Hegesipp.
1026 5750 1128 5809 lib.
1157 5745 1236 5816 iv,
1267 5745 1392 5827 cip.
1421 5755 1504 5828 6.)

2183 4697 2279 4739 τας
2326 4674 2692 4752 έῤῥιμμένους
2725 4691 2738 4705 °
2787 4671 2981 4750 γύναια
3011 4669 3069 4728 δὲ
3109 4668 3252 4746 μηδὲ
3280 4677 3380 4741 τῆς
3410 4669 3495 4726 ἐπ’
3533 4667 3670 4726 αίδὼ
3700 4668 3811 4724 σκέ-

2184 4786 2294 4836 πης
2355 4763 2724 4842 μετειληφότα
2756 4783 2770 4796 ·
2818 4763 2909 4818 καὶ
2953 4765 3122 4817 πᾶσαν
3157 4762 3252 4836 μὲν
3291 4761 3392 4831 τὴν
3440 4759 3706 4836 ἐπαρχίαν
3734 4778 3816 4833 με·

2186 4855 2316 4923 στήν
2362 4851 2680 4931 ἀδιηγήτων
2723 4855 3018 4930 συμφορῶν
3050 4870 3064 4884 ⁸
3119 4848 3339 4923 μείζονα
3368 4845 3428 4904 δὲ
3471 4852 3579 4904 τῶν
3620 4845 3816 4918 ἑκάστῳ

2181 4941 2618 5016 τετολμημένων
2656 4942 2756 5010 τήν
2807 4940 2895 4996 ἐπὶ
2951 4945 3068 5002 τοῖς
3124 4937 3542 5012 ἀπειλουμένοις
3597 4935 3816 4992 ἀναστά-

2181 5053 2364 5090 τωσιν.
2395 5036 2574 5088 Ταῦτα
2595 5031 2716 5106 [μὶν
2761 5030 2868 5104 πρὸ
2915 5033 3013 5085 τοῦ
3070 5026 3318 5102 πολέμου
3367 5026 3678 5102 ἡγήσασθαι
3708 5023 3820 5080 Ἰώ-

2184 5142 2361 5194 σηπος
2416 5123 2624 5195 ἱστορεῖ
2668 5138 2683 5154 ·
2735 5118 2852 5175 ἐπεὶ
2902 5115 2960 5173 δὲ
3005 5117 3106 5187 τὴν
3154 5119 3292 5192 πρὸς
3345 5115 3652 5190 Ῥωμαίους
3695 5113 3815 5169 ὑπο·

2181 5212 2352 5290 ταγήν
2388 5207 2644 5268 Ἰουδαῖοι
2693 5209 2770 5272 είς
2802 5208 3082 5284 προῦπτον
3135 5207 3473 5275 ἀπεώσαντο,
3511 5203 3692 5278 Νέρων
3743 5204 3816 5272 τῷ

2178 5289 2297 5358 κατ’
2351 5299 2572 5356 ἐκείνων
2641 5296 2973 5374 ὁπερζέσεως
3049 5298 3228 5370 θυμῷ,
3284 5293 3657 5364 Οὐεσπεσιανῷ
3733 5289 3813 5344 καὶ

2177 5397 2257 5466 τῷ
2289 5391 2494 5448 ἐκείνου
2528 5386 2680 5446 παιδὶ
2716 5391 2890 5462 Τιτῳ,
2920 5386 2972 5459 ἐξ
3025 5383 3248 5462 Ἀχαΐας
3297 5385 3384 5440 καὶ
3447 5381 3680 5444 Ἰταλίας
3709 5377 3816 5454 ἀγέ-

2247 5540 2325 5613 (2)
2377 5537 2502 5613 _Lib.
2535 5553 2629 5607 xx,
2668 5551 2794 5608 cap.
2853 5533 2960 5592 ult.
3013 5533 3088 5590 De
3145 5505 3272 5588 bell.
3319 5530 3533 5589 Judaic.
3593 5529 3695 5586 lib.
3751 5542 3806 5596 ιι,

2174 5610 2426 5685 08159113.
2475 5680 2505 5685 ,ν
2841 5679 2858 5685 -
3230 5681 3239 5685 -
3397 5674 3414 5685 .
3567 5675 3580 5685 .
3638 5670 3678 5685 η

2243 5629 2537 5757 affecit.
2569 5678 2672 5737 lib.
2703 5695 2796 5736 ut
2826 5679 2898 5757 de
2933 5676 3176 5757 avaritia
3192 5681 3248 5736 et
3276 5672 3619 5736 crudelitate
3635 5667 3806 5735 Cestii

2179 5747 2356 5826 Flor'i,
2385 5753 2600 5812 Judaei
2630 5747 3043 5824 procuratoris.

3929 5696 3952 5763 Ι
