4032 6282
255 364 381 426 897

1265 360 1882 426 ECGLESIASTIGE
1923 357 2319 422 HlSTORI/E
2362 358 2508 420 LIB.
2557 355 2662 420 III.

3546 366 3670 427 898

257 516 452 574 ρωχον
496 497 750 573 στρατιὰν
799 493 1078 572 ἀθροίσας,
1107 493 1244 551 κατὰ
1289 495 1689 570 Ἱεροσολύμων
1736 493 1901 570 ἐπεμέ

2015 510 2124 567 que
2154 496 2482 566 perpetrata
2511 493 2729 551 scelera
2755 493 3068 566 superabat
3087 507 3176 560 ea,
3197 509 3324 566 quae
3345 511 3446 563 per
3476 497 3662 554 minas

251 609 344 656 πε,
405 591 525 649 τοῖς
576 585 888 660 εἰρημένοις
935 583 1227 660 ἐπιτρέψας
1273 583 1620 660 πολιορκίαν.
1678 585 1902 644 Οὐεσπε-

251 677 443 738 σιανὸς
473 679 765 752 τοιγαροῦν
809 679 928 736 ταῖς
970 673 1104 730 κατᾶ
1148 672 1425 729 Ἰουδαίων
1472 671 1901 750 ἐναϐρυνόμενος

249 763 450 834 νίκαις,
485 763 575 819 ἐπὶ
622 763 835 837 μᾶλλον
879 761 1199 838 προυχώρει
1233 780 1246 794 ⁸
1299 760 1556 820 Ἰουδαῖοι
1603 761 1660 818 δὲ
1695 765 1770 836 μή
1809 765 1905 836 μό-

249 875 346 909 νον
392 853 532 908 κατᾶ
586 852 876 926 Ῥωμαίων
937 850 1270 922 ὡπλίζοντο,
1321 850 1520 923 πολλῷ
1572 849 1628 907 δὲ
1686 849 1901 924 μᾶλλον

247 942 392 998 κατᾶ
437 944 676 1018 Χριστοῦ
708 960 722 974 ·
778 940 996 1016 μυρίαις
1042 940 1090 996 δ’
1144 936 1468 1003 ἐπιϐουλαῖς
1521 942 1639 996 κατ’
1686 940 1906 996 ἐκείνων

249 1028 621 1106 κεχρημένοι,
653 1031 744 1085 καὶ
791 1035 911 1092 τοῖς
939 1031 1057 1084 κατ’
1109 1029 1272 1084 αὐτοῦ
1310 1029 1497 1107 φόνοις
1547 1025 1793 1104 ἔχαιρον,
1826 1031 1902 1094 ὡς

250 1115 425 1192 ἔδειξε
472 1119 742 1198 Στέφανος
781 1119 872 1175 καὶ
921 1120 949 1174 6
995 1123 1093 1175 τοῦ
1141 1115 1428 1176 Ζεϐεδαίου
1475 1116 1759 1190 Ἰάκωϐος,
1812 1121 1902 1176 καὶ

253 1210 284 1264 6
343 1208 494 1282 αὐτῷ
553 1211 850 1283 ὁμώνυμος
907 1209 936 1263 6
993 1212 1092 1264 τοῦ
1151 1208 1351 1283 Κυρίου
1398 1208 1753 1285 κασίγνητος,
1810 1208 1903 1264 καί

249 1295 428 1354 ἄλλοι
456 1297 728 1358 πλεῖστοι.
762 1302 880 1354 Τῶν
911 1295 968 1353 δὲ
999 1296 1218 1354 λοιπῶν
1245 1302 1365 1362 ταῖς
1411 1297 1628 1355 ἐκείνων
1673 1295 1902 1354 ἐπιϐου-

250 1385 383 1448 λαῖς
411 1393 512 1458 τῆς
559 1384 827 1451 Ἰουδαίας
877 1385 1316 1460 ἀπεληλαμὲνων
1363 1393 1468 1465 γῆς
1499 1407 1514 1422 ·
1567 1387 1630 1442 οὗ
1681 1389 1790 1462 μὴν
1845 1385 1903 1442 δὲ

248 1474 405 1530 ἀλλᾶ
433 1476 524 1532 καὶ
553 1479 650 1532 τοῦ
697 1474 836 1532 λαοῦ
859 1479 959 1542 τῆς
1003 1474 1056 1531 ἐν
1109 1475 1519 1551 Ἰεροσολύμοις
1571 1475 1902 1548 Ἐκκλησίας

252 1569 544 1636 μυστικοῖς
571 1585 679 1620 τισι
709 1565 802 1620 καὶ
834 1565 1000 1627 θείοις
1053 1569 1333 1639 χρησμοῖς
1363 1569 1472 1621 τῶν
1502 1585 1612 1620 τισι
1657 1563 1900 1639 δοκίμων

247 1651 428 1708 ἐκεῖσε
483 1651 815 1729 ἆποῤῥητως
872 1651 944 1708 δι’
996 1652 1396 1728 ἀποκαλύψεως
1454 1651 1741 1725 ἐκδοθεῖσί,
1793 1655 1900 1730 πρὸ

245 1745 349 1796 τοῦ
380 1739 654 1816 πολέμου,
685 1739 853 1817 λόγος
899 1740 1016 1817 ἔχει
1068 1745 1459 1818 μετανασθῆναι
1507 1749 1611 1814 τῆς
1657 1743 1898 1816 πόλεως,

245 1829 345 1932 καί
403 1851 508 1932 τινι
567 1827 729 1886 πόλει
785 1837 1098 1932 προσοικεῖν
1162 1830 1569 1899 κελευσθῆναι·
1625 1831 1776 1888 Πὲλα
1817 1833 1896 1932 ιῆν
1932 1865 1979 1932 Β

247 1921 394 1994 αὐτῇ
445 1917 619 1994 ὄνομα
649 1938 665 1952 ⁹
721 1923 795 1982 ὠς
826 1919 886 1977 ἅν
933 1943 996 1999 γε
1039 1924 1344 1979 παντάπασι
1389 1927 1496 1979 τῶν
1548 1923 1704 1979 θείων
1755 1922 1901 1978 ἐκλεο

249 2009 532 2066 λοιπότων
582 2007 817 2086 ἀνδρῶν,
867 2012 1040 2082 αὐτὴν
1089 2013 1162 2076 ὡς
1210 2014 1303 2068 οἷα
1349 2011 1610 2086 καθέδραν
1651 2013 1744 2068 καὶ
1789 2036 1899 2087 μηο

247 2097 518 2174 τρόπολιν
563 2099 826 2176 ἀρχικήν,
871 2100 962 2156 καὶ
1001 2102 1100 2170 τήν
1147 2101 1350 2173 ταύτης
1398 2103 1712 2178 περίχωρον
1764 2103 1899 2159 Ἰου-

249 2185 426 2259 δαίαν,
459 2189 534 2251 ὥς
579 2187 810 2245 πλεῖστα
863 2187 928 2261 δὴ
979 2191 1116 2246 κατὰ
1157 2195 1402 2266 Χριστοῦ
1447 2191 1539 2248 καὶ
1585 2197 1693 2248 τῶν
1744 2191 1901 2248 θείων

247 2277 419 2333 αὐτοῦ
467 2282 743 2356 φοιτητῶν
791 2279 930 2334 κακᾶ
989 2277 1492 2356 διαπεπραγμένην,
1537 2282 1572 2350 ἡ
1621 2284 1720 2336 τοῦ
1761 2285 1900 2336 Θεοῦ

252 2363 512 2440 μετέλθοι
571 2364 720 2438 δίκη,
757 2365 853 2422 ’ίνα
907 2389 971 2444 γε
1023 2369 1252 2442 πάμπαν
1296 2370 1332 2440 ἡ
1380 2369 1534 2446 γενεᾶ
1581 2369 1797 2426 ἐκείνων
1847 2370 1899 2441 ἐξ

246 2456 553 2532 ἀνθρώπων
614 2457 953 2535 ἀφανισθείη.
1009 2460 1123 2514 Ἐκ’
1178 2455 1272 2530 ἔτη
1332 2459 1426 2534 μὶν
1497 2460 1588 2516 οὖν
1641 2461 1900 2536 τεσσαρά-

246 2566 415 2602 κοντα
467 2547 600 2620 μετὰ
647 2548 748 2618 τὴν
801 2548 876 2610 εἰς
933 2547 1192 2625 οὐρανοὺς
1238 2545 1432 2605 ἄνοδον
1483 2553 1580 2605 τοῦ
1635 2557 1900 2625 Σωτῆρος

245 2634 536 2709 ἀπείρατοι
589 2634 1045 2712 διαμεμενήκασι,
1093 2643 1191 2694 τοῦ
1248 2643 1384 2694 Θεοῦ
1445 2640 1726 2714 μετανοίας
1779 2661 1899 2696 και-

249 2728 346 2800 ρὸν
384 2725 772 2802 ὑπανοίγυντος
823 2723 883 2782 ἔκ
919 2748 978 2784 τε
1019 2734 1121 2798 τῆς
1169 2723 1454 2802 διατριϐῆς
1501 2730 1592 2784 καὶ
1641 2727 1898 2785 διδασκα-

253 2812 404 2884 λίας,
453 2815 590 2890 πρὸς
647 2813 705 2870 δὲ
757 2817 846 2872 καὶ
906 2813 1213 2890 παραδόξου
1270 2817 1524 2893 ἐργασίας
1575 2823 1684 2874 τῶν
1741 2819 1898 2895 ἱερῶν

251 2902 595 2962 ἀποστόλων.
656 2905 746 2968 Ὠς
806 2904 852 2961 δ’
909 2906 1242 2982 ἐπιστροφῆς
1299 2908 1500 2978 ἥκιστα
1575 2910 1751 2984 εἶχον,
1809 2912 1900 2965 οἷα

250 2991 322 3064 δή
399 3014 542 3058 τινος
615 2991 808 3069 ἕρκους
885 2995 1286 3072 ἀφαιρεθέντος,
1346 2997 1426 3076 ἐφ’
1503 2998 1724 3062 ἑαυτοὺς
1801 2999 1900 3068 τὴν

249 3083 522 3153 θεήλατον
593 3083 987 3160 πανωλεθρίαν,
1065 3089 1198 3140 Θεοῦ
1270 3087 1339 3141 τὰ
1423 3087 1608 3144 εἰκότα
1688 3086 1898 3165 κρίνον-

246 3192 370 3244 τος,
431 3171 812 3232 ἐπεσπάσαντο.
875 3175 1007 3244 Ἔτη
1071 3175 1167 3248 μὲν
1221 3175 1323 3251 γὰρ
1381 3176 1569 3232 ἑκατὸν
1635 3177 1738 3233 ὑπὸ
1793 3177 1898 3234 ἆλ-

249 3260 518 3341 λοφύλων
564 3261 822 3320 Ἰουδαῖοι
868 3266 1214 3340 κατήρχοντο
1247 3285 1262 3299 ⁶
1294 3263 1550 3341 Ἡρώδης
1602 3269 1696 3342 μὶν
1732 3269 1832 3344 γὰρ
1865 3269 1894 3323 6

253 3355 478 3428 πρῶτος
506 3372 531 3414 ς
579 3347 670 3424 ἔτη
726 3357 772 3424 ζ’
804 3354 938 3428 πρὸς
967 3353 1018 3410 λ’
1061 3355 1212 3428 ἦρξε,
1247 3357 1361 3426 μεθ’
1413 3357 1471 3410 ὃν
1521 3357 1824 3432 ’Δρχέλαος
1871 3359 1898 3412 6

253 3441 380 3503 υἱὸς
430 3439 594 3497 αὐτοῦ
644 3441 738 3514 ἔτη
790 3441 937 3498 ἐννέα
967 3461 981 3478 ⁸
1029 3443 1211 3517 τούτῳ
1259 3441 1316 3500 δὲ
1361 3445 1390 3500 6
1437 3443 1670 3522 ἀδελφὸς
1735 3446 1902 3502 αὐτοῦ

253 3526 518 3604 Ἡρώδης
549 3527 809 3606 διάδοχος
841 3531 1048 3608 γίνεται
1081 3551 1096 3568 ο
1137 3533 1197 3594 ’ὀς
1229 3529 1295 3603 δὴ
1329 3531 1418 3588 καὶ
1447 3535 1539 3588 τὸν
1591 3537 1898 3606 Βαπτιστῆν

253 3617 398 3695 ξίφει
447 3617 648 3690 ἀνεῖλε,
695 3617 924 3696 τέσσαρα
969 3620 1109 3694 πρὸς
1158 3625 1276 3684 τοῖς
1322 3618 1522 3676 ε’ίκοσιν
1567 3617 1660 3694 ἔτη
1721 3620 1901 3700 διαγε-

255 3707 458 3784 γονώς.
510 3707 659 3763 Μετὰ
701 3713 892 3764 τοῦτον
939 3708 1256 3786 ’Δγρίπτας,
1299 3711 1327 3765 ὁ
1376 3711 1466 3765 καὶ
1514 3709 1766 3786 Ἡρώδης
1813 3733 1902 3769 κα-

253 3794 552 3870 λούμενος,
582 3796 611 3851 6
660 3797 751 3852 τὸν
800 3793 1057 3856 Ἰάκωϐον
1108 3797 1312 3854 ἀνελὼν
1365 3801 1634 3878 μαχαίρᾳ,
1683 3796 1777 3872 ἔτη
1831 3805 1898 3872 ζ’.

253 3886 466 3940 Τοῦτον
496 3881 552 3939 δὶ
582 3885 610 3940 6
643 3886 759 3948 υἱὸς
790 3885 954 3941 αὐτοῦ
1003 3884 1334 3963 διαδέχεται.
1369 3878 1673 3966 Ἀγρίππας
1705 3887 1762 3946 δὲ
1810 3891 1900 3946 καὶ

253 3973 422 4034 οὗτος
469 3973 753 4048 ὦνόμαστο
801 3976 829 4030 ὀ
875 3977 1162 4051 νεώτερος,
1209 3976 1293 4052 ἐφ’
1332 3975 1392 4032 οὗ
1444 3977 1665 4042 Παῦλος
1694 3978 1906 4056 παῤῥη-

255 4061 351 4134 σίᾳ
393 4062 682 4138 ἐχρήσατο.
721 4062 907 4120 Ε’ίκοσι
957 4063 1015 4121 δὲ
1061 4067 1197 4140 πρὸς
1242 4067 1418 4144 τρισὶν
1463 4065 1555 4140 ἔτη
1604 4067 1903 4132 τετελεκὼς

256 4149 600 4228 διαγέγονεν,
629 4149 734 4216 ἕως
784 4152 848 4209 οὗ
879 4155 976 4224 τήν
1023 4154 1261 4225 παντελῆ
1313 4155 1690 4233 πανωλεθρίαν
1739 4152 1902 4234 ἔσχον

251 4240 636 4316 Ἰεροσόλυμα.

2011 583 2346 640 denuntiata
2395 583 2604 653 fuerat,
2660 582 2901 640 eversio.
2962 583 3094 639 Haec
3150 583 3384 655 quidem
3447 585 3662 643 bellum

2013 672 2951 744 prmeessisse,Josephus,scribit.
2983 673 3091 728 Sed
3127 673 3284 728 enim
3315 690 3446 729 cum
3479 674 3664 731 Judaei

2013 767 2209 834 aperte
2240 762 2517 819 Romanis
2566 761 2937 818 rebellarant.
2967 763 3114 818 Nero
3164 766 3366 818 contra
3422 779 3522 818 eos
3579 765 3670 820 ira

2013 852 2225 907 exarsit
2255 867 2268 908 :
2305 857 2362 908 et
2389 851 2806 924 Vespasianum
2841 850 3146 922 filiumque
3173 851 3300 922 ejus
3347 852 3538 908 Titum
3601 868 3668 910 ex

2011 941 2226 997 Achaia
2255 945 2312 996 et
2342 939 2506 996 Italia
2553 957 2687 996 cum
2739 941 2992 997 exercitu
3048 939 3236 996 valido
3278 944 3337 996 et
3392 941 3666 999 insolenti

2011 1028 2294 1086 adversus
2327 1028 2746 1100 Hierosolyma,
2781 1029 2940 1085 urbis
2997 1029 3124 1100 ejus
3180 1029 3480 1086 obsidione
3540 1030 3664 1087 illis

2011 1119 2306 1186 mandata,
2340 1117 2522 1174 misit.
2553 1116 2955 1190 Vespasianus
3004 1133 3174 1190 porro
3229 1133 3301 1174 ex
3347 1119 3661 1192 plerisque,

2011 1221 2158 1279 quas
2185 1223 2220 1263 a
2247 1205 2466 1264 Judrsis
2489 1205 2689 1263 retulit
2718 1205 3194 1278 victoriis,gloria
3224 1212 3410 1277 parta,
3443 1207 3662 1266 bellum

2010 1295 2069 1350 id
2105 1296 2291 1368 magis
2322 1295 2626 1367 magisque
2657 1299 3000 1368 prosecutus
3046 1298 3135 1351 est
3167 1311 3182 1351 :
3219 1299 3278 1351 et
3304 1294 3492 1352 Judaei
3545 1313 3663 1354 non

2011 1388 2242 1442 tantum
2273 1389 2476 1442 contra
2505 1385 3037 1454 Romanos,verum
3066 1385 3239 1442 etiam
3270 1389 3472 1443 contra
3499 1385 3664 1442 Chri-

2012 1477 2168 1530 stum
2199 1474 2391 1544 ipsum
2423 1489 2585 1530 arma
2615 1477 3006 1545 sumpserant.
3039 1473 3109 1529 Et
3149 1489 3284 1529 cum
3327 1474 3664 1530 innumeras

2011 1563 2292 1620 Romanis
2323 1564 2697 1620 tetenderunt
2726 1562 2991 1630 insidias,
3027 1571 3149 1618 tum
3190 1563 3660 1620 Christianorum

2010 1652 2267 1708 caedibus
2297 1657 2432 1708 sunt
2453 1651 2650 1708 laetati.
2702 1652 2761 1708 Id
2813 1653 2967 1723 quod
3015 1654 3156 1707 satis
3213 1652 3488 1708 indicavit
3538 1653 3664 1710 Ste-

2009 1740 2240 1812 phanus
2271 1740 2413 1812 ipse,
2455 1739 2711 1796 Zebedaai
2744 1739 2902 1796 ﬁlius
2947 1740 3216 1809 Iacobus,
3247 1741 3416 1812 eique
3457 1758 3666 1812 cogno-

2009 1831 2188 1889 minis
2217 1832 2404 1904 ipsius
2438 1832 2663 1890 Domini
2693 1833 3102 1904 consobrinus,
3133 1836 3307 1905 atque
3335 1833 3435 1888 alii
3483 1849 3662 1906 quam

2011 1923 2273 1997 plurimi.
2297 1925 2470 1996 Siqui
2500 1940 2634 1982 vero
2683 1925 2876 1982 adhuc
2915 1929 3081 1982 erant
3127 1925 3356 1998 reliqui,
3391 1941 3666 1998 persecu-

2010 2013 2169 2070 tione
2197 2029 2400 2071 eorum
2429 2014 2636 2070 Judea
2677 2019 2816 2071 sunt
2860 2014 3108 2086 expulsi.
3143 2015 3294 2083 Quin
3351 2015 3470 2072 imo
3499 2014 3664 2087 plebs

2011 2103 2548 2176 Hierosolymitanse
2587 2102 2855 2160 Ecclesia:
2915 2104 3204 2172 universa,
3246 2105 3475 2162 arcanis
3531 2105 3664 2176 qui-

2009 2191 2258 2249 busdam
2282 2200 2335 2248 et
2365 2190 2578 2248 divinis
2619 2192 2938 2264 responsis,
2969 2208 3100 2263 quae
3130 2194 3394 2264 probatis
3424 2194 3666 2264 quibus-

2010 2285 2146 2340 dam
2177 2285 2258 2341 ibi
2289 2283 2424 2341 viris
2478 2301 2577 2355 per
2631 2291 2910 2341 secretam
2966 2284 3379 2341 revelationem
3439 2284 3664 2340 reddita

2011 2379 2170 2444 sunt,
2203 2373 2882 2447 admonita,anteipsum
2898 2373 3111 2431 bellum
3140 2375 3372 2432 civitate
3393 2375 3664 2432 excessit:

2009 2469 2066 2522 et
2094 2463 2152 2520 in
2184 2463 2468 2536 oppidum
2498 2464 2788 2536 quoddam
2821 2463 2914 2519 cui
2945 2461 3106 2521 Pella
3152 2480 3362 2521 nomen
3393 2471 3536 2533 erat,
3578 2464 3662 2520 ita

2011 2557 2074 2608 ut
2094 2553 2264 2624 jussa
2293 2552 2498 2620 fuerat,
2531 2552 2930 2624 commigravit
2965 2570 2978 2608 :
3013 2557 3079 2608 ut
3108 2553 3330 2610 scilicet
3367 2571 3400 2610 a
3431 2555 3544 2628 piis
3575 2553 3658 2610 di-

2009 2641 2277 2713 vinisque
2305 2640 2450 2697 viris
2487 2639 2761 2697 omnibus
2819 2640 3094 2698 derelicta
3145 2641 3274 2714 ipsa
3331 2641 3661 2716 Hierosoly-

2015 2745 2240 2786 morum
2272 2729 2816 2802 civitats.tanquam
2855 2730 3131 2787 cathedra
3159 2733 3217 2786 et
3245 2729 3525 2802 primaria
3547 2747 3664 2788 me-

2014 2819 2276 2892 tropolis,
2311 2818 2680 2890 ﬂnitimaque
2709 2819 2761 2875 el
2789 2816 3010 2886 Judsea,
3043 2820 3196 2891 quod
3231 2823 3430 2876 contra
3484 2820 3662 2878 Chri-

2011 2913 2168 2965 stum
2193 2908 2534 2980 divinosque
2554 2907 2682 2978 ejus
2709 2907 3004 2980 apostolos
3025 2908 3180 2965 mala
3209 2925 3388 2982 quam
3409 2911 3660 2982 plurima

2011 3001 2463 3072 perpetrassent,
2496 2997 2752 3053 divinam
2795 2998 3124 3069 exciperent
3152 2998 3488 3060 vindictam,
3522 2999 3660 3055 uni-

2007 3103 2291 3161 versaque
2311 3101 2512 3144 eorum
2540 3085 2698 3143 natio
2727 3101 2798 3143 ex
2837 3085 3140 3144 hominum
3185 3103 3431 3145 numero
3488 3089 3660 3145 tolle-

2009 3181 2188 3236 retur.
2221 3176 2405 3234 Annis
2445 3175 2549 3233 sed
2570 3175 2724 3233 enim
2755 3176 3144 3249 quadraginta
3181 3181 3310 3248 post
3355 3179 3656 3236 ascensio.-

2009 3283 2144 3324 nem
2193 3266 2508 3324 Servatoris
2567 3265 2624 3320 in
2677 3264 2852 3323 caelos
2902 3265 3217 3339 (t),Judasi
3255 3271 3453 3339 aperto
3505 3267 3657 3324 bello

2010 3357 2326 3430 oppugnati
2358 3373 2473 3414 non
2506 3358 2648 3413 sunt
2681 3370 2697 3411 :
2729 3357 2884 3428 quod
2913 3361 3070 3413 Deus
3127 3355 3257 3422 illis:
3299 3357 3654 3428 poenitentiae

2008 3453 2242 3520 tempus
2272 3447 2572 3519 praberet,
2631 3461 2843 3518 eosque
2899 3447 2969 3502 ad
3025 3445 3480 3518 resipiscendum
3513 3447 3658 3516 vita,

2011 3536 2276 3594 doctrina
2322 3536 2472 3592 221
2534 3534 3013 3606 admirandisque
3067 3535 3338 3606 operibus
3393 3537 3656 3592 divorum

2013 3625 2409 3698 apostolorum
2469 3623 2759 3694 invitaret.
2807 3623 2951 3681 Cum
3007 3627 3202 3680 autem
3271 3623 3515 3680 minime
3597 3631 3664 3682 ut

2013 3716 2485 3772 converterentur
2535 3719 2818 3780 curarent,
2869 3720 3146 3784 tanquam
3204 3711 3459 3770 claustro
3507 3729 3659 3786 quo-

2012 3803 2170 3877 piam
2208 3806 2267 3860 et
2307 3801 2472 3859 obice
2500 3799 2756 3870 sublato,
2789 3801 3069 3858 divinitus
3123 3801 3493 3872 ingruentem
3543 3801 3656 3859 sibi

2013 3890 2926 3962 internecionem,justojudicio
2969 3890 3094 3960 Dei,
3126 3891 3185 3946 in
3244 3891 3470 3963 seipsos
3527 3908 3660 3964 per-

2012 3987 2330 4042 traxerunt.
2353 3980 2660 4038 Enimvero
2689 3995 2873 4036 annos
2911 3983 3145 4036 centum
3176 3980 3286 4036 sub
3317 3980 3664 4052 alienigenis

2015 4073 2250 4130 fuerunt
2279 4061 2532 4142 regibus.
2565 4068 2820 4126 Herodes
2851 4067 3008 4125 enim
3040 4067 3270 4143 primus
3323 4070 3494 4126 annis
3551 4070 3662 4127 tri—

2013 4160 2174 4233 ginta
2229 4166 2449 4232 septem
2495 4174 2700 4216 eorum
2758 4173 3002 4232 regnum
3061 4159 3266 4221 tenuit,
3320 4163 3451 4231 post
3505 4159 3663 4217 hunc

2013 4247 2335 4308 Archelaus
2367 4248 2526 4306 illius
2555 4248 2685 4322 ejus
2707 4263 2891 4304 annos
2921 4262 3130 4306 novem
3165 4263 3179 4306 :
3213 4247 3308 4305 cui
3332 4247 3504 4306 frater
3534 4249 3662 4320 ejus

259 4331 520 4388 Herodes
569 4333 646 4405 (2)
700 4335 1042 4404 succedens,
1091 4335 1145 4392 is
1191 4335 1292 4409 qui
1347 4337 1669 4410 Baptistam
1725 4337 1924 4412 gladio
1971 4337 2235 4406 sustulit,
2299 4337 2508 4410 viginti
2575 4341 2821 4410 quatuor
2867 4353 3054 4394 annos
3111 4339 3390 4410 regnavit.
3442 4337 3664 4395 Deinde

254 4419 534 4493 Agrippa,
559 4421 659 4495 qui
691 4427 748 4480 et
778 4425 1028 4482 Herodes
1057 4425 1128 4498 (3)
1160 4426 1498 4486 nominatus
1536 4433 1646 4498 est,
1678 4433 1738 4486 et
1789 4429 2077 4486 Jacobum
2133 4427 2446 4495 interemit,
2491 4443 2675 4484 annos
2722 4430 2992 4498 septem:
3061 4430 3237 4499 atque
3288 4427 3468 4498 hujus
3521 4443 3666 4484 suc—

254 4525 459 4568 cessor
488 4509 644 4567 illius
670 4511 800 4583 ejus
827 4512 939 4568 fuit
970 4515 1224 4587 Agrippa
1252 4519 1310 4572 et
1365 4517 1739 4590 ipse,junior
1787 4517 2034 4590 scilicet,
2075 4517 2443 4590 appellatus:
2495 4516 2650 4589 apud
2699 4531 2874 4588 quem
2931 4514 3110 4572 libere
3167 4532 3270 4588 pro
3329 4531 3392 4572 se
3444 4515 3662 4573 Paulus

251 4615 500 4660 causam
542 4601 708 4658 dixit.
737 4602 960 4676 Viginti
991 4611 1186 4662 autem
1207 4614 1262 4664 et
1288 4611 1408 4666 tres
1446 4625 1634 4666 annos
1662 4609 1715 4666 is
1744 4605 1990 4682 regnum
2023 4606 2478 4677 administravit,
2509 4607 2700 4678 quoad
2727 4622 2912 4678 usque
2935 4605 3234 4664 occidione
3272 4603 3669 4677 Hierosolyma

255 4707 506 4766 prorsus
535 4691 827 4750 interiere.

894 4803 1156 4857 ΚΕΦΑΛ.
1199 4801 1276 4858 Δ’.

252 4885 402 4970 ’Ότι
441 4883 549 4970 κιαὶ
598 4885 725 4970 πρὸ
760 4891 1010 4970 καςιροῦ,
1049 4893 1296 4962 σημεῖα
1341 4891 1570 4970 θεόθεν
1621 4891 1905 4970 μέγιστα

330 4956 496 5041 ἑπτα
547 4955 1216 5041 τὰ’καταληψόμενάι
1271 4961 1444 5034 πάθη
1502 4955 1632 5032 τῆν’
1669 4955 1902 5041 Ἰερου-

330 5026 500 5099 σαλή
521 5049 562 5103 μ
596 5031 848 5104 προεσή
875 5026 1132 5105 μαινον.

333 5135 434 5191 Καὶ
465 5132 759 5212 παράδοξοι
791 5133 848 5192 δὲ
878 5139 1197 5213 θεεσημεῖαι
1226 5139 1289 5196 τὸ
1325 5138 1532 5215 μὲλλον
1580 5140 1707 5197 ὅσον
1749 5141 1907 5198 οὔπω

255 5218 576 5298 συμϐαίνειν
635 5224 960 5304 τεκμηρίοις
1017 5227 1084 5300 δή
1139 5249 1278 5286 τισιν
1332 5227 1623 5304 ἀριδήλοις
1677 5226 1909 5308 ὑπέφαι-

329 5387 412 5461 (1)
443 5387 824 5468 Beguum__ab
853 5393 1135 5468 rAntonio
1190 5393 1402 5468 Herodi
1456 5397 1688 5468 datum,
1726 5397 1908 5454 victor

255 5461 555 5536 Augustus
587 5461 784 5536 auxit:
812 5467 871 5519 et
909 5469 1143 5536 gentem
1179 5465 1510 5524 Judasorum
1569 5461 1905 5534 coercitam.

463 5531 710 5618 ξος-θῶς
745 5529 1188 5618 .quad'ripartito
1255 5553 1473 5618 rexere.
1503 5539 1626 5596 Sub
1661 5529 1908 5618 Tiberio

253 5601 526 5730 spissat}.
557 5601 804 5662 Gaasaris'
827 5601 1237 5690 mors-motum
1282 5610 1590 5694 Judaicum
1645 5611 1902 5668 diremit.

324 5675 538 5730 audiui
566 5675 856 5730 defunctis
885 5679 1146 5730 rembus.
1176 5683 1278 5730 aut
1316 5681 1389 5730 ad
1409 5681 1705 5730 modicum
1737 5684 1902 5730 rada-

302 5673 538 5758 [θηρίῳ
566 5675 870 5758 defunctis_
885 5679 1146 5758 regibus,
1176 5681 1389 5758 autuad
1409 5681 1707 5758 mgdioum
1737 5684 1908 5741 reda-

251 5745 363 5806 ctis
397 5744 662 5806 Iudaeam
712 5744 1072 5821 provinciam
1125 5744 1425 5824 equilibus
1464 5753 1746 5814 Romanis
1803 5759 1909 5814 aut

1937 4809 1984 4874 D

2655 4803 2893 4862 CAPUT
2913 4803 3006 4862 IV.

2022 4895 2084 4952 Ut
2123 4899 2250 4950 ante
2308 4895 2513 4950 bellum
2566 4893 2866 4952 Iudaicum
2913 4895 3168 4950 maxima
3221 4901 3423 4965 septem
3474 4892 3666 4965 prodi-

2086 4966 2480 5094 gia‘divinitus
2527 4966 2738 5023 cladem
2780 4964 3337 5037 Hierosolymitanam
3379 4964 3671 5038 portende-

2092 5055 2182 5094 rm
2216 5079 2230 5094 .

2093 5148 2380 5205 Caterum
2412 5147 2582 5219 signa
2612 5145 2860 5202 miriﬁca
2889 5145 3106 5218 apertis
3137 5143 3491 5216 quibusdam
3523 5141 3676 5200 indi-

2021 5234 2130 5294 ciis
2159 5235 2382 5294 cladem
2407 5235 2658 5307 jamjam
2716 5233 3118 5293 advenientem
3169 5231 3576 5304 pradicebant,
3610 5239 3673 5289 ut

2019 5399 2246 5456 libertis
2277 5399 2562 5470 permisit.
2595 5399 2834 5456 Duravit
2891 5405 3085 5457 tamen
3127 5401 3407 5471 patientia
3451 5401 3672 5459 Judmis

2021 5485 2212 5556 usque
2256 5471 2916 5556 ad‘CestiumhFl‘orum
2957 5479 3388 5544 procuratorem
3423 5491 3436 5532 :
3468 5475 3579 5532 sub
3604 5489 3671 5532 eo

2020 5541 2244 5598 bellum
2275 5546 2490 5598 ortum.
2522 5543 2712 5600 Tacit.
2736 5541 2838 5600 lib.
2865 5541 2982 5599 xxi.

2094 5613 2174 5686 ei
2205 5613 2477 5686 Anapus.

2094 5613 2151 5686 (2
2212 5613 2458 5685 Antipas

2093 5613 2174 5758 (3i
2203 5683 2458 5742 Priscus.
