4032 6282
466 336 589 400 899

1746 334 2174 400 NICEPHORI
2217 334 2590 400 CALLISTI.

3748 338 3855 402 900

468 474 646 530 etiam
669 471 959 545 Josephus
987 471 1115 544 ipse
1150 469 1211 526 in
1240 486 1296 526 v1
1331 470 1710 528 Historiarum
1738 471 1887 527 libro
1917 475 2094 528 osten-

2219 490 2333 540 νον,
2366 469 2441 531 ὡς
2489 468 2580 523 καὶ
2627 468 2794 531 αὐτὸς
2840 467 3111 539 Ἰώσηπος
3160 465 3213 522 ἐν
3260 471 3333 544 τῇ
3383 466 3511 543 ἕκτῃ
3558 472 3665 523 τῶν
3715 475 3851 547 Συγ-

472 563 575 621 dlt.
611 587 641 615 «
673 562 1058 620 Miserandam
1097 562 1281 634 igitur
1319 560 1569 632 plebem,
1600 561 1814 633 inquit,
1845 562 2117 618 seducto-

472 669 565 708 res
596 653 679 709 illi
711 670 744 708 a
772 652 885 709 Dec
914 652 1087 724 longe
1118 651 1475 719 aberrantes,
1505 653 1630 707 tum
1669 651 1971 707 suadendo
2014 651 2113 707 de-

469 742 783 815 cipiebant,
815 742 1104 814 certisque
1134 744 1192 798 et
1219 740 1392 799 claris
1422 740 1655 797 indiciis
1691 741 2113 797 desolationem

469 836 527 887 et
547 831 834 887 vastitiem
865 832 1127 888 futuram
1158 834 1358 901 aperte
1386 829 1807 898 indicantibus,
1842 847 1947 885 nec
1977 831 2112 886 ani-

469 936 630 977 mum
651 921 1027 987 adhibebant,
1061 936 1168 977 nec
1224 919 1397 975 fidem
1454 919 1916 976 habebant:sed
1977 925 2113 975 tan-

465 1027 641 1085 quam
675 1010 914 1068 fulmine
943 1010 1123 1068 afﬂati
1152 1013 1327 1082 atque
1356 1009 1735 1077 consternati,
1767 1009 1865 1080 qui
1921 1025 2110 1081 neque

463 1099 685 1166 oculos,
718 1116 909 1173 neque
939 1104 1195 1158 mentem
1236 1099 1542 1167 haberent,
1574 1099 1977 1170 pradictiones
2007 1100 2108 1156 Dei

461 1189 916 1247 contemnebant
942 1190 1043 1263 (1).
1070 1208 1096 1241 ν
1122 1189 1233 1246 Sed
1266 1204 1534 1261 quamam
1573 1188 1811 1244 tandem
1842 1205 1907 1245 ea
1950 1190 2109 1246 fuere

458 1280 625 1355 signa
652 1279 772 1353 (2)?
794 1279 971 1336 Stella
997 1277 1269 1351 equidem
1301 1276 1529 1349 crinita,
1546 1276 1736 1348 gladio
1767 1277 2106 1350 persimilis,

460 1386 613 1427 anno
640 1372 761 1426 toto
791 1385 971 1442 supra
986 1369 1192 1424 urbem
1216 1367 1411 1424 lucere
1440 1366 1569 1422 visa
1597 1371 1704 1423 est.
1738 1367 1839 1422 Die
1871 1373 2110 1440 Azymo-

457 1474 586 1516 rum
629 1460 908 1531 quodam.
942 1457 1151 1529 Aprilis
1209 1456 1429 1513 mensis
1487 1471 1660 1523 nono,
1692 1455 1835 1512 hora
1881 1472 2107 1528 quoque

455 1549 643 1607 noctis
675 1547 1013 1616 nona,lucis
1027 1547 1303 1619 splendor
1331 1562 1484 1603 aram
1514 1550 1571 1602 et
1603 1544 1882 1618 templum
1913 1547 2106 1616 ipsum

452 1638 536 1695 ita
563 1638 901 1708 illustravit,
933 1641 997 1693 ut
1030 1637 1151 1693 dies
1180 1636 1336 1692 clara
1383 1651 1513 1691 esse
1572 1635 1899 1691 videretur:
1932 1638 2107 1707 atque

451 1729 505 1786 is
544 1728 815 1803 splendor
874 1728 948 1783 ad
1002 1726 1307 1781 dimidiam
1367 1723 1597 1780 duravit
1656 1724 1879 1781 horam.
1910 1724 2101 1780 Tertio

2224 561 2489 637 γραφῶν
2536 558 2761 632 ἱστορεῖ.
2796 580 2824 609 ‹‹
2854 558 2955 612 Τὸν
2992 561 3124 633 γοῦν
3155 554 3371 627 ἄθλιον,
3399 557 3559 638 φησῖ,
3590 555 3765 629 δῆμον
3804 562 3848 614 οἱ

2226 647 2319 719 μὶν
2366 647 2671 708 ἀπατεῶνες
2713 647 2803 701 καὶ
2857 643 3183 720 ψευδόμενοι
3231 651 3328 702 τοῦ
3388 652 3523 703 Θεοῦ
3573 653 3848 718 τηνικτῦτα

2220 737 2548 812 παρέπειθον
2581 754 2594 767 ⁸
2626 741 2743 797 τοῖς
2775 734 2822 790 δ’
2866 738 3114 813 ἐναργέσι
3145 736 3237 792 καὶ
3284 738 3729 811 προσημαίνουσι
3758 740 3845 807 τήν

2224 825 2531 899 μέλλουσαν
2577 823 2788 880 ἔσεσθαι
2837 826 3071 900 ἐρημίαν
3122 826 3185 880 ού
3235 830 3554 900 προσεῖχον,
3601 824 3712 882 οὔτ’
3757 826 3847 880 ἐπί-

2218 935 2404 970 στευον
2440 933 2454 947 ·
2489 911 2618 969 ἀλλ⁹
2648 915 2723 977 ὡς
2766 909 3294 989 ἐμϐεϐροντημένοι,
3328 916 3417 969 καὶ
3451 917 3595 988 μήτε
3642 912 3847 989 ὄμματα

2221 1006 2359 1077 μήτε
2410 1006 2595 1079 ψυχήν
2655 1001 2898 1079 ἔχοντες,
2950 1009 3057 1060 τῶν
3113 1009 3212 1061 τοῦ
3288 1008 3421 1060 Θεοῦ
3490 1006 3843 1082 κηρυγμάτων

2216 1095 2552 1166 παρήκουον.
2588 1116 2618 1146 ››
2666 1093 2795 1149 Τίνα
2842 1091 2902 1148 δὲ
2949 1094 3016 1149 τὰ
3061 1099 3302 1168 σημεῖα;
3353 1096 3562 1169 Ἀστὴρ
3610 1095 3703 1169 μὶν
3756 1098 3846 1171 γὰρ

2211 1185 2466 1257 κομήτης
2524 1182 2773 1257 ῥομφάίᾳ
2826 1183 3211 1261 παραπλησίος
3266 1183 3346 1239 ἐπ’
3404 1183 3649 1240 ἐνιαυτὸν
3728 1186 3844 1260 ὑπὲρ

2210 1279 2310 1343 τῆς
2342 1272 2561 1336 πόλεως
2594 1270 2829 1347 λάμπων
2862 1274 3070 1351 ἑωρᾶτο
3104 1295 3119 1308 ⁸
3150 1273 3207 1331 ἐν
3238 1271 3295 1329 δὲ
3342 1278 3411 1341 τῇ
3439 1280 3551 1331 τῶν
3600 1275 3843 1350 Ἀζύμων

2211 1363 2393 1437 ἡμέρα
2420 1359 2613 1437 ἐννάτῃ
2646 1364 2918 1419 Ξανθικοῦ
2964 1365 3134 1436 μηνὸς
3167 1362 3221 1419 ἐν
3270 1362 3388 1438 ὥρᾳ
3428 1365 3622 1428 νυκτὸς
3673 1363 3843 1440 ἐνάτῃ,

2210 1448 2378 1521 αἶ’σλη
2413 1452 2593 1528 φωτὸς
2641 1452 2733 1507 τόν
2761 1473 2819 1507 τε
2868 1453 3061 1527 βωμὸν
3104 1453 3195 1508 καὶ
3243 1454 3335 1509 τὸν
3365 1455 3498 1509 νεὼν
3547 1455 3840 1530 περιέσχεν,

2210 1540 2286 1605 ὡς
2318 1540 2493 1596 δοκεῖν
2544 1540 2754 1617 ἡμέραν
2807 1541 3011 1621 φαίνειν
3060 1541 3318 1619 λαμπράν
3350 1562 3364 1576 ·
3413 1544 3506 1599 καὶ
3557 1545 3634 1605 εἰς
3682 1545 3841 1619 ἥμισυ

2210 1629 2354 1704 ὥρας
2388 1628 2644 1704 διέμεινε,
2675 1630 2866 1703 Τρίτον
2920 1635 2956 1702 ἠ
3000 1632 3136 1709 πρὸς
3165 1629 3241 1688 ἕω
3288 1632 3439 1705 πύλη
3488 1641 3590 1704 τῆς
3639 1635 3843 1698 πόλεως

2210 1719 2424 1794 χαλκοῦ
2472 1721 2841 1794 πεποιημένη,
2897 1725 2976 1793 τῷ
3015 1715 3256 1797 στιϐαρῷ
3302 1727 3399 1779 τοῦ
3449 1720 3703 1798 μεγέθους
3746 1725 3839 1796 μό-

454 1824 622 1893 pcrta
643 1819 802 1876 urbis
848 1818 920 1873 ad
972 1816 1251 1874 orientem
1324 1818 1616 1887 spectans,
1646 1829 1715 1871 ex
1757 1815 1944 1871 sclidc
1990 1832 2094 1872 aere

2209 1810 2296 1873 λις
2328 1810 2432 1864 ὑπὸ
2462 1808 2640 1866 ε’ίκοσι
2688 1815 2823 1866 κατα
2854 1810 3042 1882 δείλην
3095 1811 3582 1886 περικεκλεισμένη
3616 1811 3839 1889 ἀνδρῶν,

454 1910 623 1976 facta,
683 1923 812 1979 qua
870 1910 1100 1979 propter
1154 1905 1426 1977 ponderis
1493 1904 1946 1976 magnitudinem
2005 1904 2100 1960 vix

453 1997 610 2053 circa
640 1995 1045 2070 crepusculum
1078 2011 1111 2051 a
1139 1993 1341 2065 viginti
1383 1992 1583 2050 clausa
1603 1997 1724 2050 erat
1751 1992 1912 2061 viris,
1944 1994 2098 2051 223

454 2085 658 2143 ferreis
688 2084 925 2141 suﬂ‘ulta
952 2082 1237 2153 vectibus,
1271 2081 1692 2154 altissimisque
1724 2082 1785 2138 in
1833 2081 1956 2139 solo
1993 2082 2100 2138 ﬁr-

455 2178 613 2233 mata
632 2174 800 2248 palis,
822 2173 1049 2231 circiter
1065 2172 1267 2229 horam
1296 2171 1486 2228 noctis
1506 2175 1725 2228 sextam
1757 2188 1869 2229 sua
1892 2175 2099 2244 sponte

454 2265 574 2322 visa
602 2268 691 2321 est
722 2262 952 2336 aperiri.
972 2263 1115 2320 Ante
1148 2261 1288 2319 solis
1319 2276 1549 2333 quoque
1574 2277 1848 2318 occasum
1879 2261 1938 2317 in
1989 2278 2101 2318 nu-

452 2355 629 2412 bibus
658 2353 941 2410 sublimes
954 2367 1181 2421 currus,
1199 2356 1257 2408 et
1279 2352 1431 2408 acies
1460 2351 1780 2407 smicantes
1808 2352 2099 2422 urbesque

455 2444 789 2501 obsidentes
845 2458 1186 2517 apparuere.
1247 2440 1350 2497 Die
1405 2441 1586 2497 etiam
1636 2441 1889 2512 quodam
1947 2442 2098 2511 apud

453 2532 589 2591 illos
638 2533 801 2602 festo,
846 2531 1262 2604 Scencpegiam
1318 2534 1545 2597 vocant,
1579 2546 1713 2586 cum
1772 2530 2100 2587 sacerdotes

455 2626 630 2680 noctu
677 2637 839 2679 more
892 2638 999 2678 suc
1059 2622 1132 2678 ad
1189 2636 1418 2677 sacrum
1477 2620 1866 2676 ministerium
1925 2636 2098 2677 suum

458 2715 787 2771 obeundum
828 2712 1001 2782 irent,
1057 2713 1345 2784 fragorem
1397 2716 1456 2769 et
1502 2719 1721 2769 motum
1782 2712 2096 2783 quemdam

459 2804 730 2874 sensisse,
757 2819 823 2860 ac
852 2802 1124 2875 deinceps
1151 2818 1350 2859 vocem
1376 2802 1671 2872 ingentem
1713 2800 1946 2858 audisse
1976 2806 2096 2856 tra-

456 2897 694 2965 duntur,
746 2911 872 2967 qua
908 2894 1280 2966 migrandum
1341 2893 1478 2948 inde
1533 2908 1661 2948 esse
1708 2892 2096 2948 denuntiaret.

442 2987 660 3051 Quarto
685 2987 819 3039 ante
839 2981 1056 3038 bellum
1082 2999 1232 3037 anno
1247 2981 1338 3038 vir
1366 2981 1604 3052 quidam
1638 2980 1876 3037 nomine
1904 2981 2096 3051 Jesus,

438 3072 684 3144 agrestis
715 3071 1031 3127 admodum
1077 3070 1379 3127 etinﬁmas
1437 3070 1618 3125 sortis
1682 3068 1922 3125 homine
1980 3070 2097 3140 (cui

2205 1895 2455 1974 σιδηροῖς
2516 1901 2611 1973 μὲν
2670 1898 3052 1975 ἐπερειδομένη
3120 1901 3367 1976 μοχλοῖς
3423 1902 3752 1977 βαθυτάτους
3798 1900 3837 1957 δ’

2206 1984 2410 2062 ἔχουσα
2450 1996 2778 2066 παταπῆγας
2820 1990 2896 2054 εἷς
2945 1990 3036 2047 τὸν
3088 1988 3275 2062 οὐδὸν,
3323 1991 3449 2067 περὶ
3488 1989 3653 2063 ἕκτην
3705 1994 3839 2067 ὥραν

2204 2079 2392 2139 νυκτὸς
2448 2077 2732 2153 αὐτομάτη
2790 2077 2950 2154 ὤφθη
3010 2080 3347 2157 ἀνεῳγμένη.
3401 2082 3514 2158 Πρὸ
3574 2079 3632 2137 δὲ
3679 2082 3834 2152 ἡλίου

2206 2163 2428 2239 δυσμῶν
2483 2169 2572 2223 καὶ
2635 2170 2882 2244 μετέωρα
2937 2170 3153 2245 ἅρματα
3199 2171 3288 2225 καὶ
3347 2168 3685 2245 στρατόπεδα
3734 2176 3834 2227 τῶν

2203 2257 2441 2333 νεφελῶν
2473 2255 2757 2329 διᾴττοντα
2802 2259 2893 2314 καὶ
2931 2258 3025 2323 τὰς
3074 2258 3265 2325 πόλεις
3309 2259 3618 2316 κυκλοῦντα
3663 2256 3833 2340 ὤφθη.

2206 2349 2352 2401 Κατὰ
2398 2343 2455 2401 δὶ
2505 2346 2630 2420 μίαν
2670 2352 2781 2404 τῶν
2829 2348 2955 2424 παρ’
3004 2347 3228 2410 ἐκείνοις
3277 2349 3501 2424 ἑορτῶν,
3549 2356 3835 2422 Σκηνοπη-

2202 2433 2325 2510 γίαν
2386 2434 2643 2491 καλοῦσιν
2713 2435 2901 2507 αὐτὴν,
2958 2435 3171 2512 νύκτωρ
3230 2438 3283 2492 οἱ
3341 2439 3503 2514 ἱερεῖς
3572 2437 3831 2507 ἐλθόντες,

2204 2522 2387 2600 ὥσπερ
2419 2526 2484 2594 ἦν
2532 2524 2651 2587 ἔθος
2697 2531 2819 2591 ταῖς
2866 2526 3256 2603 λειτουργίαις,
3299 2527 3505 2583 κτύπου
3555 2531 3724 2600 τινὸς,
3750 2530 3828 2584 καὶ

2204 2616 2468 2685 κινήσεως
2518 2614 2813 2683 αἰσθέσθαι,
2863 2612 3048 2672 ἔπειτα
3100 2614 3158 2671 δὲ
3213 2618 3303 2672 καὶ
3359 2618 3563 2692 ἀθρόας
3619 2619 3828 2673 ἀκοῦσαι

2205 2712 2393 2784 φωνῆς
2440 2705 2712 2781 λέγονται,
2757 2702 3181 2780 Μεταϐαίνωμεν
3239 2706 3497 2777 ἐντεῦθεν,
3548 2706 3825 2782 λεγούσης.

2208 2802 2250 2851 Κ
2290 2794 2305 2814 ς
2438 2795 2451 2811 .
2861 2800 2872 2817 .
2988 2800 3017 2811 ..
3174 2800 3200 2811 ..
3377 2795 3388 2813 .

2256 2816 2305 2849 αι
2355 2814 2461 2869 προ
2510 2795 2781 2870 τεσσάρων
2829 2793 2857 2850 δ
2923 2794 3058 2852 ἐτων
3107 2818 3204 2852 του
3252 2796 3507 2871 πολεμου
3556 2797 3692 2871 ἀνήρ
3736 2817 3828 2867 τις,

2205 2880 2380 2956 ὄνομα
2426 2884 2661 2953 Ἰησοῦς,
2700 2879 2958 2960 ἄγροικος
3009 2883 3100 2939 καὶ
3153 2885 3215 2939 ἐκ
3264 2882 3488 2940 ἰδιώτου
3537 2883 3826 2963 προελθὼν,

2204 2975 2441 3036 ’Ἄνανος
2470 2976 2571 3045 τὴν
2618 2973 2836 3047 κλῆσιν,
2875 2975 3090 3051 βαθείας
3137 2974 3352 3048 εἰρήνης
3405 2974 3708 3051 ἐπεχούσης
3731 2976 3818 3044 τήν

2203 3064 2386 3136 πόλιν,
2445 3063 2698 3136 ἐξαπίνης
2756 3066 2892 3120 κατᾶ
2947 3065 3010 3120 τὸ
3065 3065 3213 3141 ἱερὸν
3271 3062 3608 3140 εἰσδραμὼν,
3652 3065 3817 3135 Φωνὴ,

434 3160 623 3218 Anani
647 3176 859 3217 nomen
891 3160 1033 3232 erat)
1059 3164 1402 3231 prognatus,
1434 3175 1567 3215 cum
1626 3157 1833 3231 ingens
1883 3175 1993 3230 pax
2037 3163 2093 3214 et

2205 3150 2412 3230 ἔλεγεν,
2442 3153 2549 3209 ἀπὸ
2586 3153 2888 3224 ἀνατολῶν,
2922 3156 3074 3231 φωνὴ
3126 3154 3231 3210 ἀπὸ
3263 3152 3484 3218 δύσεως,
3535 3156 3687 3235 φωνὴ
3732 3152 3824 3209 ἀπὸ

439 3247 843 3321 tranquillitas
872 3248 933 3304 in
966 3248 1110 3303 urbe
1140 3248 1309 3313 esset,
1342 3247 1652 3317 derepente
1693 3245 1754 3301 in
1813 3244 2092 3317 templum

2206 3248 2315 3297 τῶν
2371 3243 2642 3318 τεσσάρων
2700 3242 2937 3317 ἀνέμων,
2987 3244 3141 3322 φωνῆ
3203 3243 3287 3299 ἐπὶ
3346 3244 3702 3318 Ἰεροσόλυμα
3746 3243 3825 3298 καὶ

442 3337 746 3411 ingressus
780 3352 795 3394 :
820 3354 850 3391 ι
874 3334 1021 3402 Vox,
1051 3333 1263 3406 inquit,
1295 3333 1367 3390 ab
1396 3332 1642 3403 Oriente,
1671 3349 1781 3389 vox
1812 3334 1884 3389 ab
1924 3333 2097 3390 Occi-

444 3428 639 3494 dente,
671 3443 778 3483 vox
799 3443 833 3483 a
861 3432 1108 3498 quatuor
1133 3422 1466 3492 ventis,vox
1497 3438 1675 3495 super
1701 3421 2097 3496 Hierosolyma

442 3521 501 3573 et
527 3516 723 3588 ipsum
753 3515 1062 3588 templum,
1093 3530 1200 3570 vox
1229 3528 1405 3585 super
1446 3528 1693 3585 sponsos
1731 3515 1789 3569 et
1824 3529 2092 3584 sponsas,

443 3621 551 3663 vox
579 3622 757 3679 super
777 3603 1060 3679 populum
1092 3619 1350 3661 omnem.
1384 3624 1412 3654 ››
1448 3601 1550 3661 Die
1579 3607 1775 3659 autem
1807 3607 2095 3675 noctuque

442 3695 566 3753 hec
585 3696 909 3752 vociferans
940 3694 1244 3751 circuibat.
1277 3695 1636 3765 Quapropter
1664 3692 1930 3749 nonnulli
1962 3697 2094 3749 tan-

440 3801 616 3857 quam
644 3786 787 3842 maIi
816 3783 1030 3842 ominis
1050 3798 1316 3840 sermone
1337 3784 1467 3854 ejus
1492 3782 1793 3852 commoti,
1825 3798 2094 3854 compre-

439 3874 688 3930 hensum
720 3889 851 3930 eum
898 3872 1086 3945 plagis
1137 3874 1486 3928 mactarunt.
1522 3872 1623 3928 Ille
1669 3888 1803 3928 vero
1852 3871 2094 3928 minime

441 3964 801 4033 movebatur,
830 3978 1020 4035 neque
1050 3960 1374 4033 quidquam
1403 3960 1475 4016 de
1518 3961 1710 4032 seipso
1765 3961 2090 4028 verebatur,

436 4056 495 4108 et
520 4053 699 4109 verba
728 4068 796 4108 ea
817 4051 940 4123 jam
973 4051 1086 4107 sibi
1117 4053 1400 4106 consueta
1446 4049 1763 4107 inclamare
1794 4052 2088 4121 pergebat.

434 4140 585 4207 Quin
617 4140 792 4197 etiam
823 4141 893 4197 ad
928 4140 1254 4196 Romanum
1285 4138 1595 4210 prmaidem
1628 4140 2089 4203 adductus,cum

429 4229 632 4286 itidem
663 4229 746 4287 ibi
781 4230 1211 4296 verberaretur,
1241 4242 1358 4282 non
1419 4225 1577 4281 aliud
1632 4227 1964 4298 prolocutus
2002 4232 2091 4284 est

428 4319 695 4388 verbum,
720 4334 908 4391 neque
936 4316 1112 4373 etiam
1159 4314 1457 4386 lacrymas
1499 4314 1732 4371 emisit:
1764 4317 1865 4373 sed
1915 4316 2087 4374 mise-

428 4410 681 4467 randum
712 4411 939 4466 tantum
970 4407 1029 4462 in
1062 4404 1304 4462 modum
1331 4403 1691 4473 lamentans,
1740 4407 1810 4462 ad
1851 4407 2086 4479 plagam

430 4514 913 4573 unamquamque
946 4518 961 4558 :
996 4521 1026 4553 α
1058 4502 1172 4569 Vas,
1213 4517 1295 4557 vas
1346 4496 1802 4570 Hierosolymisl
1839 4516 1865 4549 ι
1900 4495 2089 4554 excla-

2200 3332 2293 3387 τὸν
2325 3332 2474 3402 ναὸν,
2508 3332 2659 3405 φωνή
2711 3331 2798 3386 ἐπὶ
2845 3331 3114 3406 νυμφίους
3143 3332 3233 3386 καὶ
3280 3331 3519 3409 νύμφας,
3552 3334 3703 3407 φωνὴ
3748 3330 3824 3386 ἐπὶ

2200 3422 2375 3476 πάντα
2431 3422 2523 3477 τὸν
2584 3419 2717 3477 λαόν
2752 3439 2765 3453 ·
2816 3420 3025 3494 νύκτωρ
3076 3418 3132 3476 δὲ
3178 3420 3268 3476 καὶ
3321 3421 3637 3497 μεθημέραν
3679 3425 3825 3477 τοῦτο

2199 3510 2479 3586 κεκραγὼς
2525 3510 2761 3585 περιῄει.
2793 3511 2945 3573 Τινὲς
2993 3508 3086 3566 οὗν
3115 3510 3253 3586 πρὸς
3299 3512 3363 3565 τὸ
3404 3508 3692 3590 δύσφημον
3720 3510 3827 3581 650-

2198 3600 2439 3673 νόμενοι,
2489 3593 2970 3673 συλλαμϐάνοντες
3016 3598 3230 3673 ᾔκιζον.
3262 3600 3319 3655 Ὁ
3369 3597 3427 3655 δὶ
3471 3600 3669 3670 ἥκιστα
3716 3599 3828 3655 ἐπε-

2199 3690 2457 3763 στρέφετο
2490 3705 2504 3719 ⁶
2557 3686 2681 3744 οὕτε
2727 3689 2833 3763 μὴν
2884 3689 3007 3763 περὶ
3053 3689 3247 3744 ἑαυτοῦ
3298 3686 3565 3744 δυσωπῶν
3613 3688 3679 3757 ἦν
3712 3708 3727 3722 ο
3772 3690 3828 3744 τὸ

2200 3776 2425 3849 σύνηθες
2457 3775 2515 3833 δὲ
2548 3778 2692 3854 βοῶν
2740 3775 2992 3836 διετέλει.
3028 3778 3179 3836 Ἐπεὶ
3211 3775 3268 3833 δὶ
3313 3779 3405 3833 καὶ
3435 3782 3514 3852 τῷ
3550 3780 3826 3852 Ῥωμαίων

2199 3866 2424 3943 ἄρχοντι
2456 3868 2735 3943 παρεστὼς
2765 3868 2856 3923 καὶ
2886 3867 3226 3941 τυπτόμενος
3274 3864 3416 3923 ἄλλο
3445 3866 3616 3923 πλέον
3664 3868 3828 3943 λέγειν

2199 3957 2300 4012 οὐκ
2356 3958 2491 4032 εἶχε,
2536 3955 2807 4031 μηδαμῶς
2866 3954 2923 4012 δὲ
2982 3955 3253 4032 δακρύων,
3313 3955 3722 4034 ὀλοφυρόμενος
3778 3955 3829 4011 δὲ

2199 4048 2314 4102 οἷον
2349 4046 2621 4103 ο⁹ίκτιστον
2654 4048 2791 4122 πρὸς
2822 4047 3047 4118 ἑκάστην
3078 4044 3318 4123 πληγὴν,
3354 4048 3424 4101 AT
3457 4047 3515 4102 αῖ
3541 4045 3827 4122 Ἱεροσολύ-

2202 4138 2373 4210 μοιςι
2435 4131 2585 4194 ἐϐόα.
2637 4138 2737 4194 Καὶ
2802 4136 2932 4211 βοῦς
2993 4134 3051 4192 δὲ
3104 4136 3241 4192 κατά
3286 4138 3386 4207 τήν
3431 4140 3540 4192 τῶν
3585 4138 3825 4211 ’Δζύμων

2197 4227 2391 4301 ἑορτὴν
2426 4224 2501 4290 εἷς
2532 4225 2713 4280 θυσίαν
2766 4226 2997 4301 ἀχθεῖσα
3026 4225 3078 4281 ἐν
3133 4227 3281 4300 μέσῳ
3310 4231 3389 4296 τῷ
3422 4227 3575 4302 ἱερῷ,
3628 4229 3825 4283 πάντων

2196 4318 2449 4395 ὁρώντων
2483 4314 2613 4393 ἄρνα
2643 4321 2820 4395 γεννᾷ.
2852 4321 2910 4373 Ὃ
2958 4314 3006 4372 δ’
3036 4318 3195 4378 αὐτὸς
3241 4318 3451 4393 ἱστορεῖ
3478 4317 3569 4373 καί
3610 4340 3664 4373 τι
3697 4315 3825 4373 ἄλλο

2194 4404 2625 4482 παραδοξότερον
2660 4422 2675 4439 ⁸
2727 4407 2984 4482 χρησμὸν
3028 4406 3119 4461 καὶ
3178 4405 3281 4481 γάρ
3326 4428 3489 4482 φησιν
3549 4409 3825 4482 εὑρεθῆναι

2193 4501 2309 4559 τοῖς
2338 4498 2508 4571 ἱεροῖς
2549 4497 2896 4573 γράμμασιν,
2922 4496 2996 4559 ὡς
3044 4496 3163 4553 κατ’
3212 4495 3385 4551 ἐκεῖνο
3432 4502 3625 4572 καιροῦ
3657 4497 3824 4574 ἐγχώ-

428 4569 774 4647 ωινίῐίΒοε
805 4569 1041 4663 quoque
1071 4591 1421 4661 Azymorum
1458 4587 1553 4643 die
1594 4569 1740 4642 festo
1772 4586 1843 4641 ad
1904 4585 2084 4642 sacri-

2202 4586 2313 4659 ριός
2353 4569 2435 4649 τίς
2480 4569 2672 4643 αὐτῶν⁷
2703 4569 2805 4656 τῆς
2854 4585 3184 4658 οἰκουμένης
3231 4584 3412 4657 πάσης
3459 4569 3825 4662 κατάρξείῖὋ

426 4679 626 4737 ficium
656 4680 718 4738 in
750 4682 1009 4738 medium
1044 4681 1290 4737 adducta
1340 4677 1642 4750 templum,
1676 4676 2074 4749 spectantibus

422 4767 697 4835 omnibus
728 4784 945 4841 agnum
975 4767 1174 4824 edidit.
1212 4767 1371 4824 Idem
1402 4766 1531 4838 ipse
1575 4764 1870 4836 Josephus
1916 4763 2073 4829 aliud

425 4859 701 4931 quiddam
735 4858 922 4931 magis
951 4857 1361 4914 admirandum
1395 4856 1566 4913 refert
1600 4872 1613 4911 :
1655 4853 1956 4911 oraculum
1988 4853 2075 4910 vi-

424 4946 630 5005 delicet
659 4948 959 5020 quoddam
990 4949 1051 5004 in
1082 4947 1265 5005 sacris
1295 4946 1526 5002 Litteris
1582 4945 1879 5001 inventum
1928 4960 2071 5015 esse,

423 5053 490 5096 eo
518 5037 647 5112 ipso
668 5042 925 5110 tempore
948 5037 1026 5110 (3)
1053 5053 1121 5094 ex
1146 5035 1733 5109 pcpularibusecrum
1761 5034 2073 5106 quemdam

492 5163 622 5292 ἓν
657 5162 1247 5236 Hierosolymitauum
1279 5159 1577 5246 excidium
1606 5159 1812 5242 Petrus
1844 5174 2072 5231 quoque

420 5240 478 5309 ot
551 5239 723 5294 aulus
753 5235 1003 5309 apostoli
1031 5234 1090 5309 i_n
1109 5232 2073 5304 sermonibussuispraadixerunt.»

419 5308 602 5385 (Lact.
635 5309 740 5385 li_b.
772 5307 848 5376 ιν,
880 5323 1009 5380 cap.
1039 5307 1198 5385 21.)“
1248 5376 1261 5385 _
1737 5373 1751 5385 ,
1852 5374 1886 5385 ,,

490 5380 571 5452 (2)
603 5402 633 5432 »
652 5373 996 5449 Evenerant,
1036 5373 1325 5452 prodigia,
1351 5390 1473 5447 qua
1517 5373 1943 5452 nequehcstiis
1980 5389 2075 5430 ne-

490 5396 571 5452 (Z)
603 5402 633 5432 »
654 5396 996 5449 Evenerant,
1036 5396 1325 5506 groulgla,
1351 5396 1473 5447 qua
1517 5396 1709 5458 neque
1738 5396 1943 5458 nostris
1981 5396 2074 5430 ue-

418 5465 536 5524 que
563 5451 711 5524 votis
743 5453 899 5524 piare
923 5453 1038 5524 fasi
1079 5451 1234 5518 abet,
1267 5464 1411 5524 gens
1461 5451 1862 5524 superstitioni
1892 5447 2074 5503 obno-

417 5518 534 5591 iis,
575 5518 956 5595 religionibus
973 5523 1235 5595 adversa.
1274 5518 1433 5576 Viam
1466 5518 1569 5595 per
1598 5518 1808 5595 ccslum
1831 5533 2077 5595 concur-

419 5589 546 5664 rere
577 5589 748 5664 acie's,
778 5592 1079 5652 rutilantia
1105 5609 1290 5663 arma,
1321 5595 1381 5648 et
1428 5590 1621 5648 subito
1651 5590 1921 5664 nubium
1940 5589 2075 5662 igne

419 5663 706 5726 collucore
733 5660 1044 5741 templum.
1102 5660 1372 5737 Expassss
1388 5665 1623 5734 repente
1646 5660 1873 5720 delubri
1896 5660 2072 5718 fores.

2196 4676 2291 4748 μέν
2349 4674 2438 4732 οῦν
2499 4677 2765 4747 Ἰώσηπος
2823 4675 2899 4739 εἷς
2964 4675 3354 4731 Οὐεσπεσιανὸν
3410 4672 3678 4754 ἀνείληφε
3748 4677 3825 4730 τὸν

2186 4765 2463 4842 χρησμόν.
2495 4765 2669 4822 Ἀλλὰ
2722 4766 2896 4838 μόνης
2943 4765 3190 4839 Ῥώμης,
3234 4761 3278 4817 ὦ
3327 4762 3511 4836 οὗτος,
3561 4767 3655 4820 καὶ
3707 4765 3820 4839 ούχί

2183 4854 2360 4926 πάσης
2390 4854 2551 4932 ἄρχει
2601 4861 2701 4925 τῆς
2748 4860 2870 4928 γῆς.
2913 4852 3121 4927 Πολλῷ
3170 4851 3215 4909 δ’
3266 4851 3325 4909 ἂν
3376 4852 3461 4926 ε’ίη
3510 4857 3821 4931 προσήκων,

2183 4946 2319 5020 πρὸς
2364 4946 2454 5003 τὸν
2507 4952 2743 5022 Σωτῆρα
2784 4945 2876 5001 καὶ
2922 4943 3117 5018 Κύριον
3166 4944 3541 5023 ἀναφέρεσθαι,
3586 4948 3727 5018 πρὸς
3770 4946 3821 4998 ’ὸν

2184 5036 2273 5090 καὶ
2304 5036 2331 5089 ὁ
2359 5034 2410 5089 ἐν
2444 5033 2702 5110 Ψαλμοῖς
2751 5034 3010 5113 χρησμὸς
3040 5032 3115 5096 ὡς
3165 5033 3268 5089 ἀπὸ
3298 5037 3393 5089 τοῦ
3446 5035 3660 5109 Πατρὸς
3703 5035 3824 5090 ἀνα-

2184 5163 2253 5235 Et
2294 5164 2489 5220 audita
2546 5164 2729 5235 major
2787 5163 3045 5219 humana
3101 5176 3256 5235 vox:
3327 5161 3612 5219 Excedere
3674 5163 3824 5235 deos,

2184 5234 2373 5292 Simul
2407 5236 2611 5308 ingens
2638 5233 3313 5308 'mctusexcedentium,
3344 5249 3474 5308 qua:
3538 5235 3719 5306 pauci
3770 5234 3822 5289 in

2185 5311 2404 5363 metum
2431 5305 2756 5363 trahebant.
2790 5327 2819 5359 »
2853 5305 3055 5378 (Tacit.
3088 5309 3155 5360 ut
3183 5305 3406 5376 supra.)

2253 5379 2341 5463 (3).
2368 5400 2392 5430 α
2431 5378 2841 5463 Percrebuerat
2864 5377 3100 5463 Qriente
3120 5380 3241 5431 toto
3264 5379 3427 5463 vetus
3451 5379 3509 5463 et
3553 5380 3826 5463 constans

2184 5446 2401 5521 opinio,
2436 5466 2562 5507 esse
2585 5451 2644 5507 in
2676 5451 2829 5517 fatis,
2858 5452 2919 5521 ut
2947 5462 3013 5521 eo
3051 5451 3311 5519 tempore
3349 5446 3562 5521 judaaa
3592 5448 3826 5520 profecti

2184 5518 2393 5578 rerum
2417 5522 2759 5592 potirentur.
2777 5521 2840 5577 Id
2871 5518 3320 5594 deimperatcre
3349 5518 3634 5594 Romano,
3651 5535 3826 5594 quan-

2184 5594 2310 5666 tum
2341 5589 2551 5652 eventu
2583 5596 2782 5666 postea
2810 5591 2999 5664 patuit
3029 5589 3381 5663 praedictum.
3413 5589 3604 5666 Judaei
3641 5589 3719 5666 aid
3772 5605 3827 5647 ac

2184 5665 2507 5740 trahentes,
2539 5660 2889 5725 rebellorum
2924 5679 2939 5722 :
3000 5660 3264 5735 chaoque
3310 5660 3646 5737 proposito,
3679 5664 3827 5737 lega-
