4032 6282
455 293 574 362 903

1751 277 2174 342 NICEPHORI
2217 276 2564 342 GALLISTI

3733 279 3836 340 904

451 428 616 483 tanto
665 423 858 482 studio
899 421 968 478 ad
1001 417 1211 476 Christi
1243 414 1562 473 Servatoris
1591 413 2088 484 benefactorisque

2209 411 2300 465 τὸν
2354 415 2587 484 Σωτῆρα
2625 407 2716 466 καὶ
2759 409 3044 486 εὐεργέτην
3090 409 3306 466 πάντων
3355 409 3670 484 μιαιφονίαν
3715 430 3830 465 κατα

451 518 718 574 omnium
747 514 962 570 easdem
995 508 1307 566 furibunde
1353 505 1466 562 acti
1505 506 1758 571 fuerant,
1790 505 2100 574 virumque

453 603 900 678 sanguinarium
931 604 990 656 et
1015 597 1372 654 homicidam
1403 594 1654 651 summis
1682 592 1843 648 illius
1873 593 2098 648 benefi-

452 696 558 751 ciis
607 693 1060 766 praeposuerant,
1111 702 1356 760 regnum
1407 698 1637 756 quoque
1695 683 1822 752 ejus
1865 681 2095 754 (Caesari

451 784 693 854 addicti)
748 784 1010 854 proterve
1062 779 1400 848 rejecerant,
1453 779 1682 845 propter
1733 788 1866 827 eum
1927 787 2096 842 quem

449 873 508 929 in
541 873 902 928 Servatorem
935 869 1310 924 evomuerant
1353 863 1620 918 rabidum
1655 862 1910 916 furorem
1946 861 2093 915 divi-

448 980 582 1020 nam
605 961 848 1034 experiri
871 959 1042 1018 που
1063 957 1398 1022 vindictam,
1435 959 1878 1023 extremumque
1901 951 2096 1006 subire

447 1053 715 1119 exitium,
747 1055 922 1123 atque
951 1049 1035 1104 ita
1065 1045 1414 1117 condignam
1448 1043 1617 1098 factis
1657 1041 1778 1098 suis
1809 1048 2096 1110 reportare

446 1141 692 1214 gratiam
725 1145 782 1196 et
811 1135 1374 1210 compensationem.
1419 1134 1604 1202 Atque
1633 1129 1904 1202 equidem
1941 1146 2094 1200 prae-

447 1231 796 1288 tereundum
847 1227 1020 1284 etiam
1069 1241 1194 1281 esse
1244 1221 1404 1290 duxi,
1446 1237 1594 1292 quas
1624 1218 1709 1274 illi
1739 1218 1826 1274 vel
1857 1235 1889 1273 a
1921 1218 2091 1289 ferro,

443 1320 532 1378 vel
564 1321 636 1378 ab
655 1319 786 1376 aliis
807 1315 945 1374 belli
974 1313 1284 1371 tormentis
1314 1309 1640 1380 acceperint
1662 1307 1855 1364 clades
1879 1325 1893 1362 :
1917 1311 1973 1362 et
1995 1324 2093 1363 eas

447 1413 679 1468 tantum
704 1421 1022 1482 persequar
1045 1401 1588 1470 calamitates,quas
1610 1413 1802 1453 rerum
1829 1397 2092 1452 omnium

445 1498 642 1572 inopia
669 1501 726 1554 et
748 1498 900 1552 fame
922 1497 1058 1550 sunt
1077 1489 1356 1564 perpessi.
1381 1489 1470 1544 Sic
1494 1487 1648 1544 enim
1671 1486 1901 1542 abunde
1923 1485 2084 1554 satis,

447 1589 550 1662 qui
600 1586 906 1643 historiam
967 1583 1116 1639 hanc
1177 1577 1484 1649 aliquando
1543 1577 1758 1648 legent,
1817 1574 2090 1630 omnibus

2211 497 2486 571 έσπευδον,
2572 498 2738 576 ἄνδρα
2823 500 2990 576 φονέα
3072 507 3172 570 τῆς
3251 497 3453 554 ἐκείνου
3545 501 3831 574 εὐεργεσίας

2209 587 2732 662 ἀνταλλαττόμενοι,
2764 589 2852 643 καὶ
2899 594 2998 658 τῆς
3046 587 3252 644 ἐκείνου
3306 587 3590 663 βασιλείας
3635 589 3831 656 ἀσηνή-

2212 683 2413 748 ζοντες,
2465 677 2556 732 καὶ
2612 681 2691 748 τῷ
2750 678 2974 753 Καίσαρι
3059 677 3502 754 προστιθέμενοι,

2207 789 2270 842 γε
2322 767 2410 822 καὶ
2467 765 2628 837 ἀξίων
2706 767 3070 828 ἀπολαύοντες
3139 763 3410 840 ἂμοιϐῶν.
3480 769 3674 843 Ἐγωγ’
3752 767 3826 821 οὖν

2207 853 2579 931 παραδραμεῖν
2632 855 2818 928 οἷόμαι
2879 855 3007 927 δεῖν,
3041 857 3138 912 ὅσα
3187 855 3275 912 διὰ
3307 859 3496 930 ξίφους
3537 857 3626 910 καὶ
3657 855 3827 918 ἄλλοις

2210 944 2629 1025 μηχανημάτων
2687 943 2878 1000 εἷ’δεσιν
2933 945 3116 1008 αὐτοῖς
3171 943 3446 1020 ἐπέρρωσε
3475 950 3582 1000 τῶν
3614 943 3784 1000 δεινῶν
3811 966 3822 980 ·

2207 1034 2358 1096 ὅσαις
2386 1055 2446 1110 γε
2481 1037 2588 1108 μήν
2638 1034 2740 1090 ὑπὸ
2790 1032 2960 1106 λιμοῦ
3010 1055 3111 1110 περ
3159 1037 3512 1091 πεπτώκεσαν
3547 1041 3823 1112 συμροραῖς

2207 1123 2601 1198 παραθέμενος,
2644 1124 3018 1198 ἀποχρώντως
3080 1123 3140 1178 ἂν
3201 1123 3392 1200 ἔχοιμι
3444 1122 3608 1195 δεῖξαι
3640 1130 3746 1186 τοῖς

2205 1213 2452 1288 παρούσῃ
2510 1211 2895 1288 ἐντυγχάνουσι
2956 1214 3254 1292 ξυγγραφῇ,
3317 1214 3392 1277 ὡς
3450 1213 3554 1269 οὐκ
3609 1213 3683 1274 εἷς
3741 1235 3823 1285 μα-

2205 1303 2339 1376 κρὰν
2379 1309 2478 1371 τῆς
2536 1301 2610 1364 εἷς
2669 1303 2760 1358 τὸν
2820 1309 3054 1377 Σωτῆρα
3109 1301 3392 1378 παροινίας
3451 1302 3640 1374 ἐπαξία
3689 1325 3824 1377 μετε·

2205 1389 2415 1461 ληλυθε
2444 1391 2592 1462 νίκη.
2641 1389 2852 1462 Ταύτην
2897 1389 2944 1446 δ’
2998 1393 3127 1465 ἡμῖν
3169 1394 3203 1461 ἡ
3235 1396 3344 1446 τῶν
3379 1393 3632 1466 ἱστοριῶν
3663 1394 3826 1463 Ἰωσή-

2201 1501 2311 1534 που
2367 1480 2592 1552 πέμπτη
2655 1483 2838 1556 σαφῶς
2912 1477 3228 1553 διηγήσεται
3307 1483 3407 1550 τήν
3467 1479 3762 1557 τραγῳδίαν
3813 1503 3824 1514 ·

2202 1569 2371 1624 ἐκεῖσε
2397 1569 2486 1624 καὶ
2518 1568 2621 1646 γὰρ
2652 1571 2840 1632 αὐταῖς
2869 1567 3084 1639 λέξεσαν
3116 1569 3258 1624 οὕτω
3290 1569 3424 1646 φησί
3457 1586 3470 1600 ⁸

3586 675 3827 753 λαμπρῶν

445 1661 767 1748 Ostendam,
825 1692 937 1731 non
999 1673 1081 1728 ita
1141 1671 1236 1726 diu
1297 1672 1535 1739 patratas
1579 1667 1638 1722 in
1685 1667 2043 1722 Servatorem
2087 1679 2312 1718 vesanae
2360 1668 2417 1717 et
2475 1667 2752 1732 protervae
2800 1661 3164 1732 procacitatis
3211 1663 3312 1734 (l),
3362 1663 3651 1733 condigna
3705 1679 3830 1718 cun-

447 1773 660 1830 ctatam
715 1782 843 1824 esse
897 1763 1232 1821 vindictam.
1287 1759 1464 1814 Porro
1512 1757 1900 1814 calamitatem
1958 1771 2084 1810 eam
2145 1752 2315 1824 plane
2364 1751 2642 1825 tragicam
2697 1751 2864 1807 nobis
2913 1751 2970 1807 in
3019 1751 3222 1823 quinto
3271 1751 3417 1808 libro
3463 1753 3829 1809 Historiarum

455 1875 693 1918 suarum
726 1857 1010 1928 Josephus
1038 1853 1195 1912 clare
1225 1849 1484 1922 exponit,
1515 1847 1673 1904 hisce
1713 1845 2133 1918 propemodum
2165 1843 2354 1898 verbis
2389 1857 2404 1897 :

1093 1960 1325 2018 CAPUT
1363 1958 1458 2013 VI.

454 2059 540 2114 Ea:
594 2055 790 2129 quinta
842 2053 1078 2129 historic
1124 2049 1343 2129 Josephf
1393 2047 1458 2129 de
1505 2045 1828 2129 captfyitat'e
1875 2039 2105 2098 Iudaica

701 2127 993 2200 expositio,
1021 2127 1080 2179 ut
1108 2115 1280 2193 fames
1309 2119 1526 2177 Iudaeos
1555 2115 1848 2187 a/ﬂixcrit.

520 2269 995 2344 Opulentioribus
1024 2280 1160 2347 sane
1193 2265 1462 2337 quidem,
1485 2260 1638 2332 quod
1673 2258 1730 2312 in
1762 2259 1906 2312 urbe
1940 2271 2103 2310 man-

447 2366 669 2428 serant,
709 2361 882 2416 exitio
915 2359 1045 2414 fuit.
1090 2361 1217 2412 Non
1269 2353 1440 2424 pauci
1487 2351 1644 2406 enim
1677 2348 1786 2405 sub
1820 2349 2094 2418 praetextu

447 2451 576 2508 initi
610 2451 680 2506 de
705 2449 840 2520 fuga
869 2444 1120 2513 consilii,
1147 2448 1378 2515 propter
1397 2456 1536 2513 opes
1563 2455 1698 2494 suas
1719 2436 2098 2492 trucidaban-

448 2539 640 2610 tur(2)
673 2553 688 2593 :
738 2543 792 2592 et
823 2552 938 2592 una
985 2549 1118 2590 cum
1163 2533 1314 2588 fame
1353 2529 1766 2586 seditiosorum
1801 2525 2097 2580 crescebat

450 2628 732 2698 recordia,
763 2629 819 2682 et
846 2627 904 2682 in
937 2625 1057 2680 dies
1089 2623 1348 2693 utrisque
1379 2617 1820 2689 adaugebantur
1850 2613 2094 2670 calami-

453 2721 618 2774 tates.
655 2716 718 2772 In
750 2713 982 2786 publico
1013 2711 1278 2784 equidem
1302 2707 1528 2765 nullum
1555 2709 1678 2760 erat
1709 2707 2091 2759 frumentum.

448 2807 635 2870 Quare
681 2805 904 2876 impetu
954 2802 1016 2857 in
1059 2802 1265 2856 domos
1313 2798 1481 2866 facto,
1521 2812 1620 2852 cas
1647 2791 1907 2862 scrutati,
1942 2793 2094 2848 farra

444 2893 836 2966 inquirebant.
901 2894 1056 2960 Quis,
1115 2891 1236 2946 sive
1293 2886 1668 2950 invenissent,
1727 2897 2092 2953 possessores

443 2987 722 3054 tanquam
771 2997 838 3036 ea
886 2981 1320 3052 pernegassent,
1370 2973 1797 3030 verberabant:
1839 2985 1942 3025 seu
1975 2986 2088 3024 non

443 3071 826 3138 invenissent,
875 3067 1260 3124 nihilominus
1307 3069 1502 3120 tamen
1549 3060 1730 3117 veluti
1769 3076 1833 3114 ea
1875 3059 2092 3128 majore

444 3176 585 3216 cura
628 3161 685 3214 et
714 3155 1020 3228 diligentia
1067 3154 1482 3219 occultassent,
1515 3149 1884 3220 torquebant.
1922 3145 2088 3202 Indi-

441 3251 600 3307 cium
647 3251 840 3304 autem
891 3244 978 3303 vel
1028 3245 1260 3313 habere,
1309 3242 1394 3298 vel
1447 3257 1558 3297 non
1593 3239 1805 3294 habere
1833 3253 1933 3292 eos
1965 3237 2086 3292 fru-

442 3341 660 3407 menta,
711 3352 948 3408 corpora
995 3335 1122 3407 ipsa
1175 3332 1516 3388 miserorum
1565 3327 1904 3384 faciebant:
1958 3342 2082 3396 qua:

439 3427 774 3502 quicunque
826 3425 1017 3481 adhuc
1065 3420 1393 3479 robustiora
1453 3418 1731 3474 haberent
1785 3415 2083 3470 abundare

439 3517 732 3574 alimentis
754 3513 1097 3570 videbantur
1121 3528 1134 3566 :
1158 3509 1600 3582 quiautemjam
1623 3503 2080 3568 contabuisscnt,

438 3606 904 3680 praeteribantur.
954 3605 1032 3658 Ac
1074 3605 1280 3673 praeter
1310 3598 1594 3654 rationem
1626 3610 1754 3652 esse
1783 3593 2082 3665 praedones

433 3697 802 3768 judicabant,
837 3693 886 3750 si
913 3709 1010 3751 eos
1032 3692 1180 3748 ferro
1209 3695 1500 3756 necarent,
1525 3685 1622 3758 qui
1647 3685 1836 3757 primo
1859 3697 2084 3754 quoque

439 3791 696 3858 tempore
729 3783 964 3856 penuria
993 3786 1189 3838 essent
1219 3777 1528 3835 interituri.
1561 3772 1729 3830 Multi
1765 3772 1912 3828 clam
1949 3787 2080 3843 pos-

442 3876 730 3931 sessiones
755 3889 892 3929 suas
923 3871 1111 3928 modio
1131 3885 1268 3936 uno,
1294 3867 1580 3937 siquidem
1609 3862 1846 3916 ditiores
1869 3865 2080 3924 essent,

440 3962 619 4019 tritici
677 3978 692 4016 :
749 3963 838 4018 sin
898 3959 1338 4031 indigentiores,
1389 3953 1590 4010 hordei
1649 3950 2081 4023 permutabant.

441 4050 660 4108 Deinde
707 4050 764 4104 in
815 4049 1183 4105 abditissima
1231 4059 1472 4116 quaeque
1525 4041 1733 4096 mdium
1795 4035 2087 4093 conclavia

441 4154 570 4197 sese
617 4138 894 4194 abdentes
933 4137 1172 4207 quidam
1223 4135 1458 4204 propter
1508 4131 1717 4184 famem
1768 4141 2083 4191 summam,

442 4230 800 4286 frumentum
842 4227 1037 4297 ipsum
1075 4222 1497 4280 inelaboratum
1539 4217 1807 4274 edebant.
1841 4214 2086 4280 Quidam

443 4333 600 4384 vero,
633 4320 804 4390 prout
851 4313 1168 4371 necessitas
1217 4320 1470 4368 extrema
1509 4307 1793 4376 timorque
1821 4303 2088 4360 cohorta-

442 4408 678 4476 bantur,
730 4404 793 4462 id
843 4405 901 4460 in
951 4403 1123 4476 panis
1169 4403 1416 4458 formam
1462 4395 1844 4468 redigebant:
1901 4408 2087 4464 neque

443 4497 674 4568 uspiam
707 4511 908 4552 mensa
945 4491 1400 4566 proponebatur,
1451 4487 1551 4544 sed
1585 4502 1652 4542 ex
1681 4485 1810 4556 igne
1841 4483 1964 4553 ipso
1996 4499 2089 4538 ex-

441 4589 642 4655 tracta,
675 4584 866 4642 adhuc
896 4584 1121 4640 incocta
1154 4589 1210 4638 et
1239 4579 1417 4636 cruda
1447 4578 1733 4633 frumenta
1762 4572 2082 4646 rapiebant.

2826 1936 3084 1988 ΚΕΦΑΛ.
3127 1931 3220 2006 ς’.

2211 2020 2794 2110 Διέήγησιςῖξκιτῆς
2827 2019 3135 2110 πέμπτης
3185 2020 3484 2110 ίστορίὶας
3532 2028 3650 2090 τῆς
3693 2025 3836 2110 Ἰου-

2282 2092 2516 2162 δαῖκῆς
2549 2092 2858 2166 ἁλώσεως
2893 2092 3225 2166 Ἰωσήπου
3266 2092 3414 2166 περὶ
3444 2097 3560 2148 τοῦ
3597 2092 3837 2166 συντρί-

2280 2149 3206 2238 ψαντοςἺουδαίόυςλιμοῠ.
3356 2149 3366 2166 ι
3759 2149 3768 2166 ⁸

2280 2277 2306 2308 ι
2346 2259 2468 2316 Τοῖς
2499 2274 2556 2326 γε
2591 2254 2699 2325 μὴν
2755 2251 3010 2326 εὐπόροις
3055 2252 3144 2307 καὶ
3208 2253 3271 2308 τὸ
3308 2254 3484 2326 μένειν
3531 2255 3665 2326 πρὸς
3697 2275 3837 2308 απω-

2205 2340 2358 2405 λείας
2415 2339 2529 2395 ἴσον
2587 2339 2676 2408 ἦν.
2728 2339 3002 2416 Προφέσει
3047 2341 3150 2416 γὰρ
3200 2339 3536 2413 αὐτομολίας
3593 2341 3838 2416 ἀνῃρεῖτό

2202 2453 2286 2494 τις
2316 2429 2404 2486 διὰ
2433 2431 2534 2497 τήν
2566 2428 2773 2484 οὐσίαν.
2808 2432 2894 2500 Τῷ
2927 2428 3076 2500 λιμῶ
3125 2427 3170 2483 δ’
3202 2431 3237 2498 ἡ
3287 2430 3515 2484 ἂπόνοια
3569 2435 3677 2486 τῶν
3728 2451 3839 2485 στι-

2203 2525 2437 2576 σιαστῶν
2499 2521 2808 2590 συνήκμαζε
2859 2537 2872 2552 ⁸
2951 2519 3041 2572 καὶ
3122 2517 3437 2592 καθημέραν
3514 2518 3839 2594 ἀμφοτέροις

2201 2607 2606 2684 προσεξεκαίετο
2655 2606 2720 2661 τὰ
2769 2603 2935 2664 δεινα.
2995 2607 3233 2680 Φανερὸς
3285 2608 3382 2679 μὲν
3437 2619 3540 2682 γαρ
3601 2607 3836 2681 οὐδαμοῦ

2201 2705 2348 2761 σῖτος
2377 2697 2442 2766 ἦν
2479 2716 2492 2730 ·
2544 2693 2980 2765 ἐπεισπηδῶντες
3029 2693 3107 2767 δὲ,
3157 2694 3453 2770 διηρεύνων
3499 2697 3596 2760 τὰς
3646 2697 3835 2760 οἰκίας.

2202 2789 2428 2844 Ἔπειτα
2475 2785 2721 2859 εὐρόντες
2774 2785 2891 2858 μὶν,
2925 2785 3002 2846 ὡς
3054 2785 3465 2858 ἀρνησαμένους
3496 2782 3684 2856 ἥκιζον
3716 2805 3732 2816 ⁸
3764 2788 3832 2859 μὴ

2199 2877 2442 2951 εὑρόντες
2504 2873 2579 2940 δὲ,
2614 2875 2688 2936 ὼς
2738 2873 3153 2950 ἐπιμελέστερον
3211 2875 3541 2950 κρύψοντας,
3601 2871 3838 2930 ἐϐασάνι-

2199 2970 2312 3034 ζον.
2368 2965 2675 3038 Τεκμήριον
2731 2961 2788 3018 δὲ
2823 2967 2919 3018 τοῦ
2969 2964 3017 3018 τ’
3066 2959 3211 3038 ἔχειν
3243 2963 3332 3018 καὶ
3385 2967 3487 3038 μή,
3520 2965 3588 3020 τὰ
3616 2966 3829 3038 σώματα

2195 3058 2303 3107 τῶν
2359 3050 2606 3108 ἀθλίων·
2667 3051 2740 3108 ὧν
2800 3054 2852 3107 οἱ
2913 3053 3008 3125 μὲν
3059 3047 3136 3108 ἔτι
3205 3057 3535 3116 συνεστῶτες
3594 3053 3823 3128 εὐπορεῖν

2195 3148 2404 3220 τροφῆς
2436 3139 2656 3197 ἐδόκουν
2691 3157 2705 3173 ⁸
2739 3141 2792 3196 οἱ
2828 3141 3126 3214 τηκόμενοι
3175 3138 3232 3196 δὲ
3261 3141 3370 3212 ἤδη
3404 3141 3784 3217 παρωδεύοντο
3815 3159 3829 3174 ⁸

2197 3229 2288 3284 καὶ
2345 3229 2568 3286 κτείνειν
2627 3229 2826 3306 ἄλογον
2885 3227 3060 3286 ἐδόκει
3117 3229 3242 3292 τοὺς
3301 3231 3392 3286 ὑπ’
3457 3229 3656 3292 ἐνδείας
3713 3232 3828 3286 ὅσον

2117 3295 2159 3362 C
2199 3317 2353 3374 οὔπω
2399 3319 2824 3392 τεθνηξομένους
2862 3319 3070 3376 αὐτίκα.
3132 3319 3347 3376 Πολλοὶ
3407 3319 3463 3376 δὲ
3522 3320 3684 3395 λέθρα
3737 3320 3823 3381 τας

2190 3411 2408 3479 κτήσεις
2462 3409 2580 3470 ἑνὸς
2639 3405 3045 3478 ἀντηλλάξαντο
3108 3409 3335 3482 μέτρου,
3377 3413 3562 3482 πυρῶν
3620 3412 3732 3483 μὲν,
3785 3408 3824 3464 εἰ

2189 3496 2590 3571 πλουσιώτεροι
2654 3499 2970 3572 τυγχάνοιεν
3025 3495 3194 3565 ὄντες,
3265 3499 3318 3554 οἱ
3395 3496 3453 3553 δὲ
3507 3500 3825 3572 πενέστεροι,

2189 3588 2404 3662 κριθῆς.
2461 3588 2684 3641 Ἔπειτα
2741 3585 3150 3648 κατακλείοντες
3209 3586 3404 3650 αὐτοὺς
3462 3589 3539 3650 εἷς
3593 3589 3661 3644 τὰ
3729 3609 3826 3660 μυ-

2193 3677 2427 3754 χαίτατα
2483 3679 2591 3730 τῶν
2653 3674 2864 3745 οἰκιῶν,
2921 3675 3062 3738 τινὲς
3122 3676 3218 3747 μὲν
3279 3676 3368 3730 ὑπ’
3429 3678 3596 3752 ἄκρας
3639 3675 3824 3738 ἐνδείας

2193 3764 2517 3840 ἀνέργαστον
2574 3765 2666 3820 τὸν
2727 3770 2874 3820 σῖτον
2929 3763 3119 3834 ἤσθιον
3153 3783 3167 3799 ⁸
3218 3766 3270 3820 οἱ
3316 3763 3373 3821 δὲ
3420 3765 3663 3837 ἔπεσσον,
3695 3766 3818 3832 εἴ)ςῆ

2190 3875 2248 3909 τε
2300 3853 2506 3930 ἀνάγκη
2558 3854 2648 3909 καὶ
2703 3855 2766 3908 τὸ
2824 3851 2942 3916 δέος
2993 3855 3240 3930 παρῄνει.
3303 3855 3402 3911 Καὶ
3458 3859 3690 3929 τράπεζα
3736 3856 3816 3927 μὲν

2195 3940 2441 4016 οὐδαμοῦ
2481 3944 2798 4018 παρετίθετο
2835 3962 2848 3976 ⁸
2899 3947 2996 3998 τοῦ
3046 3941 3103 3998 δὲ
3151 3945 3312 4019 πυρῖς
3359 3945 3698 4016 ὑφέλκοντες,
3741 3939 3812 3998 ἔτι

2193 4033 2321 4105 ὠμᾶ
2374 4032 2442 4087 τὰ
2508 4032 2649 4086 σιτία
2706 4030 3028 4108 διήρπαζον.
3081 4031 3326 4102 Ἐλεεινὴ
3355 4031 3402 4088 δ’
3449 4035 3516 4104 ἧν
3558 4037 3592 4104 ἡ
3632 4033 3808 4110 τροφή,

2193 4121 2284 4175 καὶ
2345 4117 2590 4196 δακρύων
2643 4119 2788 4190 ἄξιος
2846 4122 2880 4190 ἠ
2941 4119 3056 4190 θέα,
3113 4125 3222 4176 τῶν
3283 4123 3378 4194 μὶν
3457 4121 3809 4196 δυνατωτέρων

2193 4209 2685 4280 πλεονεκτούντων,
2745 4215 2854 4266 τῶν
2906 4208 2952 4265 δ’
3017 4211 3248 4266 ἀσθενῶν
3291 4210 3652 4287 ὀδυρομένων.
3685 4210 3808 4266 Πάνυ

2191 4319 2299 4354 των
2333 4299 2427 4372 μὲν
2466 4297 2533 4368 δὴ
2567 4301 2748 4354 παθῶν
2792 4299 3138 4372 ὑπερίσταται
3189 4299 3353 4374 λιμός
3379 4319 3393 4333 ⁸
3441 4299 3592 4356 οὐδὲν
3641 4299 3682 4356 δ’
3725 4296 3805 4354 οὒ-

2193 4393 2302 4450 τῶς
2355 4387 2661 4445 ἀπόλλυσιν
2711 4389 2787 4450 ὡς
2837 4386 2997 4448 αἰδώ,
3056 4391 3126 4444 Τὸ
3182 4389 3282 4465 γὰρ
3339 4388 3528 4456 ἄλλως
3572 4389 3804 4464 ἐντροπῆς

2193 4474 2339 4548 ἄξιον
2397 4477 2448 4532 έν
2493 4479 2671 4552 τούτῳ
2720 4483 3130 4554 καταφρονεῖται
3164 4497 3176 4510 ⁸
3237 4484 3486 4552 γυναῖκες
3542 4483 3665 4558 γοῦν
3726 4477 3802 4531 iv-

2195 4565 2362 4640 δρῶν,
2399 4569 2486 4623 καὶ
2537 4565 2725 4631 παῖδες
2769 4569 3038 4644 πατέρων,
3077 4569 3166 4624 καὶ
3211 4569 3275 4624 τὸ
3323 4569 3684 4646 οἰκτρότατον,
3715 4587 3804 4640 μη-

441 4675 590 4732 231
654 4673 995 4730 Miseranda
1061 4670 1313 4740 profecto
1369 4665 1516 4722 tales
1575 4664 1734 4718 fuere
1789 4660 1973 4732 epulae
2030 4663 2086 4714 et

2201 4657 2342 4732 τέρες
2396 4657 2604 4727 νηπίων
2661 4655 2958 4730 ἐξήρπαζον
3010 4655 3060 4727 ἐξ
3122 4658 3300 4712 αὐτῶν
3357 4662 3465 4714 τῶν
3549 4656 3799 4729 στομάτων

441 4761 686 4834 dignum
715 4758 986 4832 lacrymis
1008 4771 1249 4829 prorsus
1277 4750 1696 4824 spectaculum.
1725 4747 2080 4804 Potentiores

441 4867 696 4922 namque
737 4848 1130 4915 abundabant,
1183 4843 1602 4916 superioraque
1659 4837 1856 4894 omnia
1903 4835 2080 4892 habe-

440 4938 581 4996 bant
613 4955 628 4994 :
659 4937 982 4995 imbecilles
1013 4943 1206 4992 autem
1257 4936 1315 4990 et
1355 4933 1560 5004 inopes
1589 4928 1870 5000 lugebant
1907 4930 1964 4982 et
1993 4923 2080 4979 la-

441 5031 875 5086 mentabantur.
927 5027 1130 5084 Fames
1178 5039 1348 5096 porro
1398 5016 1528 5078 cum
1582 5017 1834 5090 reliquas
1881 5029 2082 5070 omnes

439 5118 730 5178 antecellit
748 5133 1062 5184 aerumnas,
1083 5118 1206 5171 tum
1234 5113 1508 5186 pudorem
1537 5107 1712 5166 etiam
1737 5105 1908 5163 tollit.
1933 5104 2079 5160 Nam

512 5247 589 5318 (t)
619 5267 649 5329 ιε
681 5245 760 5329 E9
792 5243 948 5329 quod
969 5239 1384 5329 exs‘ultﬂerint
1405 5252 1584 5329 super
1611 5232 2081 5329 amantissimum

441 5321 498 5373 et
517 5307 1004 5379 probatissimum
1045 5313 1145 5368 Dei
1175 5312 1404 5368 Filium.
1435 5307 1708 5379 »'(Lact.)

535 5373 592 5460 ἒ)
621 5373 857 5460 Simon,
890 5387 1148 5444 Joannes
1194 5387 1252 5440 et
1295 5373 1617 5460 Eleazarus,
1649 5373 1919 5460 intestini
1947 5373 2082 5460 belli

441 5449 642 5530 duces,
683 5449 994 5530 templum,
1025 5471 1224 5530 arcem
1273 5459 1330 5530 e_t
1375 5452 1667 5530 civitatem
1717 5449 2006 5530 sanguine
2029 5449 2086 5502 et

441 5529 596 5585 cede
628 5517 864 5586 'civiuin
918 5517 1220 5600 replerunt
1259 5523 1498 5600 ({oseph
1556 5522 1663 5600 l_ib._
1718 5536 1796 5589 v1,
1829 5517 2082 5600 ’.Ιιιείαίση

441 5615 572 5678 cap,
599 5601 673 5672 5;
706 5600 888 5658 Tacit.
922 5591 1025 5658 115.
1054 5599 1192 5674 xxi).
1235 5591 1802 5654 «'Pervicacissimus
1835 5591 2085 5664 quisque

2187 4749 2288 4811 τὰς
2332 4749 2535 4826 τροφάς
2570 4768 2583 4782 ⁸
2641 4747 2731 4804 καὶ
2787 4751 2894 4805 τῶν
2955 4747 3229 4820 φιλτατων
3287 4747 3340 4804 ἐν
3383 4750 3540 4828 χερσὶ
3574 4767 3801 4824 μαραινο-

2197 4839 2389 4911 μένων,
2445 4836 2544 4893 οὐκ
2597 4837 2662 4905 ἦν
2731 4834 2902 4916 φειδὼ
2955 4835 3083 4900 τοὺς
3125 4841 3223 4894 τοῦ
3254 4842 3351 4912 ζῇν
3383 4837 3667 4918 ἀφελέσθαι
3692 4854 3803 4890 στα-

2193 4924 2461 5002 λαγμούς.
2509 4931 2742 4982 Τοιαῦτα
2795 4923 2842 4981 δ’
2897 4925 3186 4999 ἐσθίοντες,
3217 4927 3371 5000 ὅμως
3429 4927 3492 4983 οὐ
3545 4925 3805 4982 διελάνθα-

2189 5035 2297 5071 νον.
2333 5021 2619 5092 Πανταιχοῦ
2668 5013 2713 5070 δ’
2753 5013 3033 5094 ἐφίσταντο
3067 5017 3118 5071 οἱ
3149 5037 3280 5072 στασ
3320 5016 3477 5074 ασταὶ
3507 5015 3593 5072 καὶ
3622 5013 3804 5070 τούτων

2189 5109 2308 5167 ταῖς
2367 5106 2656 5180 ἁρπαγαῖς.
2724 5107 2915 5162 Ὁπότε
2998 5105 3102 5182 γὰρ
3178 5103 3442 5161 κατίδοιεν
3525 5101 3808 5160 ἀποκεκλει-

2195 5230 2335 5304 illuc
2401 5233 2750 5304 perfugerat,
2819 5246 2994 5303 eoque
3061 5231 3423 5304 seditiosius
3463 5232 3804 5304 agebant._n

2191 5299 2426 5387 (ldemf)
2459 5299 2692 5388 «_hfulti
2723 5299 2989 5388 tempore
3021 5302 3367 5388 captivitatis
3395 5299 3645 5388 Jud‘aicae
3669 5299 3806 5388 prin-

2192 5375 2348 5446 cipes
2387 5376 2676 5437 exstitere,
2717 5375 2818 5447 qui
2857 5375 3117 5430 Christos
3162 5390 3223 5430 se
3275 5390 3397 5430 esse
3439 5375 3706 5432 dicerent,
3755 5375 3809 5426 in

2191 5449 2438 5530 tantum,
2473 5451 2539 5530 ut
2567 5446 2969 5530 obsidentibus
2995 5443 3271 5530 Romanis
3292 5445 3685 5530 Hierosolyma
3709 5449 3812 5500 tres

2192 5517 2354 5574 intus
2394 5517 2609 5574 fuerint
2640 5518 2938 5575 factiones.
2977 5539 2999 5568 ι
3031 5516 3484 5594 (Hieronymum)
