4032 6282
179 395 294 458 905

1193 393 1811 457 ECCLESIASTlC/E
1852 391 2242 454 HISTORIJE
2285 391 2427 453 LIB.
2476 391 2581 454 111.

3461 398 3581 460 906

182 526 381 600 σμένην
440 524 632 597 ονκίαν,
666 531 893 600 σημεῖον
950 527 1017 596 ἧν
1077 531 1262 599 τοῦτο,
1292 529 1419 590 τοὺς
1477 525 1623 584 ἔνοον
1655 549 1821 603 προσ·

1933 545 2059 598 qua:
2091 529 2148 584 in
2200 530 2373 583 rebus
2403 528 2535 584 aliis
2566 529 2784 584 obtinet
2816 533 3182 603 verecundia,
3215 550 3281 591 ea
3311 534 3370 591 in
3404 536 3577 592 famis

182 614 434 694 φέρεσθαι
496 616 722 690 τροφάς.
775 616 988 680 Εὐθέως
1045 614 1093 671 δ’
1151 615 1526 692 ἐξαῤῥάξαντες
1581 619 1676 682 τὰς
1730 617 1824 672 θύ-

182 727 299 777 ρας,
358 702 818 776 εἰσεπήδωψκαί
878 707 1043 778 μόνον
1105 706 1206 762 οὐκ
1262 706 1321 762 ἐκ
1363 713 1472 763 τῶν
1533 709 1820 783 φαρῦγγων

184 790 566 858 ἀναθλίϐοντες
611 793 739 857 τοὺς
785 795 1020 857 ἀκόλους
1067 795 1339 874 ἀνέφερον.
1392 797 1720 853 Ἐτύπταντο
1766 795 1824 852 δὲ

180 885 434 960 γέροντες
477 883 834 958 ἀντεχόμενοι
876 889 982 937 τῶν
1031 884 1238 942 σιτίων.
1293 885 1388 940 Καὶ
1436 886 1612 959 κόμας
1671 888 1822 942 ἐσπα-

182 975 449 1048 ράσσοντο
507 979 777 1050 γυναῖκες,
838 973 1307 1048 συγκαλύπτουσαι
1372 975 1439 1029 τα
1505 974 1556 1029 ἐν
1614 975 1818 1050 χερσίν.

183 1061 317 1120 Οὐδέ
370 1083 455 1124 τις
515 1063 582 1132 ἦν
641 1063 822 1125 οἶκτος
880 1062 1076 1125 πολιᾶς
1133 1063 1168 1132 ἢ
1214 1065 1468 1134 νηπίων·
1515 1063 1658 1120 ἀλλὰ
1701 1085 1818 1119 συν-

181 1152 496 1212 επαίαοντες
544 1151 610 1205 τὰ
654 1147 842 1205 παιδία
881 1155 990 1206 τῶν
1037 1155 1230 1224 ψυμῶν
1272 1151 1662 1227 ἐκκρεμάμενα,
1695 1174 1822 1209 κατ-

181 1241 345 1296 έσειον
407 1239 484 1302 εἷς
540 1233 776 1319 {Sapor
809 1245 926 1302 τοῖς
985 1237 1041 1295 δὲ
1098 1240 1325 1318 φθάσασι
1372 1245 1473 1312 τήν
1521 1239 1817 1316 εἰσδρομὴν

179 1329 378 1398 αὐτῶν,
439 1329 527 1384 καὶ
602 1333 1034 1403 προκαταπιοῦσι
1089 1331 1153 1384 τὸ
1219 1331 1692 1404 ἁρπαγησόμενον,
1744 1333 1817 1396 ὡς

179 1414 528 1480 ἀδικηθέντες
565 1417 702 1484 ἦσαν
733 1417 1027 1492 ὠμότεροι.
1049 1420 1245 1480 ηΔεινὰς
1281 1417 1338 1474 δὲ
1371 1420 1616 1494 βασάνων
1658 1418 1818 1484 ὁδοὺς

179 1504 427 1561 ἐπενόουν
462 1505 600 1579 πρός
631 1504 846 1580 ἔρευναν
886 1514 1093 1584 τροφῆς
1117 1527 1130 1540 ⁶
1165 1503 1386 1581 ὀρόϐοις
1437 1510 1532 1582 μὲν
1575 1508 1817 1588 ἐμφράτο

183 1616 360 1658 τοντες
418 1601 536 1658 τοῖς
592 1593 804 1658 ἀθλίοις
863 1596 989 1659 τοὺς
1042 1601 1150 1651 τῶν
1208 1594 1430 1652 αἰδοίων
1462 1599 1688 1671 πόρους,
1722 1600 1821 1672 ῥά-

186 1679 340 1746 ϐδοις
391 1681 438 1738 δ’
488 1684 682 1754 ὀξείαις
731 1684 1112 1760 ἀναπείροντες
1158 1685 1252 1747 τάς
1301 1684 1482 1756 ἕδρας.
1516 1689 1592 1742 Τά
1623 1689 1820 1766 φρικτά

181 1771 237 1828 δὲ
281 1773 369 1828 καὶ
419 1773 608 1835 ἀκοαῖς
656 1771 860 1850 ἔπασχέ
906 1795 988 1835 τις
1040 1773 1115 1834 είς
1154 1773 1557 1851 ἐξομολόγησιν
1591 1777 1703 1838 ἑνὸς
1735 1775 1819 1850 ἅρ-

1933 625 1990 674 et
2021 619 2223 673 inediae
2259 621 2496 674 miseria
2547 619 2933 690 proculcetur.
2969 623 3267 694 Siquidem
3304 626 3578 682 mulieres

1932 723 2000 764 ex
2047 709 2320 775 virorum,
2373 708 2536 764 liberi
2588 725 2656 763 ex
2709 715 2961 780 patrum,
3008 714 3260 784 etquod
3315 717 3579 772 omnium

1933 796 2437 853 luctuosissimum
2469 803 2574 868 est,
2601 805 2817 854 matres
2847 818 2916 856 ex
2947 803 3234 858 infantum
3269 821 3365 859 ore
3386 806 3583 862 cibum

1934 889 2243 956 rapientes,
2275 887 2679 944 extrahebant.
2720 888 2782 942 Et
2833 905 2966 944 cum
3000 891 3341 948 dulcissima
3371 895 3426 948 in
3464 911 3582 949 ma-

1933 976 2110 1030 nibus
2139 991 2338 1031 earum
2391 977 2629 1048 pignora
2685 989 3128 1050 marcescerent,
3169 987 3455 1037 extremas
3484 987 3580 1038 ta-

1933 1081 2060 1118 men
2095 1065 2208 1120 illis
2250 1065 2377 1120 vitis
2411 1065 2768 1129 sustinenda
2800 1069 3070 1144 reliquias
3102 1073 3468 1128 aut'erebant.
3498 1074 3578 1128 Λο

1932 1169 2004 1207 ne
2033 1154 2116 1208 sic
2146 1153 2379 1224 quidem
2413 1153 2607 1208 cibum
2642 1156 2838 1210 furtim
2864 1157 3153 1228 capientes
3176 1158 3354 1213 latere
3388 1169 3578 1230 potue-

1931 1249 2085 1296 runt.
2137 1242 2358 1297 Passim
2408 1243 2562 1298 enim
2609 1244 2774 1311 ipsis,
2835 1245 3132 1318 raptisque
3179 1263 3377 1302 eorum
3409 1249 3576 1320 cibis,

1927 1331 2190 1386 seditiosi
2230 1330 2528 1402 praedones
2577 1331 2977 1392 imminebant.
3031 1335 3375 1408 Ubicunque
3417 1339 3573 1394 enim

1929 1419 2014 1474 illi
2046 1420 2195 1474 aedes
2225 1419 2451 1474 clausas
2483 1423 2947 1492 conspexissent,
2997 1435 3232 1495 sumpto
3259 1426 3393 1482 inde
3419 1427 3574 1482 indi-

1931 1509 2039 1576 cio,
2072 1509 2267 1563 cibum
2301 1509 2461 1564 intus
2491 1510 2620 1579 capi
2651 1513 3071 1580 existimantes,
3124 1515 3316 1570 statim
3351 1516 3576 1572 toribus

1931 1599 2250 1667 perfractis,
2289 1613 2422 1652 cum
2457 1599 2674 1669 impetu
2718 1601 2774 1654 in
2827 1618 2920 1656 eas
2950 1602 3281 1658 insiliebant
3313 1620 3326 1658 :
3370 1609 3427 1658 et
3459 1614 3582 1660 tan-

1931 1692 2058 1741 tum
2092 1704 2204 1741 non
2235 1703 2302 1741 ex
2334 1688 2479 1758 ipsis
2512 1691 2775 1744 faucibus
2797 1692 3138 1746 miserorum
3176 1695 3577 1750 minutissima

1932 1777 2119 1830 frusta
2161 1779 2540 1842 excutientes,
2593 1777 2828 1834 reddere
2872 1783 3176 1851 cogcbant.
3231 1783 3580 1838 Verberibus

177 1883 292 1932 του,
324 1863 411 1916 καὶ
456 1863 554 1917 ἰνα
605 1862 817 1936 μηνύσῃ
866 1861 1036 1938 δράκα
1088 1865 1214 1934 μίαν
1244 1866 1630 1937 κεκρυμμένων
1658 1863 1819 1935 ἀλφί-

1933 1865 2341 1919 afficiebantur
2393 1882 2583 1934 senes,
2634 1869 2838 1937 epulas
2894 1886 3032 1924 suas
3093 1879 3573 1941 propugnantes:

181 1973 309 2007 των.
342 1953 406 2008 Οἱ
469 1951 784 2023 βασανισταὶ
831 1949 877 2006 δ’
927 1951 1025 2006 οὐκ
1074 1950 1334 2006 ἐπείνων
1372 1953 1462 2007 καὶ
1507 1955 1606 2028 γάρ
1648 1957 1818 2023 ἧττον

179 2037 378 2112 ἄνομον
434 2038 503 2108 ἦν
559 2040 620 2094 τὸ
681 2039 816 2112 μετᾶ
871 2039 1148 2113 ἀνάγκης·
1188 2042 1548 2115 γυμνάζοντες
1607 2043 1663 2097 δὲ
1718 2045 1816 2111 τήν

182 2127 456 2196 ἀπόνοιαν,
509 2127 600 2180 καὶ
669 2131 1274 2202 προπαρασκευάζοντες
1337 2129 1548 2192 ἑαυτοῖς
1607 2131 1682 2191 εἷς
1725 2133 1820 2192 τάς

183 2214 296 2283 ἑξῆς
353 2217 569 2289 ἡμέρας
616 2214 824 2294 ἐφόδια,
857 2220 974 2278 τοῖς
1021 2213 1181 2271 δ’ἐπῖ
1235 2219 1334 2283 τήν
1384 2222 1492 2272 τῶν
1531 2219 1818 2291 Ῥωμαίων

182 2305 412 2380 φρουρὰν
457 2304 674 2380 νύκτωρ
719 2303 1062 2377 ἐξερπύσασιν
1105 2305 1190 2360 ἐπὶ
1238 2307 1491 2381 λαχάνων
1537 2307 1816 2380 συλλογὴν

180 2393 374 2466 ἀγρίων
418 2395 514 2448 καὶ
576 2396 734 2456 πόας,
785 2396 1121 2457 ὑπαντῶντες
1170 2396 1248 2450 ὅτ’
1301 2395 1408 2464 ἤδη
1467 2398 1594 2452 τοῦς
1653 2398 1819 2452 πολε-

184 2481 331 2553 μίους
388 2480 806 2558 διαπεφευγέναι
854 2481 1101 2552 ἐδόκουν,
1159 2484 1474 2560 ἀιρήρπαζον
1532 2487 1598 2540 τα
1655 2509 1822 2558 κομι-

182 2572 384 2626 σθέντα·
433 2571 526 2626 καὶ
579 2571 852 2635 πολλάκις
883 2573 1228 2628 ἱκετευόντων
1274 2575 1363 2628 καὶ
1421 2575 1483 2628 τὸ
1531 2577 1822 2653 φρικτότα-

183 2682 269 2715 τον
309 2661 756 2734 ἐπικαλουμένων
806 2659 982 2734 ὄνομα
1023 2668 1122 2718 τοῦ
1167 2669 1326 2734 Θεοῦ,
1363 2663 1683 2735 μεταδοῦναι
1726 2666 1820 2738 μέ-

189 2770 276 2823 ρος
331 2753 516 2809 αῦτοῖς
571 2753 645 2806 ὧν
695 2750 1130 2814 κινδυνεύσαντες
1177 2755 1428 2830 ἤνεγκαν,
1473 2753 1586 2809 οὐδ’
1635 2756 1816 2810 ὁτιοῦν

195 2838 490 2909 μετέδοσαν.
525 2842 844 2917 Ἀγαπητὸν
871 2839 916 2896 δ’
947 2843 1012 2910 ἦν
1043 2844 1105 2898 τὸ
1139 2845 1216 2914 μή
1250 2845 1336 2898 καὶ
1379 2843 1819 2916 προσαπολέσθαι

193 2926 604 2999 σεσυλημένους,
643 2955 664 2980 s
700 2931 925 2990 Τούτοις
961 2932 1078 3002 μεθ’
1107 2929 1263 3006 ’ἐτερα
1313 2932 1552 3011 ἐπιφέρει
1601 2933 1778 3009 λέγων
1801 2952 1816 2966 ⁸

188 3037 214 3066 ‹‹
247 3014 525 3080 Ἰουδαίοις
559 3015 616 3073 δὲ
651 3019 786 3091 μετὰ
821 3025 928 3072 τῶν
979 3017 1173 3088 ἐξόδων
1222 3021 1466 3090 ἀπεκόπη
1516 3028 1656 3076 πᾶσα
1709 3043 1814 3076 σω-

186 3103 365 3178 τηρίας
421 3107 608 3169 ἐλπίς.
674 3109 773 3164 Καὶ
835 3109 1066 3181 βαθύνας
1135 3109 1318 3164 ἑαυτὸν
1377 3111 1404 3165 ὁ
1461 3110 1644 3182 λ.μὸς,
1702 3110 1820 3166 κατ’

185 3194 355 3258 ονκους
410 3199 500 3252 καὶ
567 3199 748 3272 γενεάς
802 3199 894 3252 τὸν
951 3197 1127 3270 δῆμον
1186 3195 1544 3254 ἐπεϐόσκετο·
1607 3201 1695 3254 καὶ
1751 3199 1819 3254 τά

187 3284 273 3356 μὶν
327 3285 457 3363 τέγη
517 3285 857 3361 πεπλήρωτο
915 3293 1183 3364 γυναικῶν
1238 3291 1324 3343 καὶ
1382 3292 1590 3366 βρευῶν
1643 3289 1812 3344 λελυ-

187 3372 372 3444 μένων,
405 3377 456 3430 o't
508 3377 777 3430 στενωποί
827 3373 884 3432 δὲ
932 3377 1202 3451 γερόντων
1253 3383 1476 3452 νεκρῶν.
1516 3377 1706 3440 Παῖδες
1756 3375 1813 3434 δὶ

182 3463 265 3516 καὶ
321 3465 528 3520 νεανίαι
599 3463 950 3537 διοιδοῦντες,
1010 3465 1189 3542 ὥσπερ
1249 3466 1453 3524 εἴδωλα
1509 3469 1645 3523 κατὰ
1720 3468 1812 3529 τὰς

183 3549 370 3626 ἀγοράς
428 3552 769 3627 ἀνειλοῦντο,
826 3555 916 3610 καὶ
983 3557 1330 3626 κατέπιπτον,
1388 3556 1512 3611 ὅποι
1576 3558 1696 3611 τινα
1750 3557 1813 3611 τὸ

185 3641 345 3704 πάθος
398 3639 839 3717 καταλαμϐάνοι.
872 3644 1100 3700 Θάπτειν
1157 3643 1215 3700 δὲ
1270 3648 1395 3707 τους
1443 3647 1814 3718 προσήκοντας

183 3728 304 3784 οῧτο
349 3727 554 3808 ὅσχυον
604 3733 655 3787 οἱ
698 3734 1012 3806 κάμνοντες,
1045 3735 1135 3788 καὶ
1183 3736 1245 3790 τὸ
1280 3731 1585 3788 διευτονοῦν
1632 3733 1814 3802 ὤκνει,

183 3813 267 3872 διά
321 3840 378 3875 τε
429 3823 495 3877 τὸ
559 3819 770 3886 πλῆθος
829 3827 933 3878 τῶν
991 3827 1212 3891 νεκρῶν,
1246 3825 1333 3877 καὶ
1380 3823 1440 3878 τὸ
1493 3824 1626 3879 κατά
1681 3829 1816 3902 σιγᾶς

183 3903 406 3976 ἔκδηλον.
473 3908 692 3966 Πολλοὶ
749 3911 852 3986 γὰρ
907 3917 1022 3972 τοῖς
1081 3912 1167 3966 ὑπ’
1234 3911 1406 3966 αὐτῶν
1458 3912 1817 3983 θαπτομένοις

185 3993 625 4069 ἐπαπέθνησκον*
681 3997 890 4054 πολλοῖ
937 3997 984 4054 δ’
1024 3999 1107 4054 ἐπὶ
1159 4001 1252 4062 τὰς
1301 4003 1491 4070 θήκας,
1536 4001 1663 4073 πρίν
1711 3999 1824 4056 ἐπι-

185 4090 368 4153 στῆναι
413 4088 475 4143 τὸ
537 4087 744 4166 χρεὼν,
775 4087 1221 4164 προῆλθον.οί5τε
1282 4087 1336 4144 δὲ
1392 4092 1588 4162 θρῆνος
1622 4087 1672 4143 ἐν
1700 4095 1820 4152 ταῖς

186 4181 510 4250 συμφοραῖς,
545 4175 668 4230 οὔτε
697 4176 1019 4252 ὀλοφυρμὸς
1045 4179 1112 4246 ἦν
1138 4199 1149 4211 ·
1185 4177 1329 4233 ἀλλᾶ
1362 4179 1388 4233 ὁ
1421 4178 1585 4250 λιμὸς
1616 4179 1824 4256 ἤλεγχε

183 4263 250 4316 τά
295 4265 460 4336 πάθη.
492 4268 705 4336 Ξηροῖς
757 4264 812 4320 δέ
849 4271 967 4330 τοῖς
1013 4264 1220 4339 ὄμμασι
1270 4268 1359 4322 καὶ
1411 4270 1666 4342 σεσηρόσι
1707 4275 1823 4332 τοῖς

187 4351 437 4426 στόμασιν
488 4357 542 4411 οἱ
601 4354 1046 4422 δυσθανατοῦντες
1097 4360 1352 4434 έερεώρων
1416 4359 1542 4421 τοὺς
1601 4359 1826 4436 φθάσαν·

186 4461 274 4503 τας
326 4443 755 4500 ἀναπαύσασθαι.
815 4447 1010 4500 Βαθεῖα
1075 4444 1130 4500 δὲ
1202 4448 1300 4516 τήν
1361 4446 1522 4502 πόλιν
1580 4453 1831 4522 περιεῖχε

189 4532 330 4605 σιγή,
361 4535 448 4588 καὶ
501 4534 592 4608 νὺξ
634 4535 864 4590 θανάτου
922 4533 1166 4610 γέμουσα
1194 4558 1206 4570 ·
1240 4539 1326 4592 καὶ
1388 4537 1594 4592 τούτων
1639 4539 1693 4593 οἱ
1741 4538 1836 4612 λῃ·

1927 1953 2149 2022 capillis
2182 1957 2566 2022 raptabantur
2596 1958 2889 2025 mulieres,
2913 1960 3074 2013 cibos
3104 1976 3250 2029 quos
3286 1960 3580 2015 habebant

1927 2048 2308 2098 occultantes.
2343 2044 2512 2099 Nulla
2542 2047 2792 2111 canitiei,
2820 2047 2976 2102 nulla
3001 2055 3205 2102 teneris
3236 2049 3423 2103 aetatis
3454 2055 3578 2103 erat

1929 2133 2359 2186 commiseratio
2391 2148 2404 2186 :
2441 2135 2540 2188 sed
2577 2135 2797 2205 puellos
2837 2151 2948 2189 una
2991 2152 3126 2192 cum
3158 2138 3420 2192 ciborum
3456 2138 3576 2191 fru-

1929 2223 2055 2285 stis,
2090 2238 2234 2292 quos
2288 2223 2344 2276 in
2396 2239 2494 2277 ore
2545 2223 2855 2288 habebant,
2903 2224 2960 2277 in
3013 2226 3265 2280 sublime
3295 2228 3580 2294 sublatos,

1930 2311 2050 2367 solo
2090 2312 2424 2366 allidebant.
2467 2314 2522 2368 Si
2559 2315 2654 2383 qui
2689 2322 2883 2368 autem
2927 2315 3375 2386 impressionem
3407 2325 3582 2386 atque

1929 2403 2206 2470 impetum
2256 2418 2458 2456 eorum
2515 2406 2945 2473 praevenissent,
3002 2411 3059 2458 et
3101 2405 3154 2458 id
3187 2407 3340 2475 quod
3375 2405 3458 2460 illi
3491 2422 3578 2461 ra-

1931 2490 2084 2561 pturi
2117 2492 2343 2545 fuerant
2364 2493 2793 2562 deglutiissent,
2817 2500 2936 2546 tum
2960 2493 3043 2547 illi
3069 2500 3344 2564 tanquam
3365 2494 3580 2563 injuria

1928 2579 2143 2644 affecti,
2174 2581 2473 2636 ferociores
2503 2580 2972 2653 crudelioresque
3003 2583 3236 2650 fiebant,
3271 2587 3324 2638 et
3356 2583 3578 2654 gravis-

1929 2667 2074 2722 sima
2107 2669 2176 2721 ad
2211 2667 2406 2723 cibum
2440 2669 2858 2740 inquirendum
2890 2676 3318 2726 tormentorum
3352 2672 3578 2728 crucia-

1929 2763 2211 2826 tuumque
2242 2772 2453 2827 genera
2485 2757 2906 2822 excogitabant.
2943 2759 3168 2814 Meatus
3192 2775 3446 2830 namque
3478 2777 3580 2829 pu-

1927 2844 2252 2899 dendorum
2309 2845 2664 2901 calamitosis
2723 2845 3060 2902 hominibus
3118 2863 3251 2903 ervo
3308 2849 3577 2903 immisso

1927 2934 2298 2988 obturabant.
2331 2933 2694 2996 Quibusdam
2728 2936 2785 2990 in
2837 2952 3048 2991 arcana
3079 2937 3306 2991 aedium
3343 2938 3462 2992 locu
3493 2938 3573 3009 (id

1928 3019 2083 3091 quod
2132 3021 2334 3076 auditu
2387 3025 2740 3076 horrendum
2782 3026 2891 3090 est)
2945 3023 3190 3094 perticas
3233 3029 3431 3078 acutas
3479 3040 3578 3094 per

1927 3111 2037 3163 vim
2073 3109 2445 3164 immitebaut
2477 3115 2536 3164 ut
2569 3111 2652 3164 vel
2691 3129 2888 3182 panem
2925 3127 3126 3180 unum,
3160 3113 3244 3166 vel
3275 3112 3574 3167 occultatae

1931 3199 2126 3252 farina:
2179 3199 2460 3269 pugillum
2510 3200 2856 3256 indicarent.
2907 3200 3220 3256 Carnitices
3261 3210 3454 3256 autem
3491 3201 3572 3256 illi

1931 3304 2040 3342 non
2077 3304 2276 3340 omnes
2308 3289 2555 3355 egi-bunt
2583 3305 2596 3342 :
2625 3297 2679 3342 et
2704 3290 2917 3358 injuria
2949 3289 3331 3360 violentiaque
3351 3305 3574 3356 eorum,

1925 3381 2157 3446 prapter
2213 3379 2638 3443 necessitatem,
2700 3377 2856 3446 juris
2913 3379 3314 3448 mquitatisque
3380 3376 3572 3432 locum

1923 3465 2336 3532 obtinuissent,
2387 3465 2489 3519 sed
2542 3466 2862 3522 vecordiam
2914 3483 3082 3521 suam
3137 3465 3324 3538 palam
3368 3482 3481 3535 prae
3512 3482 3575 3521 se

1926 3554 2192 3616 ferentes,
2243 3552 2583 3607 alimentum
2636 3559 2915 3623 tanquam
2965 3556 3238 3608 viaticum
3272 3552 3383 3608 sibi
3418 3553 3576 3623 rapi-

1926 3645 2015 3698 nis
2044 3644 2101 3698 in
2138 3644 2397 3697 futurum
2424 3653 2654 3713 tempus
2681 3647 2980 3714 parabant.
3007 3650 3083 3701 Ac
3105 3647 3146 3698 si
3183 3647 3278 3716 qui
3307 3650 3478 3699 noctu
3503 3661 3571 3700 ex

1928 3737 2071 3789 urbe
2101 3734 2248 3788 clam
2287 3736 2342 3788 in
2378 3734 2770 3790 Romanorum
2805 3743 2995 3791 castra
3025 3747 3081 3790 et
3112 3735 3468 3790 munitiones
3498 3735 3570 3790 ad

1927 3828 2083 3880 olera
2114 3825 2437 3894 herbasque
2461 3835 2716 3892 agrestes
2737 3826 3096 3896 colligendas
3123 3825 3568 3896 prorepsissent,

1927 3931 2059 3968 cum
2095 3913 2290 3968 miseri
2325 3913 2406 3967 illi
2448 3931 2506 3967 se
2541 3915 2793 3968 hostium
2825 3916 3122 3970 custodias
3155 3914 3405 3969 fallendo
3434 3931 3568 3970 cva-

1928 4006 2072 4060 sisse
2102 4003 2421 4071 crederent,
2455 4006 2510 4058 in
2534 4003 2798 4058 'latrones
2838 4021 2937 4061 eos
2970 4005 3322 4071 incidebant,
3354 4007 3455 4074 qui
3485 4004 3570 4060 eis

1931 4092 2084 4163 quod
2116 4091 2447 4146 attulissent
2477 4092 2833 4164 diripiebant
2863 4110 2876 4146 :
2912 4101 2968 4148 et
3010 4110 3142 4149 cum
3179 4110 3331 4163 sepe
3362 4092 3571 4148 miser-

1935 4180 2065 4234 rimi
2097 4179 2180 4233 illi
2225 4179 2514 4240 mortales.
2569 4182 2850 4237 horrendo
2891 4181 2991 4237 Dei
3039 4182 3300 4236 invocato
3341 4180 3576 4236 nomine

1932 4267 2307 4340 praedonibus
2335 4267 2408 4323 ad
2442 4270 2613 4338 pedes
2635 4285 2829 4325 eorum
2853 4272 3135 4338 provoluti
3159 4269 3579 4342 supplicarent,

1939 4355 2095 4414 282
2145 4365 2202 4410 ut
2249 4357 2556 4412 minimam
2617 4360 2824 4413 saltem
2884 4365 3104 4428 partem
3167 4351 3382 4430 pabuli,
3429 4356 3584 4429 quod

1940 4451 2196 4501 extremo
2237 4445 2390 4500 adito
2442 4447 2694 4516 periculo
2743 4447 3106 4514 attulissent,
3140 4452 3224 4502 eis
3256 4447 3586 4510 redderent,

1944 4535 2089 4589 nihil
2125 4552 2366 4604 prorsus
2408 4537 2781 4605 recipiebant.
2816 4537 2964 4601 Quin
3002 4537 3142 4591 bene
3181 4536 3354 4590 etiam
3387 4547 3585 4587 secum

187 4619 299 4674 σταὶ
332 4621 753 4699 χαλεπώτεροι·
785 4620 1280 4699 τυμϐωρυχοῦντες
1313 4631 1442 4700 γοῦν
1482 4629 1578 4690 τὰς
1629 4627 1822 4694 οἰκίας,

1935 4625 2026 4696 agi
2061 4625 2367 4693 putabant,
2423 4625 2468 4677 si
2524 4625 2592 4679 ad
2646 4641 2777 4679 eum
2833 4626 3068 4680 modum
3115 4623 3430 4692 dispoliuti,
3473 4637 3586 4675 non

187 4705 386 4765 ἐσύλων
443 4712 571 4774 τοῦς
629 4713 890 4783 νεκρο·5ς’
925 4716 1015 4768 καί
1069 4715 1136 4770 τὰ
1183 4714 1518 4788 καλύμματα
1576 4721 1684 4770 τῶν
1721 4737 1834 4770 σω-

193 4797 367 4867 μάτων
409 4801 798 4877 περίσπῶντες,
844 4803 979 4874 μετά
1025 4803 1268 4880 γέλωτος
1319 4804 1540 4879 ἐξῄεσαν
1568 4823 1580 4836 °
1637 4809 1734 4867 τάς
1776 4825 1834 4860 τε

190 4881 362 4958 ἆκμάς
418 4895 524 4944 τῶν
586 4891 753 4967 ξιφῶν
814 4887 1144 4960 ἐδοκίμαζον
1195 4892 1245 4946 ἐν
1284 4898 1402 4954 τοῖς
1431 4891 1712 4965 πτώμασι,
1745 4891 1834 4947 καί

189 4993 328 5038 τινας
384 4983 490 5033 τῶν
554 4975 896 5053 ἐρριμμένων
965 4977 1043 5034 ἔτι
1107 4985 1315 5050 ζῶντας
1391 4980 1685 5052 διήλαυνον
1745 4980 1830 5036 ἐπὶ

194 5061 345 5136 πείρᾳ
398 5071 493 5121 τοῦ
575 5064 823 5142 σιδήρου.
859 5069 991 5130 Τοὺς
1061 5065 1118 5124 δὲ
1204 5070 1536 5130 ἱκετεῦοντας
1590 5072 1833 5144 χρῆσθαι

193 5149 355 5226 σφίσι-
389 5150 560 5227 δεξιὰν
613 5154 702 5210 καὶ
759 5155 914 5234 ξίφος
970 5161 1050 5228 τῷ
1101 5157 1254 5232 λιμῷ
1301 5156 1593 5214 κατέλιπον
1639 5158 1837 5232 ὑπερηο

195 5244 496 5315 φανοῦντες.
547 5243 645 5298 Καὶ
731 5249 838 5300 τῶν
917 5243 1246 5303 ἐκπνεόντων
1323 5244 1547 5302 ἷέκαστος
1633 5247 1835 5316 ἀπηνὲς

197 5325 268 5390 εἰς
307 5329 397 5383 τὸν
443 5333 577 5387 νεὼν
623 5331 855 5410 ἐφεώρα,
885 5332 1012 5397 τοὺς
1072 5335 1397 5397 στασιαστὰς
1450 5341 1655 5405 ζῶντας
1701 5335 1839 5390 ἀπο-

199 5411 478 5476 λιπών.οἱ
538 5418 595 5476 δὲ
649 5421 711 5476 τὸ
773 5422 867 5494 μὶν
927 5426 1142 5496 πρῶτον
1203 5423 1261 5478 ἐκ
1311 5429 1408 5480 τοῦ
1441 5422 1714 5496 δημοσίου
1746 5426 1836 5492 θη.

198 5511 390 5580 σαυροῦ
444 5509 570 5570 τοῦς
626 5510 850 5586 νεκροὺς
903 5511 1118 5568 θάπτειν
1177 5512 1449 5576 ἐκέλευον,
1502 5515 1599 5582 τήν
1660 5513 1838 5580 ὀσμὴν

143 5639 156 5648 .
201 5591 258 5646 οὗ
305 5594 586 5674 φέροντες·
635 5595 823 5656 ἔπειτα
871 5601 944 5662 ὡς
990 5600 1052 5654 οῦ
1099 5597 1383 5672 διήρκουν,
1416 5601 1524 5657 ἀπὸ
1575 5606 1682 5658 τῶν
1725 5620 1836 5656 τειο

198 5685 310 5756 χῶν
338 5681 619 5760 ἐρρίπτουν
653 5688 730 5756 είς
765 5688 860 5750 τὰς
911 5689 1212 5767 φάραγγας.
1248 5691 1485 5768 Περιιὼν
1537 5688 1596 5747 δὶ
1644 5688 1841 5752 ταύτας

505 5789 766 5856 Panos.
813 5791 922 5855 Gs.
967 5790 1191 5855 CXLV.

1941 4713 2511 4770 contrucidarentur.
2569 4736 2596 4762 ››
2649 4713 2748 4768 His
2797 4715 3068 4783 deinceps
3121 4715 3236 4767 alia
3265 4709 3590 4780 subjungit,

1943 4803 2142 4856 dicens
2178 4818 2190 4855 :
2238 4820 2264 4850 α
2299 4801 2518 4857 ,Ιυόπιίε
2553 4819 2720 4873 porro
2762 4807 2818 4856 et
2847 4802 3036 4857 exitus
3067 4804 3136 4855 ad
3175 4806 3363 4870 fugam
3397 4798 3591 4852 omnis

1945 4889 2262 4959 praeclusus
2295 4893 2350 4942 et
2380 4905 2512 4959 spes
2541 4889 2747 4946 salutis
2781 4905 3018 4960 prorsus
3051 4889 3292 4958 praecisa
3322 4891 3464 4941 erat.
3495 4885 3594 4939 Fa-

1945 4995 2068 5033 mes
2099 4985 2234 5033 aute
2251 4997 2300 5032 m
2323 4979 2701 5044 invalesceas,
2721 4982 3056 5050 passimque
3084 4995 3184 5050 per
3207 4978 3412 5032 domos
3433 4980 3489 5030 et
3513 4976 3594 5028 ta-

1947 5067 2140 5122 milias
2168 5067 2447 5139 p0pulum
2470 5067 2794 5140 depasaens
2817 5069 3132 5122 crescebat.
3159 5066 3374 5122 Domus
3397 5062 3600 5118 umile-

1944 5173 2073 5211 rum
2092 5161 2148 5211 et
2163 5156 2451 5212 infantum
2475 5157 2852 5211 cadaveribus
2868 5155 3046 5224 plena
3061 5153 3319 5211 erant.In
3337 5152 3602 5222 angipor-

1944 5246 2100 5301 tibus
2127 5247 2340 5317 passim
2365 5261 2536 5300 senes
2570 5245 2780 5301 mortui
2805 5245 3096 5313 iacebant.
3130 5242 3294 5300 Pueri
3327 5247 3520 5296 autem
3545 5243 3606 5293 et

1945 5333 2341 5389 adolescentes
2375 5333 2902 5389 intumescentibus
2933 5333 3294 5404 corporibus,
3331 5340 3605 5400 tanquam

1944 5423 2097 5476 idola
2128 5428 2184 5476 et
2214 5423 2530 5478 simulacra
2555 5426 2611 5475 in
2642 5424 2766 5477 foro
2791 5422 3252 5484 circumeuntes,
3277 5420 3615 5488 ubicunque

1945 5527 2230 5582 quemque
2261 5528 2433 5566 casus
2488 5516 2856 5582 occupasset,
2911 5510 3324 5565 concidebant.
3360 5505 3616 5579 Sepelire

1944 5618 2078 5657 vero
2107 5618 2313 5674 genere
2347 5603 2454 5658 sibi
2491 5609 2589 5657 aut
2613 5602 3052 5658 necessitudine
3085 5601 3200 5656 alia
3239 5599 3614 5669 conjunctae,

1947 5688 2225 5746 imbecilli
2272 5705 2388 5749 non
2434 5693 2703 5763 poterant
2737 5707 2748 5744 :
2787 5689 3142 5746 valentiores
3184 5693 3382 5747 autem
3416 5686 3615 5740 borre.

3203 5787 3280 5850 29
