4032 6282
486 317 603 378 90⁸1

1788 315 2211 380 NICEPHORI
2255 319 2608 383 CALLISTI
3769 330 3862 391 908

487 452 650 520 bant,
683 467 813 508 cum
865 452 1100 524 propter
1138 454 1483 506 cadaverum
1516 448 1978 519 multitudinem,
2009 455 2134 508 tum

2254 454 2282 508 ὁ
2312 458 2494 523 Τῖτος,
2527 454 2602 516 ὡς
2650 450 2901 509 ἐθεάσατο
2947 452 3338 528 πεπλησμένας
3393 461 3500 512 τῶν
3549 463 3764 530 νεκρῶν,
3792 465 3861 517 καὶ

491 545 645 616 quod
682 542 908 614 ipsimet
941 543 1010 595 de
1039 540 1157 595 vita
1187 556 1295 594 sua
1324 539 1528 593 incerti
1553 544 1770 595 essent.
1807 539 1976 595 Multi
2008 558 2138 598 vero

489 635 664 690 etiam
697 634 780 688 eis
813 647 957 702 quos
991 629 1370 701 sepeliebant,
1403 628 1894 684 immoriebantur
1927 646 1941 684 :
1971 632 2138 687 multi

490 723 553 778 in
603 722 818 778 loculos
869 737 1006 775 suos
1061 726 1118 776 et
1164 725 1428 790 sepulcra
1487 720 1650 790 prius
1693 721 2138 792 descendebant,

491 827 667 884 quam
699 818 954 866 extrema
985 811 1217 866 adesset
1250 809 1583 865 necessitas.
1637 810 1831 878 Neque
1874 811 2140 880 planctus

491 901 663 969 ullus,
715 916 900 970 neque
948 898 1203 968 ejulatus
1250 899 1307 954 in
1353 898 1646 968 ejusmodi
1693 897 1960 954 cladibus
1990 906 2136 970 erat,

496 993 599 1048 sed
651 991 831 1046 fames
878 991 1208 1046 affectiones
1258 989 1404 1059 tales
1432 988 1793 1060 praepediens
1823 990 2140 1062 redargue-

488 1082 589 1137 bat
620 1097 634 1139 :
665 1081 838 1136 siccis
869 1068 1054 1136 oculis
1084 1085 1141 1136 et
1189 1095 1286 1134 ore
1336 1079 1545 1145 hianti,
1597 1079 1696 1148 qui
1741 1094 1890 1150 agre
1917 1079 2136 1136 morie-

488 1171 726 1240 bantur,
776 1169 921 1226 alios
969 1185 1027 1224 se
1075 1169 1135 1225 in
1184 1171 1370 1224 morte
1410 1167 1828 1239 praevenientes
1857 1168 2138 1240 inspicie-

491 1261 652 1316 bant.
682 1263 744 1316 ln
779 1261 918 1316 urbe
951 1259 1131 1315 altum
1173 1265 1295 1314 erat
1332 1258 1654 1328 silentium,
1697 1267 1751 1312 et
1798 1265 1970 1314 noctu
2006 1259 2135 1331 plu-

490 1349 640 1406 rima
688 1351 892 1406 mortis
921 1350 1110 1421 imago
1143 1366 1162 1404 :
1209 1354 1610 1404 verumtamen
1655 1346 1828 1402 tantis
1858 1347 2137 1403 aerumnis

489 1444 547 1495 et
575 1439 842 1496 cladibus
877 1439 1175 1510 prmdoues
1201 1439 1372 1509 longe
1399 1441 1563 1492 erant
1589 1437 1900 1507 graviores.
1935 1436 2136 1507 Sepul-

489 1547 590 1587 cra
617 1532 774 1585 enim
821 1531 1178 1594 etl‘odientes,
1211 1528 1488 1582 cadavera
1535 1525 1870 1596 spoliabant
1903 1542 1916 1580 :
1950 1531 2009 1581 et
2038 1527 2135 1582 deo

488 1622 690 1679 tractis
718 1621 949 1676 illorum
995 1620 1246 1675 vestibus
1275 1634 1408 1672 cum
1452 1618 1567 1672 risu
1600 1617 1773 1672 etiam
1810 1620 2136 1688 progredie-

489 1713 722 1768 bantur.
773 1709 1102 1765 Gladiorum
1153 1708 1306 1763 acies
1353 1707 1416 1762 in
1463 1705 1842 1760 cadaveribus
1878 1708 2138 1778 experie-

487 1800 705 1854 bantur
737 1815 750 1852 :
785 1800 1074 1868 quosdam
1115 1797 1288 1853 etiam
1322 1795 1421 1867 qui
1457 1793 1618 1849 humi
1649 1795 1815 1850 strati
1842 1795 2135 1864 jacebant,

487 1897 661 1962 atque
690 1890 865 1946 etiam
896 1893 1022 1943 tum
1075 1885 1375 1959 paululum
1421 1885 1744 1956 spirabant,
1777 1900 1945 1940 enses
1989 1886 2138 1956 peri-

490 1981 748 2038 clitaturi
779 1978 1206 2034 confodiebant.
1249 1976 1308 2031 Si
1341 1975 1441 2046 qui
1473 1990 1603 2029 vero
1634 1974 1951 2046 supplices,
1984 1975 2134 2042 illos,

492 2077 554 2127 ut
583 2070 694 2125 sibi
731 2084 850 2140 pra;
897 2066 1068 2123 famis
1117 2065 1489 2121 intolerantia
1538 2073 1780 2119 mortem
1830 2063 2134 2132 inferrent,

489 2162 883 2224 obsecrarent,
913 2173 1014 2214 eos
1039 2154 1456 2212 contumeliose
1480 2152 1714 2209 relictos
1737 2152 2134 2224 praeteribant.

494 2251 564 2306 Et
593 2251 693 2322 qui
725 2256 842 2305 tam
879 2247 1085 2303 misere
1101 2245 1492 2316 exspirabant,
1517 2245 1589 2300 ad
1618 2243 1903 2314 templum
1938 2243 2136 2314 ipsum

489 2341 761 2397 continue
789 2354 924 2394 cum
957 2337 1175 2403 dolore,
1196 2335 1358 2390 vivos
1380 2334 1773 2405 relinquentes
1796 2331 2132 2400 seditiosos,

487 2429 916 2502 respectabant.
967 2427 1044 2480 Ac
1076 2425 1324 2496 primum
1359 2423 1594 2494 quidem
1629 2420 1860 2492 publico
1892 2425 2133 2492 sumptu

489 2521 787 2585 cadavera,
839 2520 1073 2588 propter
1112 2513 1542 2570 intolerandum
1577 2512 1854 2578 fcetorem,
1886 2510 2135 2580 sepelie-

487 2609 739 2665 bantur:
773 2622 906 2662 cum
942 2620 1075 2660 vero
1113 2604 1238 2674 jam
1288 2601 1650 2658 tumulandis
1697 2600 1780 2656 eis
1829 2597 2132 2654 libitinarii

487 2715 602 2755 non
659 2696 1011 2760 sufficerent,
1089 2709 1118 2748 e
1169 2707 1332 2747 muro
1381 2691 1440 2744 in
1491 2690 1681 2746 fossas
1730 2688 2128 2760 projiciebant.

483 2791 638 2852 Quas
662 2788 830 2843 Titus
861 2783 1175 2854 aliquando
1207 2781 1582 2842 circumiens,
1624 2795 1756 2834 cum
1791 2778 2131 2848 corporibus

483 2876 752 2948 repletas,
784 2879 842 2929 et
873 2873 1296 2928 redundantem
1342 2885 1410 2925 ex
1440 2867 1842 2924 difﬂuentibus
1871 2867 1988 2921 illis
2020 2866 2132 2920 mi-

483 2975 640 3023 stum
691 2969 825 3022 tabo
876 2969 934 3020 et
975 2961 1138 3018 sanie
1187 2976 1452 3016 cruorem
1486 2961 1762 3024 cerneret,
1794 2957 2127 3027 suspiravit,

483 3067 534 3113 et
571 3056 842 3112 manibus
861 3052 1108 3108 sublatis
1132 3050 1308 3106 Deum
1334 3055 1422 3104 est
1443 3052 1709 3114 testatus,
1736 3063 1848 3101 non
1873 3063 1934 3101 se
1957 3052 2128 3101 tanta

483 3147 668 3204 cladis
717 3146 1006 3200 auctorem
1058 3156 1204 3195 esse.
1240 3161 1269 3190 ››
1302 3138 1423 3193 Sub
1473 3137 1592 3191 haec
1633 3137 1896 3207 quaedam
1930 3135 2043 3190 alia
2071 3136 2128 3192 in

2257 543 2418 618 βαθὺν
2469 542 2651 617 ἰχῶρα
2711 539 3031 616 μυδώντων,
3059 543 3150 598 τόν
3203 543 3539 620 ὑποῤῥέοντα
3575 553 3684 605 τῶν
3711 552 3862 624 cuipi-

2250 654 2382 704 των,
2431 631 2669 703 ἐστέναξὲ
2714 653 2794 704 τε,
2843 631 2932 688 καί
2987 635 3082 696 τὰς
3143 640 3332 709 χεῖρας
3392 637 3692 709 ἀνατείνας,
3733 661 3862 696 κατε-

2255 722 2570 798 μαρτύρατο
2615 723 2704 776 τὸν
2757 723 2904 790 Θεὸν,
2947 723 3021 784 ὡς
3069 723 3168 778 οὐκ
3213 723 3297 795 ε’ἰη
3348 727 3412 780 τὸ
3452 725 3612 802 ἔργον
3650 729 3814 786 αὐτοῦ.
3841 755 3860 784 ι

2251 813 2485 874 Τούτοις
2519 809 2576 866 δὲ
2603 832 2726 866 τινα
2755 813 2924 866 εΐπὼν
2962 815 3180 886 μεταξὺ,
3213 814 3458 894 ἐπιφέρει
3500 816 3694 892 λέγων.
3726 819 3862 877 «Οὗα

2252 900 2312 956 ἂν
2365 901 2798 972 ὑποστειλαίμην
2849 901 3038 972 εἰπεῖν,
3085 901 3118 956 ἃ
3168 923 3262 976 μοι
3311 903 3526 960 κελεύει
3587 909 3650 961 τὸ
3698 909 3857 971 πάθος.

2251 991 2420 1064 Οἶμαι
2468 990 2752 1064 Ῥωμαίων
2803 987 3177 1066 βραδυνόντων
3234 991 3322 1048 ἐπὶ
3371 995 3500 1056 τοὺς
3550 994 3856 1071 ἆλίτηρίους,

2251 1079 2287 1149 ἢ
2344 1081 2712 1148 καταποθῆναι
2761 1077 2822 1134 ἃν
2871 1081 2973 1134 ὑπὸ
3022 1081 3336 1155 χάσματος,
3373 1082 3408 1152 ἢ
3459 1083 3858 1154 κατακλυσθῆναι

2249 1171 2348 1236 τήν
2369 1167 2531 1224 πόλιν
2569 1188 2582 1202 ·
2615 1168 2650 1238 ἢ
2680 1170 2807 1233 τοὺς
2833 1177 2933 1238 τῆς
2969 1167 3300 1243 Σοδομηνῆς
3335 1169 3665 1245 μεταλαϐεῖν
3695 1196 3859 1250 κεραυ-

2249 1258 2396 1320 νούς.
2444 1257 2594 1314 Πολὺ
2651 1259 2755 1332 γὰρ
2811 1263 2921 1316 τῶν
2969 1264 3192 1316 τοιαῦτα
3232 1262 3511 1317 παθόντων
3560 1262 3750 1341 ἤνεγκε
3793 1288 3860 1340 γε·

2249 1348 2373 1402 νεὰν
2418 1347 2741 1414 ἀθεωτέραν.
2801 1351 2879 1419 Τῇ
2935 1353 3064 1422 γοῦν
3121 1349 3326 1406 τούτων
3409 1352 3649 1425 ἀπονοίᾳ
3701 1360 3796 1416 πᾶς
3841 1357 3860 1408 ὁ

2255 1435 2387 1498 λαὸς
2421 1439 2789 1493 συναπώλετο.
2829 1463 2848 1487 ι
2886 1438 2990 1494 Καὶ
3020 1437 3073 1492 ἐν
3102 1443 3183 1510 τῷ
3209 1437 3351 1513 ἕκτῳ
3381 1438 3439 1496 δὲ
3489 1436 3694 1517 βιϐλίῳ
3749 1443 3861 1498 οὓτω

2253 1526 2476 1603 γράφει·
2513 1550 2540 1578 (ι
2589 1531 2704 1581 Τῶν
2756 1523 2812 1580 δὲ
2858 1527 2962 1582 ὑπὸ
3009 1531 3106 1581 τοῦ
3157 1527 3326 1602 λιμοῦ
3359 1531 3732 1606 φθειρομένων
3758 1535 3863 1587 uti

2251 1618 2348 1686 τὴν
2397 1615 2560 1671 πόλιν
2601 1615 2818 1690 ἄπειρον
2876 1617 2971 1690 μὲν
3014 1615 3205 1672 ἔπιπτε
3251 1620 3314 1672 τὸ
3346 1619 3593 1689 Πλῆθος,
3625 1619 3863 1697 ἀδιήγητα

2253 1703 2310 1760 δὲ
2367 1703 2642 1761 συνέϐαινε
2714 1707 2779 1761 τὰ
2835 1707 3004 1776 πάθη.
3066 1709 3194 1761 Καθ’
3252 1708 3480 1780 ἑκάστην
3534 1712 3636 1786 γὰρ
3693 1712 3862 1774 οὶκίαν,

2254 1794 2304 1848 εἶ’
2353 1816 2460 1850 που
2507 1801 2715 1874 τροφῆς
2771 1795 3109 1870 παραφανείη
3171 1798 3315 1868 σκιὰ,
3347 1799 3596 1871 πόλεμος
3651 1800 3760 1870 ἧν⁶
3797 1803 3862 1854 καὶ

2251 1881 2340 1939 διὰ
2394 1890 2598 1960 χειρῶν
2659 1884 2906 1965 ὲχώρολδν
2965 1885 3014 1938 οἱ
3073 1883 3333 1960 φίλτατοι
3390 1889 3531 1961 πρὸς
3577 1889 3862 1960 ἀλλήλους,

2247 1973 2634 2048 ἐξαρπάζοντες
2689 1975 2750 2028 τα
2795 1971 3118 2047 ταλαίπωρα
3167 1981 3271 2044 τῆς
3320 1979 3505 2050 ψυχῆς
3552 1975 3758 2055 ἐφόδια,
3789 1980 3863 2034 ni.

2249 2082 2364 2123 στις
2411 2060 2456 2117 δ’
2507 2061 2738 2137 ἀπορίας
2787 2059 2913 2117 οὒδὲ
2959 2068 3076 2123 τοῖς
3110 2065 3435 2134 θνήσκουσιν
3467 2067 3534 2135 ἦν
3561 2087 3573 2100 ο
3609 2066 3754 2123 ἀλλὰ
3794 2069 3861 2122 καὶ

2245 2153 2374 2213 τοὺς
2429 2150 2753 2214 ἐκπνέοντας
2803 2152 2856 2206 οἱ
2910 2151 3100 2225 λῃσταὶ
3160 2149 3500 2227 διηρεύνων·
3535 2159 3613 2230 μή
3670 2179 3752 2220 τις
3783 2160 3861 2213 ὑπὸ

2246 2241 2455 2296 κόλπον
2504 2236 2648 2316 ἔχων
2689 2243 2921 2317 τροφὴν,
2975 2243 3275 2312 σκήπτοιτο
3324 2245 3417 2299 τὸν
3454 2246 3683 2301 θάνατον
3715 2249 3859 2320 αὐτῷ.

2246 2332 2310 2387 Ol.
2343 2331 2388 2386 δ’
2422 2331 2510 2386 ὑπ’
2542 2329 2745 2392 ἐνδείας
2799 2329 3126 2400 λυσσῶντες,
3159 2329 3340 2408 ὥσπερ
3373 2335 3669 2412 κεχηνότες
3712 2337 3858 2406 κόνες,

2247 2421 2559 2498 ἐφήλλοντο
2602 2423 2690 2476 καὶ
2741 2419 3129 2498 παρεφέροντο.
3173 2429 3299 2485 Ταῖς
3347 2445 3407 2479 τε
3455 2425 3646 2498 θύραις
3700 2425 3860 2482 ἐνσειόο

2249 2533 2402 2586 μενοι
2461 2510 2768 2584 μεθυόντων
2822 2512 3044 2584 τρόπον,
3094 2513 3180 2566 καὶ
3248 2513 3335 2567 ὑπ’
3393 2513 3710 2590 ἀμηχανίας
3761 2518 3860 2579 τοὺς

2245 2599 2440 2662 αὐτοὺς
2485 2599 2669 2663 οἷ’κους
2716 2598 3018 2668 εἰσεπήδων
3053 2597 3134 2664 δὶς
3164 2599 3199 2670 ἢ
3232 2602 3351 2676 τρὶς
3399 2601 3516 2678 ὥρᾳ
3568 2609 3688 2676 μιᾷ.
3721 2606 3859 2660 Πάντα

2245 2687 2292 2744 δ’
2326 2689 2414 2744 ὑπ’
2474 2686 2699 2751 ὀδόντας
2751 2689 2880 2762 ἦγεν
2942 2690 2976 2757 ἡ
3036 2687 3394 2762 ἀνάγκη·καί
3451 2693 3520 2746 τὰ
3579 2691 3718 2766 μηδὲ
3767 2700 3856 2754 toi;

2244 2778 2654 2854 ῥυπαρωτάτοις
2703 2781 2811 2832 τῶν
2857 2775 3078 2852 ἀλόγων
3129 2779 3286 2848 ζώων
3345 2779 3633 2857 πρόσφορα
3693 2780 3854 2838 συλλέο

2239 2889 2450 2941 γοντες,
2482 2867 2674 2922 ἐσθίειν
2734 2867 2997 2944 ὑπέφερον
3025 2885 3037 2897 ·
3075 2870 3374 2942 ζωστήρων
3431 2869 3560 2946 γοῦν
3613 2872 3701 2926 καὶ
3745 2874 3854 2928 ὁποι

2245 2955 2506 3029 δημάτων
2572 2957 2635 3012 τὸ
2707 2954 3020 3011 τελευταῖον
3100 2956 3200 3012 οὐκ
3273 2957 3623 3034 ἀπέσχοντο·
3673 2962 3749 3014 καὶ
3794 2962 3848 3014 τὰ

2243 3044 2482 3120 δέρματα
2537 3050 2646 3100 τῶν
2705 3047 2909 3120 θυρεῶν
2970 3043 3324 3120 ἀποδέροντες
3369 3047 3849 3126 ἐμασῶντοἹροῨῆ

2244 3131 2289 3189 δ’
2345 3136 2412 3204 ἦν
2475 3155 2584 3190 τισι
2637 3134 2729 3189 καὶ
2787 3135 2994 3212 χόρτου
3055 3134 3292 3190 παλαιοῦ
3347 3140 3722 3214 σπαράγματο.
3769 3138 3852 3198 Ti:

481 3236 670 3292 medio
700 3246 1190 3295 commemorans,
1217 3229 1314 3283 illa
1334 3227 1545 3282 deinde
1565 3226 1776 3280 infert:
1813 3246 1840 3274 ‹‹
1865 3225 2134 3280 Commit-

2248 3224 2351 3300 γᾶρ
2385 3222 2506 3285 ἶνας
2557 3222 2690 3280 ἔνιοι
2727 3210 3107 3301 συλλέγοντες,
3138 3223 3430 3301 ἐλάχιστον
3463 3210 3706 3302 *σταθμὸν
3734 3228 3850 3282 ἑπώ-

481 3333 606 3382 tere
635 3322 876 3380 omnino
897 3335 1144 3392 nequeo,
1165 3320 1306 3389 quin
1339 3316 1492 3386 quod
1526 3317 1760 3370 animus
1786 3315 1971 3384 jubet,
2007 3331 2132 3383 pro-

2248 3312 2374 3369 λουν
2402 3313 2662 3368 Ἀττικῶν
2693 3313 2989 3387 τεσσάρων.
3024 3336 3053 3366 ››

481 3419 688 3474 feram.
719 3417 804 3471 Ita
833 3411 986 3468 enim
1013 3411 1215 3482 judico
1251 3425 1265 3462 :
1297 3409 1341 3462 si
1375 3405 1618 3462 Romani
1650 3404 1800 3460 bello
1829 3405 2126 3461 vindicare
2175 3407 2424 3462 nefarios
2466 3405 2732 3462 homines
2782 3407 3035 3462 cunctati
3086 3416 3301 3475 essent,
3335 3409 3538 3466 urbem
3571 3412 3750 3482 ipsam
3778 3415 3858 3466 aut

479 3508 642 3562 hiatu
676 3511 860 3574 terrae,
911 3507 1013 3558 aut
1051 3499 1432 3555 inundatione
1479 3496 1871 3551 interituram.
1905 3495 2059 3552 288
2090 3501 2192 3551 aut
2240 3502 2391 3551 certe
2439 3497 2704 3551 Sodomae
2750 3496 2998 3552 fulmina
3043 3505 3408 3570 experturum
3456 3501 3657 3557 fuisse.
3705 3501 3855 3558 Multo

479 3597 656 3664 enim,
692 3610 868 3667 quam
919 3591 1017 3662 qui
1068 3589 1206 3644 talia
1254 3589 1391 3644 olim
1439 3592 1576 3642 sunt
1625 3585 1902 3656 perpessi,
1954 3585 2088 3639 tulit
2137 3591 2367 3656 gentem
2419 3585 2782 3655 deteriorem,
2828 3595 2878 3641 et
2930 3586 3173 3660 impiam
3208 3591 3412 3661 magis,
3459 3602 3689 3663 propter
3716 3594 3857 3662 cujus

477 3686 805 3742 vecordiam
841 3681 1091 3753 populus
1123 3680 1294 3736 simul
1325 3678 1630 3734 universus
1654 3675 1865 3730 interii.
1901 3695 1930 3725 »
1966 3675 2190 3730 Rursus
2223 3675 2278 3728 in
2305 3691 2358 3729 v1
2385 3673 2531 3730 libro
2553 3677 2622 3730 ad
2649 3675 2806 3731 hunc
2829 3677 3068 3732 modum
3092 3679 3296 3734 scribit
3331 3697 3342 3734 :
3377 3701 3406 3730 «
3441 3679 3858 3736 Innumerabilia

480 3793 717 3849 prorsus
773 3789 972 3828 eorum
1033 3771 1348 3826 multitudo
1407 3768 1536 3832 fuit,
1595 3767 1696 3836 qui
1755 3767 1908 3820 fame
1965 3765 2026 3819 in
2087 3767 2230 3819 urbe
2289 3765 2604 3836 perierunt,
2659 3768 2875 3836 quibus
2928 3769 3294 3824 incredibiles
3342 3772 3504 3826 dictu
3548 3773 3857 3827 acciderunt

479 3883 769 3922 utrumme.
820 3865 882 3918 In
933 3863 1190 3932 qualibet
1235 3863 1391 3916 enim
1443 3861 1638 3924 domo,
1689 3857 1784 3910 ubi
1835 3856 2042 3910 umbra
2094 3855 2301 3910 saltem
2352 3856 2546 3927 aliqua
2594 3860 2858 3912 ciborum
2900 3866 3224 3930 appareret,
3272 3860 3484 3917 bellum
3523 3865 3856 3934 gerebatur:

479 3964 538 4013 et
585 3959 680 4026 qui
739 3955 1064 4010 arctissima
1113 3954 1262 4006 inter
1317 3967 1380 4006 se
1435 3948 1652 4003 amoris
1711 3945 2142 4002 necessitudine
2193 3951 2358 4003 erant
2400 3948 2722 4018 conjuncti,
2774 3966 2983 4004 manus
3032 3951 3435 4020 conserebant,
3479 3954 3590 4008 sibi
3640 3954 3855 4008 invicem

480 4047 854 4102 calamitosas
905 4045 1128 4098 miserta
1180 4043 1307 4095 vita:
1359 4039 1634 4108 reliquias
1677 4036 2008 4106 eripientes.
2063 4038 2346 4090 (Zieterum
2398 4053 2468 4091 ne
2519 4039 2902 4094 morientibus
2950 4041 3211 4111 quidem,
3259 4043 3415 4112 quod
3447 4043 3588 4098 nihil
3619 4057 3856 4098 escarum

483 4139 780 4201 haberent,
831 4136 974 4190 fides
1023 4133 1363 4187 habebatur.
1414 4129 1558 4184 Nam
1611 4129 1910 4198 praedones
1961 4125 2190 4181 animas
2240 4143 2471 4198 quoque
2503 4128 2630 4198 jam
2679 4136 2916 4200 agentes
2956 4132 3350 4198 excutiebant,
3397 4149 3467 4188 ne
3498 4135 3631 4202 quis
3661 4149 3856 4196 eorum,

482 4229 595 4284 sibi
627 4233 944 4298 quidquam
995 4224 1052 4278 in
1103 4223 1236 4277 sinu
1291 4221 1532 4284 habens,
1585 4226 1822 4272 mortem
1875 4215 2262 4271 assimularet.
2319 4217 2408 4272 llli
2465 4235 2634 4288 porro
2682 4237 2796 4290 prie
2847 4221 3042 4292 inopia
3084 4221 3467 4284 insanientes,
3509 4224 3679 4279 sicuti
3706 4222 3860 4280 rat-idi

481 4319 818 4387 hiemesque
847 4333 1037 4383 canes,
1069 4315 1127 4368 in
1179 4314 1330 4367 aedes
1379 4311 1741 4376 insiliebant,
1773 4313 1830 4361 et
1861 4312 1926 4360 ut
1980 4313 2154 4376 atque
2203 4307 2343 4364 illuc
2391 4316 2694 4366 currentes
2743 4311 3094 4366 ferebantur.
3146 4316 3214 4367 Et
3255 4315 3420 4381 fores,
3456 4315 3746 4371 ebriorum
3775 4314 3858 4367 ho-

481 4412 709 4468 minum
772 4423 931 4462 more
975 4404 1286 4460 identidem
1333 4399 1718 4472 impellentes,
1771 4402 2006 4468 propter
2071 4398 2469 4468 impotentiam
2529 4402 2736 4468 animi,
2788 4419 2903 4458 una
2961 4404 3283 4476 eademque
3333 4405 3474 4461 hora
3533 4406 3641 4474 bis,
3701 4421 3860 4476 quaa-

483 4504 670 4571 doque
701 4509 802 4564 ter,
836 4499 892 4554 in
929 4497 1161 4552 easdem
1197 4495 1600 4563 irrumpebant
1630 4493 1800 4544 aedes.
1837 4493 2030 4558 Atque
2059 4505 2192 4543 cum
2221 4491 2341 4560 jam
2377 4493 2694 4548 necessitas
2723 4508 2823 4550 eos
2857 4496 3044 4564 fruges
3074 4512 3281 4550 omnes
3301 4511 3650 4552 consumere
3672 4499 3860 4566 coegis-

483 4601 590 4658 set,
623 4591 879 4647 collectis
925 4591 1098 4644 etiam
1153 4586 1324 4641 rebus
1372 4585 1456 4638 eis
1507 4599 1634 4653 quae
1685 4579 2102 4652 impurissimis
2153 4580 2485 4653 quibusque
2531 4583 2932 4641 animantibus
2981 4586 3056 4642 ad
3105 4589 3302 4642 cibum
3353 4589 3742 4644 accommoda
3771 4601 3860 4642 non

483 4689 643 4750 sunt,
676 4681 827 4736 vesci
861 4681 1286 4734 sustinuerunt.
1321 4673 1621 4744 Siquidem
1653 4671 1726 4726 ad
1773 4675 2134 4742 postremum
2185 4687 2258 4726 ne
2300 4688 2334 4727 a
2382 4673 2633 4744 cingulis
2682 4676 2918 4748 quidem
2976 4682 3033 4732 et
3078 4676 3486 4736 calceamentis
3533 4681 3860 4741 abstinuere,

484 4782 541 4828 et
601 4772 780 4846 pelles
830 4771 1014 4826 scutis
1061 4769 1354 4821 detractas
1403 4766 1768 4818 macerarunt
1836 4766 1893 4814 et
1951 4759 2348 4818 comederunt.
2415 4762 2726 4820 Nonnullis
2784 4767 2958 4823 etiam
3017 4769 3224 4824 veteris
3282 4769 3416 4824 fceai
3477 4771 3864 4842 rejectamenla

485 4878 628 4920 escas
663 4863 841 4918 fuere.
874 4860 944 4915 Et
975 4860 1134 4913 fuere
1167 4855 1264 4929 qui
1299 4853 1574 4910 collectas
1605 4849 1955 4924 quisquilias
1989 4848 2145 4920 parvi
2177 4852 2450 4921 ponderis
2481 4861 2731 4926 quatuor
2759 4857 2964 4913 Atticis
2990 4858 3372 4918 vendiderint.
3405 4880 3435 4910 »

1107 5001 1340 5061 CAPUT
1379 4999 1502 5056 VII.

2879 5007 3102 5058 ΚΕΦΑΛ
3117 5045 3130 5060 .
3171 5003 3243 5062 Ζ’.

485 5124 569 5178 De
596 5118 828 5175 muliere
855 5113 1225 5196 {admangux
1252 5124 1419 5196 suum
1449 5105 1561 5196 sibi
1587 5119 1822 5196 puerum
1849 5101 2127 5159 devoravit

2248 5105 2402 5176 Περὶ
2458 5111 2579 5194 τῆς
2639 5107 2710 5196 τὲ
2770 5107 3304 5196 οξκεῖονὶτὲκνον
3364 5110 3868 5196 καταφαγονύσης

855 5129 1068 5178 Juaaea,
1101 5129 1225 5182 quo?
1261 5129 1419 5164 suum
1449 5129 1558 5164 ειυι
1587 5129 1822 5175 puerum
1849 5129 2124 5159 ασινυηιυιι

853 5189 912 5241 in
936 5185 1215 5241 obsidione
1243 5179 1760 5250 Hierosolymitana.

2248 5129 2402 5176 ιιερι
2458 5129 2574 5173 της
2639 5129 2710 5160 το
2770 5129 3023 5163 οικειον
3077 5129 3304 5164 τεκνον
3364 5129 3626 5188 καταφα
3687 5129 3865 5176 ouem

2313 5176 2988 5256 γυναικὸςἹουδαίος
3028 5180 3087 5236 ἐν
3123 5185 3201 5255 τῇ
3239 5185 3366 5236 τῶν
3411 5129 3865 5256 Ιεροσοζκόμων

2315 5247 2711 5323 πολιορκίᾳ.

568 5406 597 5436 ‹‹
627 5384 736 5440 Sed
770 5382 904 5454 quid
937 5397 1042 5452 ego
1065 5380 1232 5435 famis
1255 5376 1707 5434 inverecundam
1735 5371 2134 5445 impotentiam

2320 5396 2348 5425 α
2382 5373 2479 5430 Καὶ
2510 5374 2560 5430 τί
2595 5373 2678 5430 δεῖ
2703 5378 2801 5446 τήν
2848 5375 2930 5432 ἐπ’
2959 5376 3198 5454 ἀψύχοις
3247 5374 3518 5433 ἀναίδειαν
3568 5381 3674 5432 τοῦ
3724 5376 3871 5450 λιμοῦ

498 5473 561 5529 in
617 5473 788 5527 rebus
837 5470 1114 5527 inanimis
1164 5483 1493 5539 persequor,
1547 5481 1612 5520 ac
1663 5479 1776 5519 non
1829 5464 2018 5532 potius
2049 5461 2134 5516 fa-

492 5568 654 5619 ctum
687 5561 797 5616 tale
827 5574 1239 5625 commemoro,
1281 5555 1450 5628 quale
1481 5570 1669 5626 neque
1699 5552 1852 5626 apud
1885 5551 2134 5616 Graecos,

492 5665 681 5722 neque
710 5648 863 5721 apud
896 5648 1170 5705 barbaros
1212 5661 1474 5717 unquam
1513 5648 1605 5701 est
1634 5643 2133 5706 animadversum,

2245 5457 2458 5534 λέγεινς
2493 5463 2603 5536 εἶμι
2644 5465 2746 5540 γὰρ
2796 5462 2942 5537 αὓτῷ
2987 5463 3256 5536 δηλώσων
3310 5463 3498 5540 ἔργον,
3531 5467 3728 5521 ὁποῖον
3756 5467 3873 5539 μήτε

2243 5551 2373 5626 παρ’
2399 5550 2639 5622 Ἕλλησι
2693 5556 2831 5626 μήτε
2877 5555 3025 5629 παρὰ
3069 5553 3368 5631 βαρϐάροις
3399 5555 3692 5631 ἱστόρηται
3721 5577 3734 5590 ’
3768 5575 3874 5632 ῨΡ²’

2241 5640 2368 5696 κτὸν
2405 5639 2497 5715 μὲν
2531 5641 2718 5716 εἰπεῖν,
2741 5644 2964 5721 φρικτὸν
2995 5641 3042 5699 δ’
3073 5644 3317 5702 ἀκοῦσαι.
3349 5643 3453 5701 Καὶ
3483 5639 3662 5720 ἔγωγε
3697 5645 3774 5720 μή
3795 5640 3874 5697 86-
