4032 6282
183 354 299 416 909

1182 341 1798 407 ECCLESIASTICE
1841 343 2236 407 HISTORle
2277 345 2422 407 LIB.
2470 345 2577 408 IIl.

3461 350 3583 411 910

183 489 334 560 ξαιμι
360 483 734 559 τερατεύεσθαι
762 486 883 544 τοῖς
915 477 1110 544 ἄλλοις
1142 479 1446 554 ἀνθρώποις
1473 497 1485 511 ο
1519 477 1614 532 κᾶν
1647 477 1826 552 παρέιι

1941 480 2286 538 horrendum
2320 481 2558 553 quidem
2592 480 2772 548 dictu,
2825 479 3186 536 horrendum
3217 496 3349 538 vero
3384 485 3442 538 et
3473 498 3583 540 au-

183 575 344 633 λιπον
395 576 495 643 τὴν
542 571 823 650 συμφοράν
872 567 1069 640 ἡδέως,
1102 568 1146 624 εἰ
1184 571 1259 642 μή
1290 573 1398 622 τῶν
1427 568 1544 623 κατ’
1591 565 1822 639 ἐμαυτὸν

185 667 339 742 εἶχον
388 663 646 735 ἀπείρους
693 661 1004 734 μάρτυρας·
1052 657 1242 722 ἄλλως
1268 679 1328 713 τε
1373 658 1464 712 καὶ
1513 657 1728 732 ψυχρὰν
1762 657 1821 711 ἂν

315 754 368 808 θι
557 755 584 768 ~
771 749 813 768 σα
944 750 954 766 ι
1193 749 1220 802 θ
1302 748 1320 788 ξ
1567 746 1582 764 ε
1655 745 1758 800 λου

187 776 310 810 κατε
349 775 489 826 εμην
519 773 588 824 τῃ
619 770 839 826 πατριοι
883 769 1070 824 χάριν,
1120 769 1187 803 κα
1226 767 1488 823 υφνμενος
1531 767 1620 802 τον
1693 765 1820 820 0⁸ον

187 846 248 902 οῦ
293 846 527 901 πέπονθε
571 845 639 898 τὰ
686 837 839 918 ἔργα.
889 843 1026 910 Γυνή
1057 845 1163 894 τῶν
1213 840 1348 916 ὑπὲρ
1403 839 1493 894 τὸν
1543 835 1822 912 Ἰορδάνην

185 933 602 1001 κατοικούντων,
661 933 844 1006 Μαρία
898 951 1158 1002 τουνομα,
1209 929 1412 1004 πατρὸς
1471 927 1822 1000 Ἐλεαζάρου,

185 1025 382 1097 κώμης
415 1022 714 1096 Βαθεχζὼρ
741 1019 1019 1094 (σημαίνει
1041 1016 1097 1074 δὲ
1127 1022 1314 1088 τοῦτο,
1342 1017 1491 1078 οἶκος
1523 1017 1823 1091 ὑσσώπου),

191 1113 278 1170 διά
313 1115 470 1189 γενος
517 1110 608 1167 καὶ
656 1109 893 1166 πλοῦτον
944 1107 1235 1182 ἐπίσημος,
1295 1106 1431 1181 μετά
1478 1110 1576 1163 τοῦ
1626 1105 1825 1160 λοιποῦ

190 1205 438 1274 πλήθους
493 1199 569 1262 εἲς
625 1198 694 1255 τά
739 1195 1095 1274 Ἱεροσόλυμα
1141 1200 1546 1274 καταφυγοῦσα,
1599 1214 1826 1248 συνεπο-

192 1291 489 1366 λιορκεῖτο.
533 1289 743 1359 Ταύτης
790 1288 890 1357 τὴν
939 1288 1033 1360 μὲν
1083 1281 1262 1356 ἃλλην
1313 1291 1502 1353 κτῆσιν
1533 1285 1588 1338 οἱ
1629 1283 1828 1357 τύραν-

192 1403 276 1437 νοι
341 1378 669 1456 διήρπασαν,
739 1377 870 1448 ὅσην
939 1375 997 1430 ἐκ
1060 1382 1160 1444 τῆς
1243 1374 1468 1448 περαίας
1538 1373 1826 1427 ἀνασκευα-

193 1472 396 1545 σαμένη
459 1470 788 1545 μετήνεγκεν
845 1465 920 1528 εἷς
976 1467 1078 1534 τὴν
1133 1463 1331 1520 πόλιν·
1377 1463 1444 1519 τά
1491 1459 1548 1517 δὲ
1598 1462 1830 1536 λείψανα

190 1566 293 1616 τῶν
340 1555 677 1632 κειμηλίων,
725 1553 820 1611 κᾶν
860 1553 914 1610 εἴ
937 1575 988 1608 τι
1043 1551 1184 1610 ἄλλο
1231 1559 1438 1630 τροφῆς
1486 1551 1826 1620 ἐπινοηθείη,

190 1644 502 1722 καθημέραν
543 1640 886 1714 ἒσπηδῶντες
932 1639 1178 1716 ἥρπαζον
1214 1641 1267 1695 οἱ
1306 1635 1621 1715 δορυφόροι.
1670 1638 1826 1706 Δεινή

193 1734 249 1791 δὲ
301 1735 364 1790 τὸ
419 1733 644 1810 γύναιον
701 1731 1064 1806 ἀγανάκτησις
1139 1729 1313 1804 εἰσῄει
1347 1745 1363 1761 ⁶
1415 1728 1504 1782 καὶ
1560 1725 1833 1788 πολλάκις

1927 573 2046 627 dilu
2069 573 2098 629 ?
2125 575 2306 643 Atque
2336 573 2635 644 equidem,
2681 587 2752 626 ne
2785 572 3050 642 prodigia
3081 573 3348 642 quaedam
3384 573 3582 629 homi-

1931 661 2104 717 nibus
2135 663 2265 717 aliis
2315 677 2612 717 recensere
2661 661 2906 728 viderer,
2951 662 3138 716 libens
3173 663 3427 730 profecto
3459 671 3580 720 tam

1930 753 2335 809 calamitosum
2371 752 2598 808 facinus
2639 753 3066 822 prseteriissem,
3101 753 3210 807 nisi
3240 753 3580 810 innumeros

1929 843 2058 910 ejus
2087 843 2241 913 apud
2277 841 2586 914 populares
2617 857 2848 912 quoque
2871 857 3032 896 meos
3057 841 3323 897 haberem
3359 849 3538 900 testes
3563 861 3579 912 ;

1929 936 1988 985 et
2014 935 2248 986 tenuem
2285 946 2424 986 sane
2473 931 2865 1002 frigidamque
2905 947 2940 985 a
2988 930 3174 1001 patria
3213 948 3342 987 mea
3373 933 3580 990 inirem

1931 1021 2203 1093 gratiam,
2253 1021 2408 1076 234
2459 1022 2506 1075 si
2557 1019 2747 1075 verbis
2796 1036 2913 1074 non
2968 1037 3370 1092 prosequerer,
3423 1025 3577 1094 quod

1930 1110 2032 1164 illa
2070 1113 2260 1180 reipsa
2311 1125 2590 1180 perpessa
2635 1115 2725 1164 est
2777 1109 3020 1164 malum.
3072 1109 3279 1166 Mulier
3310 1113 3579 1183 quaedam

1929 1207 2072 1267 erat,
2105 1215 2235 1270 quaa
2278 1203 2441 1254 trans
2489 1198 2802 1253 Jerdanem
2849 1198 3226 1270 habitaverat,
3268 1199 3450 1256 Maria
3480 1219 3580 1258 no-

1933 1289 2109 1356 mine,
2146 1288 2411 1344 Eleazaro
2445 1292 2604 1356 patre
2636 1295 2786 1350 nata,
2837 1287 2896 1341 in
2945 1289 3070 1342 vico
3101 1287 3196 1343 cui
3227 1305 3440 1345 nomen
3473 1294 3581 1348 Ba-

1931 1378 2207 1434 thecbzor
2227 1378 2538 1450 (significat
2567 1376 2627 1432 id
2659 1377 2879 1448 hyssOpi
2907 1379 3170 1448 domum),
3201 1385 3258 1434 et
3288 1396 3498 1450 genere
3527 1388 3584 1436 et

1934 1469 2145 1540 opibus
2176 1469 2355 1524 clara.
2403 1467 2554 1534 Ηειιο,
2597 1484 2730 1522 cum
2765 1468 3164 1542 Hierosolyma
3195 1487 3326 1524 cum
3361 1471 3585 1544 reliqua

1937 1558 2316 1614 multitudine
2359 1556 2742 1628 confugisset,
2796 1557 3011 1613 ibidem
3057 1566 3146 1614 est
3177 1561 3439 1618 obsessa.
3475 1563 3585 1618 Fa-

1938 1647 2188 1703 eultates
2232 1647 2360 1716 ejus
2407 1645 2550 1701 alias
2597 1647 2831 1718 tyranni
2880 1653 3212 1717 rapuerant.
3259 1667 3402 1722 quas
3433 1651 3584 1706 vasis

1938 1735 2194 1791 collectis
2227 1734 2415 1805 patria
2445 1735 2749 1804 excedens,
2790 1751 2984 1791 secum
3029 1735 3090 1793 in
3121 1738 3322 1794 urbem
3351 1739 3584 1795 tulerat.

195 1821 528 1900 λοιδοροῦσα
579 1821 669 1878 καὶ
721 1820 1076 1894 καταρωμένη
1127 1817 1256 1882 τοῦς
1295 1813 1564 1893 ἅρπαγας,
1597 1815 1680 1893 ἐφ’
1711 1816 1831 1870 ἑαυ-

1943 1826 2003 1881 Si
2035 1823 2180 1896 quid
2210 1829 2404 1879 autem
2437 1838 2507 1879 ex
2553 1825 2728 1880 rebus
2773 1826 3046 1897 repositis
3077 1828 3502 1898 pretiosoribus
3531 1833 3590 1884 et

195 1913 292 1980 τήν
348 1909 619 1986 ἠρέθιζεν.
679 1913 766 1970 Ὠς
813 1905 859 1962 δ’
909 1903 1032 1962 οὔτε
1079 1905 1513 1982 παροξυνόμενος
1558 1925 1664 1973 τις,
1713 1903 1838 1958 οὕτε

197 1999 358 2056 ἐλεῶν
419 2001 592 2070 αὐτὴν
647 1998 857 2072 ἀνῄρει,
917 1997 1006 2050 καὶ
1060 1997 1122 2050 τὸ
1173 1997 1268 2069 μὲν
1328 1996 1504 2068 εὑρεῖν
1552 2015 1607 2048 τι
1666 1996 1834 2048 σιτίον

200 2087 389 2150 ἄλλοις
437 2087 652 2157 ἐκοπία,
697 2085 1034 2161 πανταχόθεν
1077 2081 1124 2138 δ’
1171 2083 1376 2158 ἄπορον
1407 2082 1474 2151 ἦν
1503 2079 1612 2153 ἤδη
1645 2083 1732 2138 καὶ
1773 2083 1836 2136 τὸ

203 2179 392 2253 εὑρεῖν,
425 2179 454 2232 ὁ
490 2177 655 2250 λιμὸς
685 2173 741 2230 δὲ
779 2173 867 2230 διὰ
916 2174 1252 2252 σπλάγχυων
1293 2173 1385 2228 καὶ
1439 2170 1656 2246 μυελῶν
1689 2171 1834 2244 ἐχώ-

205 2289 303 2342 ρει,
333 2270 422 2324 καὶ
470 2272 572 2322 τοῦ
622 2267 790 2340 λιμοῦ
841 2262 1054 2338 μᾶλλον
1105 2263 1340 2336 ἐξέκαιον
1369 2263 1422 2318 οἱ
1469 2262 1668 2335 θυμοί·
1704 2262 1838 2331 σύμ-

203 2353 398 2413 ϐουλον
443 2351 692 2412 λαϐοῦσα
737 2357 836 2424 τὴν
887 2353 1060 2430 ὀργὴν
1121 2354 1236 2426 μετ’
1280 2352 1543 2427 ἀνάγκης,
1593 2352 1680 2406 ἐπὶ
1737 2352 1836 2419 τήν

197 2445 344 2525 φύσιν
394 2445 602 2522 ἐχώρει
637 2463 652 2477 ⁶
693 2445 784 2499 καὶ
831 2444 894 2500 τὸ
947 2443 1152 2510 τέκνον,
1183 2443 1249 2512 ἦν
1285 2439 1332 2496 δ’
1361 2442 1498 2509 αὐτή
1532 2446 1658 2502 παῖς
1703 2441 1838 2495 ὑπο-

199 2538 436 2609 μάστιος,
512 2534 892 2610 ἁρπασαμένη,
982 2531 1206 2608 Βρὲρος,
1285 2530 1454 2601 εἶπεν,
1513 2527 1727 2598 ἄθλιον,
1785 2527 1836 2583 ἐν

194 2624 419 2699 πολέμῳ
463 2626 561 2680 καῖ
614 2622 770 2697 λιμῷ
817 2621 906 2676 καὶ
961 2621 1141 2676 στάσει
1191 2619 1295 2675 τίνι
1346 2640 1403 2674 σε
1446 2621 1713 2693 rapio-to;
1762 2621 1836 2674 Τὰ

205 2714 292 2787 μὶν
346 2715 486 2788 παρά
539 2710 838 2783 Ῥωμαίοις
880 2707 1118 2776 δουλεία,
1167 2708 1266 2764 κᾶν
1322 2710 1576 2780 ζήσωμεν
1631 2706 1838 2761 ὲπάὀ-

201 2807 347 2862 τοῖς⁶
394 2801 582 2876 φθάνει
628 2797 685 2855 δὲ
727 2800 818 2854 καὶ
865 2799 964 2866 τήν
1014 2795 1262 2854 δουλείαν
1297 2799 1324 2852 ὁ
1356 2796 1544 2869 λιμός.
1589 2797 1655 2852 υἱ
1709 2817 1832 2850 στα-

205 2893 401 2948 σιασταὶ
461 2889 524 2948 δὲ
568 2889 892 2970 ἀμφοτέρων
943 2889 1346 2964 χαλεπώτεροι.
1400 2889 1502 2945 Ἴθι
1549 2892 1706 2962 γενοῦ
1741 2907 1834 2959 μοι

205 2983 390 3057 τροφήν
447 2980 543 3036 καὶ
600 2985 716 3040 τοῖς
773 2984 1120 3038 στασιασταῖς
1167 2977 1399 3050 ἐριννὺς,
1457 2976 1546 3031 καὶ
1599 2975 1678 3048 τῷ
1731 2976 1835 3050 βίῳ

205 3072 386 3144 μῦθος,
417 3072 445 3126 ὁ
481 3069 652 3142 μόνος
698 3067 968 3124 ἒλλείπων
1002 3073 1122 3129 ταῖς
1170 3065 1450 3123 Ἰουδαίων
1501 3070 1830 3144 συμφοραῖς.

203 3159 290 3214 Καὶ
346 3161 494 3217 ταῦθ’
554 3159 668 3232 ἅμα
724 3157 982 3234 λέγουσα,
1031 3157 1228 3212 κτείνει
1293 3157 1385 3210 τὸν
1439 3155 1572 3212 υἱόν.
1624 3155 1830 3209 ’Έπειτ’

201 3248 497 3320 ὀπτήσασα,
539 3249 603 3305 τὸ
665 3249 760 3321 μὲν
817 3247 992 3320 ἥμισυ
1048 3247 1364 3302 κατεσθίει·
1413 3246 1477 3300 τὸ
1529 3243 1586 3300 δὲ
1633 3244 1828 3300 λοιπὸν

197 3337 635 3414 κατακαλύψασα,
684 3336 1002 3412 ἐφύλαττεν.
1053 3335 1266 3397 Εὐθέως
1317 3332 1374 3390 δὲ
1419 3337 1471 3390 oi.
1517 3336 1829 3390 στασιασταί

197 3433 438 3499 παρῆσαν
471 3447 484 3460 ·
558 3426 646 3480 καί
712 3433 813 3494 τῆς
877 3423 1136 3497 ἀθεμίτου
1220 3423 1442 3492 κνίσσης
1509 3424 1828 3492 σπάσαντες,

196 3513 478 3584 ἠπείλουν,
513 3513 562 3570 εἷ
615 3515 691 3586 μὴ
741 3511 928 3587 δείξειε
969 3515 1032 3568 τὸ
1077 3513 1532 3586 παρασκευασθὲν,
1583 3511 1828 3587 ἀποσφά-

197 3603 294 3674 ξειν
335 3605 510 3674 αὐτὴν
552 3603 774 3664 εὐθέως.
805 3604 868 3658 Ἱι
911 3602 968 3658 δὲ
995 3602 1086 3657 καὶ
1139 3607 1332 3676 μοῖραν
1383 3599 1565 3662 αὐτοῖς
1605 3601 1830 3656 εἰποῦσα

195 3693 364 3762 καλὴν
417 3692 798 3765 τετηρηκέναι,
853 3691 921 3747 τὰ
979 3691 1202 3766 λείψανα
1258 3695 1356 3745 τοῦ
1410 3688 1599 3745 τέκνου
1646 3689 1822 3745 διεκάο

197 3781 347 3856 λυψε.
405 3783 542 3844 Τοὺς
598 3779 644 3836 δ’
691 3781 885 3842 εὐθέως
934 3782 1126 3857 φρίκη,
1188 3781 1276 3836 καὶ
1326 3785 1532 3858 φρενῶν
1585 3777 1826 3840 ἔκστασις

197 3865 336 3945 ᾔρει,
365 3871 456 3926 καὶ
501 3869 648 3944 παρά
687 3871 786 3938 τήν
840 3869 964 3944 ὄψιν
1015 3869 1369 3944 ἐπεπήγεσαν.
1419 3875 1478 3926 Ἦ
1527 3867 1595 3937 δ’,
1639 3870 1826 3940 Ἐμὸν,

197 3957 318 4038 ἔφη,
363 3964 532 4015 τοῦτο
579 3959 642 4015 τὸ
689 3962 870 4015 τεκνον
915 3961 1162 4031 γνήσιον,
1211 3961 1300 4013 καί
1351 3960 1412 4014 τὸ
1460 3954 1618 4034 ἔργον
1654 3957 1826 4030 ἐμόν.

201 4049 406 4124 φάγετε,
463 4050 556 4106 καὶ
602 4051 704 4125 γὰρ
751 4049 855 4124 ἒγὼ
905 4046 1160 4124 βέϐρωκα
1189 4067 1205 4081 ·
1265 4051 1402 4122 μήτε
1450 4051 1680 4125 γένησθε
1731 4070 1832 4122 μα-

198 4136 496 4214 λακώτεροι
565 4139 842 4212 γυναικὸς,
911 4141 1050 4213 μήτε
1107 4139 1542 4214 συμπαθέστεροι
1596 4138 1828 4213 μητρός.

201 4228 260 4283 Εἰ
299 4225 345 4283 δ’
405 4229 563 4300 ὑμεῖς
620 4223 878 4299 εὐσεϐεῖς,
935 4227 1025 4282 καὶ
1078 4232 1178 4296 την
1237 4226 1374 4302 ἒμὴν
1435 4228 1832 4305 ἀποστρέφεσθε

199 4316 402 4389 θυσίαν,
433 4316 545 4393 ἒγὼ
579 4319 674 4390 μὲν
705 4317 836 4389 ὑμῖν
869 4313 1144 4392 βεϐρωκα,
1176 4319 1264 4372 καὶ
1296 4317 1360 4372 τὸ
1401 4316 1592 4372 λοιπὸν
1629 4315 1675 4372 δ’
1705 4315 1830 4389 ἐμοὶ

199 4409 452 4477 μεινάτω.
483 4405 636 4464 Μετά
661 4408 810 4461 ταῦθ’
842 4407 894 4460 oi.
940 4407 1034 4479 μὶν
1073 4407 1366 4480 τρέμοντες
1410 4405 1648 4482 ἐξῄεσαν,
1693 4406 1828 4476 πρὸς

193 4491 246 4550 ἓν
275 4501 435 4551 τοῦτο
467 4494 666 4558 δειλοὶ,
700 4495 904 4566 ταύτης
931 4501 1030 4564 τῆς
1072 4516 1282 4572 τροφης
1327 4498 1828 4574 παραχωρήσαντες

1947 1915 2135 1970 fuerat
2165 1912 2393 1984 reliqui,
2439 1919 2494 1968 et
2541 1913 2588 1968 si
2634 1930 2810 1984 quam
2867 1921 3140 1984 praeterea
3168 1916 3454 1974 habuerat
3483 1935 3588 1974 an-

1948 2019 2187 2069 nonam,
2247 2003 2306 2057 id
2363 2018 2535 2058 omne
2589 2002 2927 2072 sanguinari
2985 2003 3068 2060 illi
3126 2005 3430 2074 satellites,
3489 2009 3588 2079 qui

1945 2092 2201 2161 quotidie
2248 2090 2306 2146 in
2359 2089 2713 2146 domicilium
2762 2093 2886 2162 ejus
2943 2093 3228 2164 impetum
3280 2096 3588 2167 faciebant,

1945 2179 2325 2236 abstulerant.
2381 2180 2580 2250 Itaque
2628 2182 2822 2251 gravis
2873 2182 3198 2253 indignatio
3239 2185 3592 2242 mulierculis

1946 2269 2228 2326 incessit:
2261 2273 2318 2324 et
2364 2285 2496 2324 cum
2548 2284 2804 2340 persaepe
2844 2276 3108 2341 raptores
3151 2273 3429 2330 conviciis
3461 2292 3594 2346 pro-

1945 2359 2238 2426 scidisset,
2273 2357 2527 2428 dirisque
2553 2359 2896 2426 devovisset,
2928 2367 3219 2430 postremo
3255 2363 3314 2417 in
3339 2363 3590 2435 seipsam

1946 2449 2214 2504 acerbius
2245 2457 2329 2503 est
2360 2452 2668 2503 commota.
2703 2447 2964 2520 Cumque
3005 2466 3120 2504 non
3151 2455 3299 2506 esset
3330 2453 3430 2524 qui
3461 2468 3592 2510 eam

1942 2540 2028 2594 vel
2051 2538 2549 2608 periracundiam,
2573 2538 2656 2591 vel
2687 2553 2785 2604 per
2805 2539 3374 2596 commiserationem
3397 2539 3593 2599 interi-

1946 2633 2152 2694 meret,
2184 2627 2589 2694 dil'ﬁciliorque
2627 2626 2678 2680 ei
2709 2626 2928 2696 aliquid
2964 2628 3259 2684 frumentii
3293 2629 3424 2686 aliis
3455 2647 3590 2687 con-

1945 2715 2212 2786 quirendi
2265 2715 2428 2770 labor
2474 2715 2642 2770 fleret
2687 2717 2855 2787 (mare
2885 2717 3040 2772 enim
3088 2717 3148 2772 id
3180 2721 3302 2787 jam
3334 2735 3405 2775 ex
3431 2721 3591 2776 omni

1945 2813 2106 2878 parte
2153 2805 2601 2875 inveniebatur),
2651 2812 2704 2860 et
2755 2807 2936 2860 fames
2967 2822 3066 2877 per
3094 2807 3314 2864 viscera
3363 2819 3415 2864 et
3461 2825 3591 2865 me-

1944 2893 2136 2950 dullas
2167 2909 2372 2949 omnes
2405 2896 2592 2964 magis
2614 2905 2996 2963 grassaretur,
3026 2897 3292 2968 fameque
3315 2898 3443 2966 ipsa
3465 2914 3596 2970 gra-

1945 2981 2072 3036 vius
2102 2981 2273 3035 etiam
2326 2981 2411 3034 ira
2466 2979 2928 3046 excandesceret,
2979 2983 3155 3036 animi
3199 2983 3594 3044 indignatione

1944 3087 2062 3124 una
2093 3085 2222 3124 cum
2257 3074 2498 3139 urgente
2544 3070 2888 3124 necessitate
2931 3070 2988 3124 in
3023 3071 3334 3126 consilium
3369 3090 3592 3128 assum-

1863 3206 1905 3272 C
1949 3165 2047 3230 pta
2076 3166 2274 3213 contra
2307 3159 2490 3228 ipsam
2527 3164 2792 3213 naturam
2824 3159 3033 3214 infesta
3057 3163 3254 3216 fertur.
3282 3161 3425 3216 Nam
3453 3163 3591 3232 tilio,

1949 3248 2040 3272 ---2
2082 3248 2266 3272 ...ιι-η-
2310 3247 2525 3272 1--.-..κ
2572 3251 2690 3272 ..-λι
2763 3253 2983 3272 -....-_L_
3021 3266 3034 3272 -
3087 3249 3130 3272 n
3181 3253 3230 3272 ι-
3282 3253 3559 3272 -..ι·--ι-μ

1945 3248 2045 3319 qui
2081 3248 2268 3302 adhuc
2307 3247 2526 3302 lactens
2570 3251 2712 3314 erat,
2761 3253 3035 3316 arrepto:
3087 3249 3131 3304 Ο
3181 3253 3234 3304 te
3282 3253 3588 3318 Infantem,

1944 3339 2152 3406 inquit,
2184 3338 2352 3403 bello,
2385 3337 2535 3392 fame
2575 3343 2632 3391 et
2661 3339 2948 3393 seditione
2979 3339 3250 3395 intestina
3284 3343 3588 3411 miserum,

1942 3429 2013 3483 ad
2047 3443 2220 3498 quam
2270 3433 2326 3480 te
2369 3443 2529 3496 spem
2577 3427 2928 3481 reservabo?
2958 3428 3256 3498 Siquidem
3290 3432 3444 3500 apud
3478 3430 3586 3486 Ro-

1944 3533 2170 3584 manos,
2203 3517 2248 3571 si
2283 3517 2394 3571 sub
2425 3521 2510 3571 eis
2541 3517 2618 3570 sit
2645 3517 2972 3582 vivendum,
3006 3519 3252 3573 servitus
3276 3529 3328 3572 te
3351 3524 3586 3576 manet:

1943 3607 2282 3663 servitutem
2334 3611 2529 3660 autem
2573 3606 2760 3674 ipsam
2815 3608 3090 3675 praevenit
3131 3609 3334 3664 fames.
3366 3608 3588 3672 Quibus

1947 3693 2378 3752 calamitatibus
2436 3695 2696 3748 duriores
2753 3695 2924 3749 etiam
2977 3700 3115 3750 sunt
3174 3697 3432 3752 seditiosi
3493 3696 3590 3751 isti

1949 3783 2267 3855 praedones.
2303 3783 2503 3853 Itaque
2534 3799 2659 3852 age,
2698 3781 2840 3836 mihi
2873 3785 3040 3838 matri
3067 3789 3173 3839 tute
3206 3802 3356 3852 esca,
3379 3801 3491 3856 pra
3514 3785 3592 3839 lo-

1947 3875 2121 3929 nibus
2150 3873 2358 3926 vindex
2401 3871 2666 3942 Erinnys,
2715 3876 2773 3926 et
2816 3873 2944 3927 vitea
3000 3874 3325 3929 mortalium
3360 3874 3590 3929 tabula-

1941 3978 2070 4018 rum
2103 3976 2560 4030 sermonumque
2607 3961 2846 4016 materia
2890 3967 3014 4017 esto
3047 3979 3060 4018 :
3095 3980 3222 4034 quas
3256 3980 3371 4019 una
3401 3963 3590 4019 adhuc

1938 4052 2157 4106 Judaais
2206 4054 2387 4105 restat
2433 4051 2758 4104 calamitas.
2810 4049 2916 4105 Vix
2949 4051 3072 4107 haec
3125 4054 3306 4108 fuerat
3336 4055 3586 4120 elocuta,

1941 4150 1996 4198 et
2024 4139 2210 4194 ﬁlium
2243 4143 2427 4208 necat,
2479 4140 2725 4211 ejusque
2773 4141 2842 4195 ad
2893 4139 3086 4211 ignem
3120 4142 3232 4197 assi
3269 4151 3482 4214 partem
3509 4143 3596 4198 di-

1944 4230 2186 4285 midiam
2236 4229 2377 4296 edit,
2430 4235 2652 4298 partem
2701 4229 2938 4284 alteram
2991 4233 3342 4287 occultatam
3375 4236 3589 4286 servat.

1941 4320 2116 4374 Nulla
2162 4317 2471 4373 intercedit
2520 4335 2705 4386 mora,
2755 4325 2809 4374 et
2856 4317 3113 4376 latrones
3155 4321 3235 4376 illi
3269 4325 3505 4389 adsunt,
3537 4324 3595 4375 et

1941 4409 2207 4464 nidorem
2251 4409 2556 4463 infandum
2610 4410 2886 4464 sentiunt.
2934 4411 3292 4480 Quapmpter
3343 4412 3418 4480 ei,
3479 4410 3590 4466 nisi

1941 4497 2382 4569 quamprimum
2415 4496 2570 4566 quod
2607 4505 2867 4568 parasset
2908 4499 3020 4553 cibi
3051 4500 3348 4568 proferret,
3379 4499 3594 4553 cadem

197 4588 264 4658 τῇ
325 4583 490 4659 μητρί
527 4601 542 4617 ο
596 4583 868 4654 ἀνεπλήσθ
914 4579 960 4636 δ’
1009 4581 1206 4645 εὐθέως
1256 4582 1360 4654 ὅλη
1410 4589 1507 4638 τοῦ
1562 4585 1763 4656 μύσους
1797 4585 1831 4653 ἡ

1945 4587 2266 4642 minantur.
2318 4583 2425 4640 Illa
2467 4591 2664 4640 autem
2712 4592 2934 4657 partem
2965 4603 3028 4642 se
3057 4587 3140 4642 eis
3171 4588 3379 4642 bonam
3412 4601 3596 4642 reser-

198 4670 357 4736 πόλις
383 4673 518 4728 ’καὶ
553 4672 659 4745 πρὸ
703 4673 969 4746 ὀμμάτων
1016 4668 1238 4736 ἕκαστος
1286 4673 1348 4728 τὸ
1395 4674 1568 4734 πάθος
1620 4669 1838 4745 λαμϐά-

199 4782 326 4830 νων,
381 4763 456 4823 ὡς
503 4761 630 4835 παρ’
679 4761 844 4816 αὐτοῦ
893 4758 1195 4834 τολμηθὲν,
1244 4758 1476 4839 ἔφριττε.
1526 4759 1749 4831 Σπουδὴ
1784 4761 1841 4817 δὲ

200 4857 304 4908 τῶν
351 4849 864 4926 λιμωττόντωνέπί
907 4853 998 4907 τὸν
1047 4851 1270 4908 θάνατον
1303 4853 1368 4922 ἦν
1391 4871 1404 4886 ’
1436 4853 1526 4908 καὶ
1574 4873 1835 4928 μακαρισ-

209 4945 306 5016 μὸς
357 4948 466 5000 τῶν
523 4941 868 5022 φθασάντων,
924 4941 1050 5014 πρὶν
1109 4943 1335 4998 ἀκοῦσαι
1405 4943 1496 4998 καὶ
1555 4942 1839 4998 θεάσασθαι

203 5033 338 5088 κακὰ
383 5032 712 5102 τηλικαῦτα.
743 5053 773 5085 ››
818 5033 910 5094 Ἐς
958 5030 1177 5108 ὕστερον
1211 5029 1259 5086 δ’
1306 5033 1334 5086 ὁ
1385 5031 1729 5108 συλγραφεὺς
1775 5033 1838 5086 τὸ

205 5120 414 5190 πλῆθος
457 5125 567 5178 τῶν
613 5121 975 5196 ἀνῃρημένων
1019 5125 1100 5194 τῷ
1127 5141 1187 5176 τε
1216 5121 1368 5194 λιμῷ
1397 5121 1486 5177 καὶ
1535 5120 1674 5198 ξίφει
1721 5143 1840 5176 συν-

202 5211 442 5286 αγαγὼν,
501 5210 688 5268 ἑκατόν
745 5231 877 5288 φησι
929 5209 1192 5288 μυριάδας
1257 5209 1659 5289 διαφθαρῆναι·
1708 5211 1836 5274 τοὺς

204 5295 259 5353 δὲ
317 5299 547 5363 λοιποὺς
607 5297 926 5362 στασιώδεις
981 5300 1071 5356 καὶ
1130 5299 1460 5376 λῃστρικοὺς
1520 5301 1606 5356 ὑπ’
1658 5298 1836 5370 ἀλλή-

203 5386 314 5444 λων
373 5391 508 5463 μετὰ
570 5392 669 5462 τήν
729 5389 945 5446 ’ἅλωσιν
1008 5389 1447 5464 ἐνδεικνυμενους
1513 5392 1836 5466 ἀνῃρῆσθαι,

203 5481 306 5532 τῶν
335 5477 392 5534 δὲ
427 5479 560 5536 νέων
607 5481 740 5544 τοὺς
790 5479 1169 5554 ὑψηλοτάτους
1210 5479 1300 5536 καὶ
1338 5479 1532 5536 κάλλει
1581 5479 1835 5552 σώματος

207 5563 551 5644 διαφὲροντας
615 5571 944 5643 τετηρῆσθαι
1011 5565 1284 5643 θριαμϐῳ.
1362 5573 1464 5625 Τοῦ
1521 5567 1577 5625 δὲ
1637 5567 1838 5624 λοιποῦ

217 5651 461 5728 πλήθους
510 5659 633 5722 τοὺς
693 5658 825 5734 ὑπὲρ
881 5655 1236 5713 ἑπτακαίδεκα
1291 5652 1384 5730 ἔτη
1445 5655 1700 5734 δεσμίους
1759 5657 1836 5722 εἷς

1949 4691 2118 4730 vasse
2146 4673 2324 4729 dicit:
2357 4681 2412 4728 et
2443 4673 2716 4744 reliquias
2746 4676 2915 4730 simul
2948 4675 3050 4730 filii
3089 4675 3272 4733 affert.
3306 4675 3393 4730 Illi
3427 4692 3597 4747 porro

1950 4762 2188 4819 horrore
2219 4762 2520 4818 confestim
2566 4768 2622 4818 et
2671 4765 2882 4820 mentis
2926 4764 3394 4820 consternatione
3424 4780 3599 4820 occu-

1949 4853 2089 4923 pati,
2141 4853 2212 4908 ad
2255 4857 2636 4924 conspectum
2697 4853 2864 4909 talem
2925 4855 3364 4925 obstupescunt.
3414 4856 3599 4923 Atque

1947 4943 2050 4998 illa
2081 4959 2097 4998 :
2129 4941 2294 4998 Meus
2348 4942 2440 4998 hic
2489 4947 2596 5011 est,
2643 4942 2856 5014 inquit.
2908 4943 3143 4998 nativus
3174 4959 3602 5016 germanaeque

1947 5032 2106 5088 filius
2141 5047 2156 5100 ;
2189 5047 2383 5088 meum
2430 5032 2538 5087 hoc
2589 5047 2774 5103 opus;
2808 5033 3197 5101 manducata;
3231 5049 3365 5089 nam
3391 5043 3445 5088 et
3475 5032 3602 5104 ipsa

1937 5124 2066 5196 jam
2099 5121 2485 5191 manducavi;
2519 5139 2705 5193 neque
2751 5122 2838 5178 vel
2889 5123 3183 5180 molliores
3234 5125 3470 5190 femina,
3515 5124 3599 5180 vel

1947 5212 2347 5268 misericordes
2377 5212 2564 5284 magis
2597 5220 2776 5268 matre
2822 5213 2947 5283 ipsa
2977 5213 3122 5269 silis.
3159 5214 3321 5278 Quod
3354 5215 3405 5270 si
3436 5214 3600 5270 vobis

1946 5302 2132 5374 pietas
2180 5303 2393 5371 obstat,
2442 5317 2748 5370 meamque
2794 5307 3098 5372 propterea
3137 5303 3486 5359 aversamini
3517 5303 3599 5360 vi.

1945 5391 2204 5458 climam,
2242 5397 2511 5446 maneant
2535 5391 2688 5460 apud
2714 5405 2804 5444 me
2827 5391 2940 5444 cibi
2975 5392 3127 5462 ejus,
3159 5393 3408 5463 quojam
3439 5401 3601 5466 pasta

1885 5467 1897 5480 ’
1946 5495 2102 5546 sum,
2153 5478 2432 5551 reliquie.
2466 5480 2614 5536 235
2652 5479 2745 5534 Sic
2797 5479 2881 5535 illi
2913 5484 3226 5537 trementes
3255 5485 3496 5554 abeunt,
3526 5486 3598 5540 ad

1945 5568 2054 5626 hoc
2085 5586 2268 5626 unum
2299 5571 2526 5626 facinus
2567 5567 2759 5625 timidi
2798 5583 2812 5625 :
2855 5575 2912 5625 et
2941 5585 3088 5641 aegre
3118 5571 3188 5627 de
3217 5573 3406 5645 epulis
3439 5574 3602 5646 ejus-

1947 5658 2108 5718 modi
2163 5660 2337 5717 matri
2395 5658 2521 5732 ipsi.
2565 5657 2802 5718 cedunt.
2862 5659 3103 5732 Repleta
3139 5661 3300 5722 illico
3353 5667 3474 5722 tota
3529 5680 3596 5722 eo
