  <div class='ocr_page' id='page_1' title='image "/cluster/home/n/w/nwhite01/storage/ocr_20150623/145/mdp.39015061167048/464.png"; bbox 0 0 4032 6282; ppageno 0'>
   <div class='ocr_carea' id='block_1_1' title="bbox 139 447 253 518">
    <p class='ocr_par' dir='ltr' id='par_1_1' title="bbox 139 447 253 518">
     <span class='ocr_line' id='line_1_1' title="bbox 139 447 253 518; baseline 0.018 -2"><span class='ocrx_word' id='word_1_1' title='bbox 139 447 253 518; x_wconf 80' lang='grc'><strong>913</strong></span> 
     </span>
    </p>
   </div>
   <div class='ocr_carea' id='block_1_2' title="bbox 137 592 1367 670">
    <p class='ocr_par' dir='ltr' id='par_1_2' title="bbox 137 592 1367 670">
     <span class='ocr_line' id='line_1_2' title="bbox 137 592 1367 670; baseline 0.003 -24"><span class='ocrx_word' id='word_1_2' title='bbox 137 593 284 654; x_wconf 81' lang='grc' dir='ltr'>νοίας</span> <span class='ocrx_word' id='word_1_3' title='bbox 341 595 527 667; x_wconf 84' lang='grc' dir='ltr'>καιρὸν</span> <span class='ocrx_word' id='word_1_4' title='bbox 587 594 688 647; x_wconf 78' lang='grc' dir='ltr'>οὐκ</span> <span class='ocrx_word' id='word_1_5' title='bbox 731 592 1022 670; x_wconf 70' lang='grc' dir='ltr'>ἐλάχιστον</span> <span class='ocrx_word' id='word_1_6' title='bbox 1076 596 1367 658; x_wconf 71' lang='grc' dir='ltr'><strong>ὑπανέντος</strong></span> 
     </span>
    </p>
   </div>
   <div class='ocr_carea' id='block_1_3' title="bbox 139 681 1772 758">
    <p class='ocr_par' dir='ltr' id='par_1_3' title="bbox 139 681 1772 758">
     <span class='ocr_line' id='line_1_3' title="bbox 139 681 1772 758; baseline 0.002 -22"><span class='ocrx_word' id='word_1_7' title='bbox 139 681 444 754; x_wconf 83' lang='grc' dir='ltr'>κρείττονος</span> <span class='ocrx_word' id='word_1_8' title='bbox 511 682 790 754; x_wconf 66' lang='grc' dir='ltr'>γενόμενοι</span> <span class='ocrx_word' id='word_1_9' title='bbox 843 683 1139 758; x_wconf 77' lang='grc' dir='ltr'><strong>λογισμοῦ,</strong></span> <span class='ocrx_word' id='word_1_10' title='bbox 1189 685 1280 740; x_wconf 82' lang='grc' dir='ltr'>καὶ</span> <span class='ocrx_word' id='word_1_11' title='bbox 1329 691 1428 748; x_wconf 79' lang='grc' dir='ltr'>τῆς</span> <span class='ocrx_word' id='word_1_12' title='bbox 1485 687 1560 750; x_wconf 56' lang='grc' dir='ltr'><strong>είς</strong></span> <span class='ocrx_word' id='word_1_13' title='bbox 1611 689 1772 744; x_wconf 81' lang='grc' dir='ltr'>αὐτὸν</span> 
     </span>
    </p>
   </div>
   <div class='ocr_carea' id='block_1_4' title="bbox 137 769 1777 848">
    <p class='ocr_par' dir='ltr' id='par_1_4' title="bbox 137 769 1777 848">
     <span class='ocr_line' id='line_1_4' title="bbox 137 769 1777 848; baseline 0.005 -24"><span class='ocrx_word' id='word_1_14' title='bbox 137 771 419 844; x_wconf 70' lang='grc' dir='ltr'><strong>παροινίας</strong></span> <span class='ocrx_word' id='word_1_15' title='bbox 449 773 546 840; x_wconf 76' lang='grc' dir='ltr'><strong>τήν</strong></span> <span class='ocrx_word' id='word_1_16' title='bbox 586 769 742 840; x_wconf 76' lang='grc' dir='ltr'>δίκην</span> <span class='ocrx_word' id='word_1_17' title='bbox 785 769 874 827; x_wconf 76' lang='grc' dir='ltr'>διὰ</span> <span class='ocrx_word' id='word_1_18' title='bbox 916 775 1198 846; x_wconf 81' lang='grc' dir='ltr'>μετανοίας</span> <span class='ocrx_word' id='word_1_19' title='bbox 1238 773 1586 848; x_wconf 74' lang='grc' dir='ltr'>ἀποδράσωσι</span> <span class='ocrx_word' id='word_1_20' title='bbox 1623 797 1634 809; x_wconf 93' lang='grc'><strong>·</strong></span> <span class='ocrx_word' id='word_1_21' title='bbox 1687 779 1777 832; x_wconf 83' lang='grc' dir='ltr'><strong>καὶ</strong></span> 
     </span>
    </p>
   </div>
   <div class='ocr_carea' id='block_1_5' title="bbox 141 857 1779 939">
    <p class='ocr_par' dir='ltr' id='par_1_5' title="bbox 141 857 1779 939">
     <span class='ocr_line' id='line_1_5' title="bbox 141 857 1779 939; baseline 0.004 -25"><span class='ocrx_word' id='word_1_22' title='bbox 141 862 235 929; x_wconf 76' lang='grc' dir='ltr'><strong>τήν</strong></span> <span class='ocrx_word' id='word_1_23' title='bbox 266 857 635 926; x_wconf 71' lang='grc' dir='ltr'>ἁποστολικὴν</span> <span class='ocrx_word' id='word_1_24' title='bbox 668 860 948 916; x_wconf 75' lang='grc' dir='ltr'><strong>πολιτείαν</strong></span> <span class='ocrx_word' id='word_1_25' title='bbox 977 865 1065 917; x_wconf 80' lang='grc' dir='ltr'>καὶ</span> <span class='ocrx_word' id='word_1_26' title='bbox 1123 862 1561 939; x_wconf 71' lang='grc' dir='ltr'><strong>μεγαληγορίαν,</strong></span> <span class='ocrx_word' id='word_1_27' title='bbox 1594 865 1670 920; x_wconf 77' lang='grc' dir='ltr'>ἔτι</span> <span class='ocrx_word' id='word_1_28' title='bbox 1720 863 1779 921; x_wconf 75' lang='grc' dir='ltr'><strong>δὲ</strong></span> 
     </span>
    </p>
   </div>
   <div class='ocr_carea' id='block_1_6' title="bbox 140 947 1781 1025">
    <p class='ocr_par' dir='ltr' id='par_1_6' title="bbox 140 947 1781 1025">
     <span class='ocr_line' id='line_1_6' title="bbox 140 947 1781 1025; baseline 0.004 -24"><span class='ocrx_word' id='word_1_29' title='bbox 140 947 228 1001; x_wconf 85' lang='grc' dir='ltr'><strong>καὶ</strong></span> <span class='ocrx_word' id='word_1_30' title='bbox 257 949 357 1016; x_wconf 68' lang='grc' dir='ltr'><strong>τήν</strong></span> <span class='ocrx_word' id='word_1_31' title='bbox 383 956 491 1003; x_wconf 81' lang='grc' dir='ltr'><strong>τῶν</strong></span> <span class='ocrx_word' id='word_1_32' title='bbox 520 947 765 1018; x_wconf 77' lang='grc' dir='ltr'>ἐξαισίων</span> <span class='ocrx_word' id='word_1_33' title='bbox 796 951 1088 1024; x_wconf 84' lang='grc' dir='ltr'>τεραστίων</span> <span class='ocrx_word' id='word_1_34' title='bbox 1119 948 1394 1025; x_wconf 79' lang='grc' dir='ltr'>ἐπίδειξιν,</span> <span class='ocrx_word' id='word_1_35' title='bbox 1428 955 1511 1008; x_wconf 74' lang='grc' dir='ltr'><strong>καὶ</strong></span> <span class='ocrx_word' id='word_1_36' title='bbox 1547 952 1634 1008; x_wconf 82' lang='grc' dir='ltr'><strong>ἐπὶ</strong></span> <span class='ocrx_word' id='word_1_37' title='bbox 1663 975 1781 1008; x_wconf 89' lang='grc' dir='ltr'>τεσ-</span> 
     </span>
    </p>
   </div>
   <div class='ocr_carea' id='block_1_7' title="bbox 141 1030 1781 1115">
    <p class='ocr_par' dir='ltr' id='par_1_7' title="bbox 141 1030 1781 1115">
     <span class='ocr_line' id='line_1_7' title="bbox 141 1030 1781 1115; baseline 0.004 -25"><span class='ocrx_word' id='word_1_38' title='bbox 141 1037 440 1110; x_wconf 74' lang='grc' dir='ltr'>σαράκοντα</span> <span class='ocrx_word' id='word_1_39' title='bbox 461 1030 758 1111; x_wconf 78' lang='grc' dir='ltr'>ἕτηχρόνον</span> <span class='ocrx_word' id='word_1_40' title='bbox 780 1038 1132 1106; x_wconf 81' lang='grc' dir='ltr'>ὲκτείναντος,</span> <span class='ocrx_word' id='word_1_41' title='bbox 1156 1041 1246 1093; x_wconf 84' lang='grc' dir='ltr'><strong>καὶ</strong></span> <span class='ocrx_word' id='word_1_42' title='bbox 1275 1045 1383 1096; x_wconf 82' lang='grc' dir='ltr'><strong>τῶν</strong></span> <span class='ocrx_word' id='word_1_43' title='bbox 1419 1047 1598 1115; x_wconf 85' lang='grc' dir='ltr'>μικρῷ</span> <span class='ocrx_word' id='word_1_44' title='bbox 1616 1043 1781 1115; x_wconf 89' lang='grc' dir='ltr'>πρόσ-</span> 
     </span>
    </p>
   </div>
   <div class='ocr_carea' id='block_1_8' title="bbox 141 1121 1780 1200">
    <p class='ocr_par' dir='ltr' id='par_1_8' title="bbox 141 1121 1780 1200">
     <span class='ocr_line' id='line_1_8' title="bbox 141 1121 1780 1200; baseline 0.003 -22"><span class='ocrx_word' id='word_1_45' title='bbox 141 1127 220 1178; x_wconf 91' lang='grc' dir='ltr'><strong>θεν</strong></span> <span class='ocrx_word' id='word_1_46' title='bbox 255 1123 557 1196; x_wconf 77' lang='grc' dir='ltr'>εἰρημένων</span> <span class='ocrx_word' id='word_1_47' title='bbox 599 1121 844 1199; x_wconf 76' lang='grc' dir='ltr'>φοϐερῶν</span> <span class='ocrx_word' id='word_1_48' title='bbox 877 1126 928 1181; x_wconf 82' lang='grc' dir='ltr'>ἐν</span> <span class='ocrx_word' id='word_1_49' title='bbox 966 1127 1150 1188; x_wconf 82' lang='grc' dir='ltr'>αὐτοῖς</span> <span class='ocrx_word' id='word_1_50' title='bbox 1193 1129 1434 1200; x_wconf 76' lang='grc' dir='ltr'>σημείων</span> <span class='ocrx_word' id='word_1_51' title='bbox 1473 1131 1571 1196; x_wconf 73' lang='grc' dir='ltr'>τὴν</span> <span class='ocrx_word' id='word_1_52' title='bbox 1606 1151 1780 1183; x_wconf 76' lang='grc' dir='ltr'>πανω-</span> 
     </span>
    </p>
   </div>
   <div class='ocr_carea' id='block_1_9' title="bbox 145 1210 1780 1292">
    <p class='ocr_par' dir='ltr' id='par_1_9' title="bbox 145 1210 1780 1292">
     <span class='ocr_line' id='line_1_9' title="bbox 145 1210 1780 1292; baseline 0.003 -26"><span class='ocrx_word' id='word_1_53' title='bbox 145 1210 358 1286; x_wconf 82' lang='grc' dir='ltr'>λεθρίαν</span> <span class='ocrx_word' id='word_1_54' title='bbox 389 1213 732 1269; x_wconf 85' lang='grc' dir='ltr'>ἐπισειόντων</span> <span class='ocrx_word' id='word_1_55' title='bbox 766 1236 778 1248; x_wconf 92' lang='grc'><strong>·</strong></span> <span class='ocrx_word' id='word_1_56' title='bbox 813 1217 864 1270; x_wconf 82' lang='grc' dir='ltr'>οἱ</span> <span class='ocrx_word' id='word_1_57' title='bbox 897 1213 953 1270; x_wconf 78' lang='grc' dir='ltr'><strong>δὲ</strong></span> <span class='ocrx_word' id='word_1_58' title='bbox 988 1219 1072 1270; x_wconf 77' lang='grc' dir='ltr'>καὶ</span> <span class='ocrx_word' id='word_1_59' title='bbox 1110 1213 1190 1270; x_wconf 76' lang='grc' dir='ltr'>ἔτι</span> <span class='ocrx_word' id='word_1_60' title='bbox 1218 1223 1298 1287; x_wconf 77' lang='grc' dir='ltr'>τῷ</span> <span class='ocrx_word' id='word_1_61' title='bbox 1340 1218 1550 1292; x_wconf 77' lang='grc' dir='ltr'>χείρονι</span> <span class='ocrx_word' id='word_1_62' title='bbox 1581 1217 1780 1292; x_wconf 80' lang='grc' dir='ltr'>προσέ-</span> 
     </span>
    </p>
   </div>
   <div class='ocr_carea' id='block_1_10' title="bbox 141 1304 1779 1382">
    <p class='ocr_par' dir='ltr' id='par_1_10' title="bbox 141 1304 1779 1382">
     <span class='ocr_line' id='line_1_10' title="bbox 141 1304 1779 1382; baseline 0.002 -26"><span class='ocrx_word' id='word_1_63' title='bbox 141 1319 360 1356; x_wconf 79' lang='grc' dir='ltr'>κειντο·</span> <span class='ocrx_word' id='word_1_64' title='bbox 420 1304 510 1356; x_wconf 82' lang='grc' dir='ltr'><strong>καὶ</strong></span> <span class='ocrx_word' id='word_1_65' title='bbox 587 1305 836 1374; x_wconf 80' lang='grc' dir='ltr'>μὴμόνον</span> <span class='ocrx_word' id='word_1_66' title='bbox 897 1305 990 1358; x_wconf 85' lang='grc' dir='ltr'><strong>τὸν</strong></span> <span class='ocrx_word' id='word_1_67' title='bbox 1056 1312 1292 1378; x_wconf 75' lang='grc' dir='ltr'>Σωτῆρα</span> <span class='ocrx_word' id='word_1_68' title='bbox 1357 1307 1633 1382; x_wconf 72' lang='grc' dir='ltr'><strong>ἠγνόησαν</strong></span> <span class='ocrx_word' id='word_1_69' title='bbox 1690 1307 1779 1360; x_wconf 82' lang='grc' dir='ltr'>καὶ</span> 
     </span>
    </p>
   </div>
   <div class='ocr_carea' id='block_1_11' title="bbox 139 1387 1780 1466">
    <p class='ocr_par' dir='ltr' id='par_1_11' title="bbox 139 1387 1780 1466">
     <span class='ocr_line' id='line_1_11' title="bbox 139 1387 1780 1466; baseline 0.002 -21"><span class='ocrx_word' id='word_1_70' title='bbox 139 1387 508 1464; x_wconf 66' lang='grc' dir='ltr'>παρέδραμον,</span> <span class='ocrx_word' id='word_1_71' title='bbox 541 1391 687 1445; x_wconf 73' lang='grc' dir='ltr'>ἀλλὰ</span> <span class='ocrx_word' id='word_1_72' title='bbox 716 1391 807 1446; x_wconf 88' lang='grc' dir='ltr'><strong>καὶ</strong></span> <span class='ocrx_word' id='word_1_73' title='bbox 837 1395 972 1464; x_wconf 72' lang='grc' dir='ltr'>πρὸς</span> <span class='ocrx_word' id='word_1_74' title='bbox 1003 1401 1094 1447; x_wconf 86' lang='grc' dir='ltr'>τὸν</span> <span class='ocrx_word' id='word_1_75' title='bbox 1123 1399 1341 1462; x_wconf 77' lang='grc' dir='ltr'>πρῶτον</span> <span class='ocrx_word' id='word_1_76' title='bbox 1373 1395 1540 1466; x_wconf 76' lang='grc' dir='ltr'>νόμον</span> <span class='ocrx_word' id='word_1_77' title='bbox 1573 1393 1780 1455; x_wconf 78' lang='grc' dir='ltr'>ἀθλίως</span> 
     </span>
    </p>
   </div>
   <div class='ocr_carea' id='block_1_12' title="bbox 143 1477 1783 1556">
    <p class='ocr_par' dir='ltr' id='par_1_12' title="bbox 143 1477 1783 1556">
     <span class='ocr_line' id='line_1_12' title="bbox 143 1477 1783 1556; baseline 0.002 -22"><span class='ocrx_word' id='word_1_78' title='bbox 143 1477 419 1548; x_wconf 73' lang='grc' dir='ltr'>διέκειντο,</span> <span class='ocrx_word' id='word_1_79' title='bbox 452 1478 608 1535; x_wconf 77' lang='grc' dir='ltr'>οὐδὲν</span> <span class='ocrx_word' id='word_1_80' title='bbox 641 1479 781 1542; x_wconf 79' lang='grc' dir='ltr'>εἶδος</span> <span class='ocrx_word' id='word_1_81' title='bbox 813 1487 1156 1555; x_wconf 73' lang='grc' dir='ltr'>παρανομίας</span> <span class='ocrx_word' id='word_1_82' title='bbox 1185 1483 1614 1556; x_wconf 82' lang='grc' dir='ltr'>παραλείποντες</span> <span class='ocrx_word' id='word_1_83' title='bbox 1643 1483 1783 1538; x_wconf 83' lang='grc' dir='ltr'>ὥστε</span> 
     </span>
    </p>
   </div>
   <div class='ocr_carea' id='block_1_13' title="bbox 145 1570 1782 1650">
    <p class='ocr_par' dir='ltr' id='par_1_13' title="bbox 145 1570 1782 1650">
     <span class='ocr_line' id='line_1_13' title="bbox 145 1570 1782 1650; baseline 0.002 -28"><span class='ocrx_word' id='word_1_84' title='bbox 145 1571 217 1642; x_wconf 79' lang='grc' dir='ltr'>μή</span> <span class='ocrx_word' id='word_1_85' title='bbox 249 1575 430 1642; x_wconf 81' lang='grc' dir='ltr'>γυμνῇ</span> <span class='ocrx_word' id='word_1_86' title='bbox 463 1570 716 1643; x_wconf 79' lang='grc' dir='ltr'>πράττειν</span> <span class='ocrx_word' id='word_1_87' title='bbox 747 1574 814 1644; x_wconf 79' lang='grc' dir='ltr'><strong>τῇ</strong></span> <span class='ocrx_word' id='word_1_88' title='bbox 846 1571 1080 1650; x_wconf 74' lang='grc' dir='ltr'>κεφαλῇ.</span> <span class='ocrx_word' id='word_1_89' title='bbox 1125 1574 1204 1627; x_wconf 88' lang='grc' dir='ltr'>Δι’</span> <span class='ocrx_word' id='word_1_90' title='bbox 1235 1575 1371 1646; x_wconf 79' lang='grc' dir='ltr'>ἅπερ</span> <span class='ocrx_word' id='word_1_91' title='bbox 1399 1573 1487 1628; x_wconf 82' lang='grc' dir='ltr'><strong>καὶ</strong></span> <span class='ocrx_word' id='word_1_92' title='bbox 1520 1578 1616 1629; x_wconf 78' lang='grc' dir='ltr'><strong>τοῦ</strong></span> <span class='ocrx_word' id='word_1_93' title='bbox 1649 1577 1782 1627; x_wconf 69' lang='grc' dir='ltr'>θεοῦ</span> 
     </span>
    </p>
   </div>
   <div class='ocr_carea' id='block_1_14' title="bbox 146 1659 1781 1732">
    <p class='ocr_par' dir='ltr' id='par_1_14' title="bbox 146 1659 1781 1732">
     <span class='ocr_line' id='line_1_14' title="bbox 146 1659 1781 1732; baseline 0.002 -20"><span class='ocrx_word' id='word_1_94' title='bbox 146 1659 489 1731; x_wconf 86' lang='grc' dir='ltr'>μακρόθυμον</span> <span class='ocrx_word' id='word_1_95' title='bbox 548 1659 924 1729; x_wconf 71' lang='grc' dir='ltr'>ἀναλῦσαντες,</span> <span class='ocrx_word' id='word_1_96' title='bbox 984 1662 1258 1724; x_wconf 83' lang='grc' dir='ltr'>πανώλεις</span> <span class='ocrx_word' id='word_1_97' title='bbox 1306 1667 1385 1732; x_wconf 78' lang='grc' dir='ltr'>τῷ</span> <span class='ocrx_word' id='word_1_98' title='bbox 1441 1663 1628 1717; x_wconf 82' lang='grc' dir='ltr'>ἀσανεῖ</span> <span class='ocrx_word' id='word_1_99' title='bbox 1681 1670 1781 1730; x_wconf 79' lang='grc' dir='ltr'><strong>τῆς</strong></span> 
     </span>
    </p>
   </div>
   <div class='ocr_carea' id='block_1_15' title="bbox 143 1747 1784 1827">
    <p class='ocr_par' dir='ltr' id='par_1_15' title="bbox 143 1747 1784 1827">
     <span class='ocr_line' id='line_1_15' title="bbox 143 1747 1784 1827; baseline 0.002 -27"><span class='ocrx_word' id='word_1_100' title='bbox 143 1747 326 1808; x_wconf 79' lang='grc' dir='ltr'>κακίας</span> <span class='ocrx_word' id='word_1_101' title='bbox 385 1748 534 1820; x_wconf 71' lang='grc' dir='ltr'>βυθῷ</span> <span class='ocrx_word' id='word_1_102' title='bbox 590 1750 1072 1827; x_wconf 68' lang='grc' dir='ltr'>παρεπέμφθησαν.</span> <span class='ocrx_word' id='word_1_103' title='bbox 1136 1749 1232 1804; x_wconf 76' lang='grc' dir='ltr'><strong>Καὶ</strong></span> <span class='ocrx_word' id='word_1_104' title='bbox 1302 1755 1378 1821; x_wconf 81' lang='grc' dir='ltr'>τῷ</span> <span class='ocrx_word' id='word_1_105' title='bbox 1461 1751 1784 1824; x_wconf 67' lang='grc' dir='ltr'>βουλομένῳ</span> 
     </span>
    </p>
   </div>
   <div class='ocr_carea' id='block_1_16' title="bbox 145 1835 1784 1910">
    <p class='ocr_par' dir='ltr' id='par_1_16' title="bbox 145 1835 1784 1910">
     <span class='ocr_line' id='line_1_16' title="bbox 145 1835 1784 1910; baseline 0.001 -20"><span class='ocrx_word' id='word_1_106' title='bbox 145 1837 466 1906; x_wconf 81' lang='grc' dir='ltr'>καταμαθεῖν</span> <span class='ocrx_word' id='word_1_107' title='bbox 512 1835 650 1891; x_wconf 84' lang='grc' dir='ltr'>ἐστιν</span> <span class='ocrx_word' id='word_1_108' title='bbox 706 1836 916 1910; x_wconf 73' lang='grc' dir='ltr'>ῥᾴδιον,</span> <span class='ocrx_word' id='word_1_109' title='bbox 960 1835 1197 1909; x_wconf 73' lang='grc' dir='ltr'>ἀκριϐῶς</span> <span class='ocrx_word' id='word_1_110' title='bbox 1245 1837 1621 1894; x_wconf 77' lang='grc' dir='ltr'>ἐπιστατοῦντι</span> <span class='ocrx_word' id='word_1_111' title='bbox 1670 1845 1784 1899; x_wconf 82' lang='grc' dir='ltr'>τοῖς</span> 
     </span>
    </p>
   </div>
   <div class='ocr_carea' id='block_1_17' title="bbox 147 1923 1866 2030">
    <p class='ocr_par' dir='ltr' id='par_1_17' title="bbox 147 1923 1866 2030">
     <span class='ocr_line' id='line_1_17' title="bbox 147 1923 1866 2030; baseline 0.002 -53"><span class='ocrx_word' id='word_1_112' title='bbox 147 1925 258 1978; x_wconf 85' lang='grc' dir='ltr'>καθ’</span> <span class='ocrx_word' id='word_1_113' title='bbox 303 1924 529 1978; x_wconf 81' lang='grc' dir='ltr'>ἕκαστον</span> <span class='ocrx_word' id='word_1_114' title='bbox 592 1923 908 1998; x_wconf 71' lang='grc' dir='ltr'>λεγομένοις</span> <span class='ocrx_word' id='word_1_115' title='bbox 966 1933 1044 1994; x_wconf 78' lang='grc' dir='ltr'>τῷ</span> <span class='ocrx_word' id='word_1_116' title='bbox 1101 1933 1419 2006; x_wconf 76' lang='grc' dir='ltr'>συγγραφεῖ,</span> <span class='ocrx_word' id='word_1_117' title='bbox 1479 1931 1576 1993; x_wconf 90' lang='grc' dir='ltr'><strong>μεθ</strong></span> <span class='ocrx_word' id='word_1_118' title='bbox 1654 1927 1786 1996; x_wconf 73' lang='grc' dir='ltr'>ὅσης</span> <span class='ocrx_word' id='word_1_119' title='bbox 1825 1968 1866 2030; x_wconf 73' lang='grc' dir='ltr'><strong>Β</strong></span> 
     </span>
     <span class='ocr_line' id='line_1_18' title="bbox 207 2011 1788 2030; baseline -0.001 0"><span class='ocrx_word' id='word_1_120' title='bbox 207 2014 218 2030; x_wconf 73' lang='grc' dir='ltr'><strong>ρ</strong></span> <span class='ocrx_word' id='word_1_121' title='bbox 506 2017 519 2030; x_wconf 72' lang='lat' dir='ltr'><strong>I</strong></span> <span class='ocrx_word' id='word_1_122' title='bbox 590 2011 645 2030; x_wconf 67' lang='grc' dir='ltr'><strong><em>ὀ</em></strong></span> <span class='ocrx_word' id='word_1_123' title='bbox 701 2017 713 2030; x_wconf 79' lang='grc' dir='ltr'><strong>Ι</strong></span> <span class='ocrx_word' id='word_1_124' title='bbox 965 2017 1022 2030; x_wconf 72' lang='grc' dir='ltr'><strong>ι.-</strong></span> <span class='ocrx_word' id='word_1_125' title='bbox 1078 2017 1090 2030; x_wconf 68' lang='grc' dir='ltr'>ι</span> <span class='ocrx_word' id='word_1_126' title='bbox 1171 2015 1211 2030; x_wconf 60' lang='grc' dir='ltr'><em>κ.</em></span> <span class='ocrx_word' id='word_1_127' title='bbox 1355 2018 1367 2030; x_wconf 79' lang='grc' dir='ltr'>ι</span> <span class='ocrx_word' id='word_1_128' title='bbox 1483 2017 1569 2030; x_wconf 68' lang='lat'><strong><em>\\\</em></strong></span> <span class='ocrx_word' id='word_1_129' title='bbox 1766 2018 1788 2028; x_wconf 63' lang='grc' dir='ltr'><strong>ν</strong></span> 
     </span>
    </p>
   </div>
   <div class='ocr_carea' id='block_1_18' title="bbox 151 2011 1789 2090">
    <p class='ocr_par' dir='ltr' id='par_1_18' title="bbox 151 2011 1789 2090">
     <span class='ocr_line' id='line_1_19' title="bbox 151 2011 1789 2090; baseline 0.002 -23"><span class='ocrx_word' id='word_1_130' title='bbox 151 2014 368 2088; x_wconf 70' lang='grc' dir='ltr'>χάριτος</span> <span class='ocrx_word' id='word_1_131' title='bbox 429 2017 521 2068; x_wconf 78' lang='grc' dir='ltr'><strong>καὶ</strong></span> <span class='ocrx_word' id='word_1_132' title='bbox 578 2011 904 2086; x_wconf 73' lang='grc' dir='ltr'>ἁϐρότητος.</span> <span class='ocrx_word' id='word_1_133' title='bbox 965 2017 1109 2090; x_wconf 85' lang='grc' dir='ltr'><strong>Ἐγὼ</strong></span> <span class='ocrx_word' id='word_1_134' title='bbox 1169 2015 1223 2071; x_wconf 70' lang='grc' dir='ltr'><strong>δε</strong></span> <span class='ocrx_word' id='word_1_135' title='bbox 1281 2018 1370 2070; x_wconf 83' lang='grc' dir='ltr'>καὶ</span> <span class='ocrx_word' id='word_1_136' title='bbox 1433 2017 1646 2090; x_wconf 69' lang='grc' dir='ltr'>μᾶλλον</span> <span class='ocrx_word' id='word_1_137' title='bbox 1694 2018 1789 2070; x_wconf 71' lang='grc' dir='ltr'>τοῦ</span> 
     </span>
    </p>
   </div>
   <div class='ocr_carea' id='block_1_19' title="bbox 153 2102 1791 2178">
    <p class='ocr_par' dir='ltr' id='par_1_19' title="bbox 153 2102 1791 2178">
     <span class='ocr_line' id='line_1_20' title="bbox 153 2102 1791 2178; baseline 0.003 -23"><span class='ocrx_word' id='word_1_138' title='bbox 153 2102 317 2157; x_wconf 73' lang='grc' dir='ltr'>πάντα</span> <span class='ocrx_word' id='word_1_139' title='bbox 373 2103 560 2164; x_wconf 82' lang='grc' dir='ltr'>καλῶς</span> <span class='ocrx_word' id='word_1_140' title='bbox 611 2105 1023 2176; x_wconf 74' lang='grc' dir='ltr'>οἱκονοροῦντος</span> <span class='ocrx_word' id='word_1_141' title='bbox 1083 2109 1215 2160; x_wconf 79' lang='grc' dir='ltr'><strong>Θεοῦ</strong></span> <span class='ocrx_word' id='word_1_142' title='bbox 1275 2105 1534 2178; x_wconf 62' lang='grc' dir='ltr'>θαυμάζω</span> <span class='ocrx_word' id='word_1_143' title='bbox 1583 2106 1644 2159; x_wconf 85' lang='grc' dir='ltr'>τὸ</span> <span class='ocrx_word' id='word_1_144' title='bbox 1693 2109 1791 2178; x_wconf 83' lang='grc' dir='ltr'><strong>μέ-</strong></span> 
     </span>
    </p>
   </div>
   <div class='ocr_carea' id='block_1_20' title="bbox 155 2188 1794 2265">
    <p class='ocr_par' dir='ltr' id='par_1_20' title="bbox 155 2188 1794 2265">
     <span class='ocr_line' id='line_1_21' title="bbox 155 2188 1794 2265; baseline 0.001 -21"><span class='ocrx_word' id='word_1_145' title='bbox 155 2192 328 2264; x_wconf 82' lang='grc' dir='ltr'>γεθος,</span> <span class='ocrx_word' id='word_1_146' title='bbox 360 2188 530 2264; x_wconf 63' lang='grc' dir='ltr'>ἄνδρα</span> <span class='ocrx_word' id='word_1_147' title='bbox 587 2189 839 2265; x_wconf 70' lang='grc' dir='ltr'>ἰἱϐραῖον</span> <span class='ocrx_word' id='word_1_148' title='bbox 889 2194 978 2246; x_wconf 79' lang='grc' dir='ltr'><strong>καὶ</strong></span> <span class='ocrx_word' id='word_1_149' title='bbox 1031 2198 1138 2247; x_wconf 79' lang='grc' dir='ltr'><strong>τῶν</strong></span> <span class='ocrx_word' id='word_1_150' title='bbox 1186 2192 1424 2248; x_wconf 86' lang='grc' dir='ltr'>ἀπίστων</span> <span class='ocrx_word' id='word_1_151' title='bbox 1475 2193 1617 2248; x_wconf 67' lang='grc' dir='ltr'>οὕτω</span> <span class='ocrx_word' id='word_1_152' title='bbox 1647 2196 1794 2262; x_wconf 75' lang='grc' dir='ltr'>κινή-</span> 
     </span>
    </p>
   </div>
   <div class='ocr_carea' id='block_1_21' title="bbox 158 2279 1795 2356">
    <p class='ocr_par' dir='ltr' id='par_1_21' title="bbox 158 2279 1795 2356">
     <span class='ocr_line' id='line_1_22' title="bbox 158 2279 1795 2356; baseline 0.004 -26"><span class='ocrx_word' id='word_1_153' title='bbox 158 2299 332 2350; x_wconf 78' lang='grc' dir='ltr'>σαντα,</span> <span class='ocrx_word' id='word_1_154' title='bbox 389 2279 486 2333; x_wconf 81' lang='grc' dir='ltr'><strong>καὶ</strong></span> <span class='ocrx_word' id='word_1_155' title='bbox 545 2280 792 2354; x_wconf 77' lang='grc' dir='ltr'>γλῶτταν</span> <span class='ocrx_word' id='word_1_156' title='bbox 853 2280 1101 2354; x_wconf 78' lang='grc' dir='ltr'>λαμυρὰν</span> <span class='ocrx_word' id='word_1_157' title='bbox 1152 2282 1594 2356; x_wconf 79' lang='grc' dir='ltr'>παρασχόμενον,</span> <span class='ocrx_word' id='word_1_158' title='bbox 1659 2281 1795 2336; x_wconf 83' lang='grc' dir='ltr'>ὥστε</span> 
     </span>
    </p>
   </div>
   <div class='ocr_carea' id='block_1_22' title="bbox 157 2363 1792 2444">
    <p class='ocr_par' dir='ltr' id='par_1_22' title="bbox 157 2363 1792 2444">
     <span class='ocr_line' id='line_1_23' title="bbox 157 2363 1792 2444; baseline 0.001 -23"><span class='ocrx_word' id='word_1_159' title='bbox 157 2363 218 2433; x_wconf 80' lang='grc' dir='ltr'><strong>δὴ</strong></span> <span class='ocrx_word' id='word_1_160' title='bbox 260 2368 332 2430; x_wconf 86' lang='grc' dir='ltr'><strong>ὡς</strong></span> <span class='ocrx_word' id='word_1_161' title='bbox 379 2373 564 2442; x_wconf 79' lang='grc' dir='ltr'>χρεών</span> <span class='ocrx_word' id='word_1_162' title='bbox 614 2390 674 2440; x_wconf 86' lang='grc' dir='ltr'><strong>γε</strong></span> <span class='ocrx_word' id='word_1_163' title='bbox 723 2372 786 2436; x_wconf 69' lang='grc' dir='ltr'><strong>ἦν</strong></span> <span class='ocrx_word' id='word_1_164' title='bbox 833 2371 934 2438; x_wconf 77' lang='grc' dir='ltr'><strong>τήν</strong></span> <span class='ocrx_word' id='word_1_165' title='bbox 984 2371 1120 2424; x_wconf 75' lang='grc' dir='ltr'>κατὰ</span> <span class='ocrx_word' id='word_1_166' title='bbox 1187 2368 1486 2429; x_wconf 82' lang='grc' dir='ltr'>Ἰουδαίους</span> <span class='ocrx_word' id='word_1_167' title='bbox 1551 2371 1792 2444; x_wconf 73' lang='grc' dir='ltr'>ἱστορίαν</span> 
     </span>
    </p>
   </div>
   <div class='ocr_carea' id='block_1_23' title="bbox 159 2457 736 2531">
    <p class='ocr_par' dir='ltr' id='par_1_23' title="bbox 159 2457 736 2531">
     <span class='ocr_line' id='line_1_24' title="bbox 159 2457 736 2531; baseline 0 -19"><span class='ocrx_word' id='word_1_168' title='bbox 159 2457 382 2531; x_wconf 75' lang='grc' dir='ltr'>ἀρίστους</span> <span class='ocrx_word' id='word_1_169' title='bbox 447 2457 736 2528; x_wconf 79' lang='grc' dir='ltr'>διεξελθεῖν</span> 
     </span>
    </p>
   </div>
   <div class='ocr_carea' id='block_1_24' title="bbox 157 2541 316 2620">
    <p class='ocr_par' dir='ltr' id='par_1_24' title="bbox 157 2541 316 2620">
     <span class='ocr_line' id='line_1_25' title="bbox 157 2541 316 2620; baseline 0 -20"><span class='ocrx_word' id='word_1_170' title='bbox 157 2541 268 2620; x_wconf 73' lang='grc' dir='ltr'>ἔχοι</span> <span class='ocrx_word' id='word_1_171' title='bbox 305 2567 316 2579; x_wconf 86' lang='grc'><strong>⁸</strong></span> 
     </span>
    </p>
   </div>
   <div class='ocr_carea' id='block_1_25' title="bbox 797 2458 1795 2536">
    <p class='ocr_par' dir='ltr' id='par_1_25' title="bbox 797 2458 1795 2536">
     <span class='ocr_line' id='line_1_26' title="bbox 797 2458 1795 2536; baseline -0.002 -22"><span class='ocrx_word' id='word_1_172' title='bbox 797 2479 810 2492; x_wconf 79' lang='grc'><strong><em>⁸</em></strong></span> <span class='ocrx_word' id='word_1_173' title='bbox 859 2458 952 2514; x_wconf 70' lang='grc' dir='ltr'>ἵνα</span> <span class='ocrx_word' id='word_1_174' title='bbox 1013 2463 1088 2532; x_wconf 81' lang='grc' dir='ltr'>μή</span> <span class='ocrx_word' id='word_1_175' title='bbox 1155 2482 1239 2522; x_wconf 87' lang='grc' dir='ltr'><strong>τις</strong></span> <span class='ocrx_word' id='word_1_176' title='bbox 1307 2459 1606 2536; x_wconf 76' lang='grc' dir='ltr'>ἀντιλέγειν</span> <span class='ocrx_word' id='word_1_177' title='bbox 1660 2461 1795 2518; x_wconf 81' lang='grc' dir='ltr'>τὲως</span> 
     </span>
    </p>
   </div>
   <div class='ocr_carea' id='block_1_26' title="bbox 349 2547 1798 2623">
    <p class='ocr_par' dir='ltr' id='par_1_26' title="bbox 349 2547 1798 2623">
     <span class='ocr_line' id='line_1_27' title="bbox 349 2547 1798 2623; baseline 0.001 -23"><span class='ocrx_word' id='word_1_178' title='bbox 349 2549 436 2601; x_wconf 76' lang='grc' dir='ltr'>καὶ</span> <span class='ocrx_word' id='word_1_179' title='bbox 491 2549 627 2622; x_wconf 82' lang='grc' dir='ltr'>πρὸς</span> <span class='ocrx_word' id='word_1_180' title='bbox 658 2549 873 2610; x_wconf 69' lang='grc' dir='ltr'>τούτοις</span> <span class='ocrx_word' id='word_1_181' title='bbox 901 2547 992 2603; x_wconf 72' lang='grc' dir='ltr'>’ίνα</span> <span class='ocrx_word' id='word_1_182' title='bbox 1039 2549 1128 2603; x_wconf 79' lang='grc' dir='ltr'><strong>καὶ</strong></span> <span class='ocrx_word' id='word_1_183' title='bbox 1161 2555 1277 2611; x_wconf 86' lang='grc' dir='ltr'>τοῖς</span> <span class='ocrx_word' id='word_1_184' title='bbox 1321 2548 1630 2623; x_wconf 75' lang='grc' dir='ltr'>εἱρημένοις</span> <span class='ocrx_word' id='word_1_185' title='bbox 1657 2552 1798 2622; x_wconf 90' lang='grc' dir='ltr'>Χρι-</span> 
     </span>
    </p>
   </div>
   <div class='ocr_carea' id='block_1_27' title="bbox 158 2635 1796 2713">
    <p class='ocr_par' dir='ltr' id='par_1_27' title="bbox 158 2635 1796 2713">
     <span class='ocr_line' id='line_1_28' title="bbox 158 2635 1796 2713; baseline 0.002 -27"><span class='ocrx_word' id='word_1_186' title='bbox 158 2639 259 2706; x_wconf 84' lang='grc' dir='ltr'>στῷ</span> <span class='ocrx_word' id='word_1_187' title='bbox 303 2636 598 2713; x_wconf 61' lang='grc' dir='ltr'>σῦμνρωνός</span> <span class='ocrx_word' id='word_1_188' title='bbox 646 2657 730 2700; x_wconf 87' lang='grc' dir='ltr'><strong>τις</strong></span> <span class='ocrx_word' id='word_1_189' title='bbox 758 2635 841 2703; x_wconf 71' lang='grc' dir='ltr'>ε’ίη</span> <span class='ocrx_word' id='word_1_190' title='bbox 893 2638 998 2691; x_wconf 83' lang='grc' dir='ltr'>κάκ</span> <span class='ocrx_word' id='word_1_191' title='bbox 1025 2643 1133 2692; x_wconf 79' lang='grc' dir='ltr'>τῶν</span> <span class='ocrx_word' id='word_1_192' title='bbox 1177 2636 1413 2712; x_wconf 71' lang='grc' dir='ltr'>ἐχθρῶν,</span> <span class='ocrx_word' id='word_1_193' title='bbox 1444 2639 1507 2691; x_wconf 80' lang='grc' dir='ltr'>τὸ</span> <span class='ocrx_word' id='word_1_194' title='bbox 1547 2638 1796 2690; x_wconf 86' lang='grc' dir='ltr'>καινότα-</span> 
     </span>
    </p>
   </div>
   <div class='ocr_carea' id='block_1_28' title="bbox 161 2723 1802 2796">
    <p class='ocr_par' dir='ltr' id='par_1_28' title="bbox 161 2723 1802 2796">
     <span class='ocr_line' id='line_1_29' title="bbox 161 2723 1802 2796; baseline 0.002 -21"><span class='ocrx_word' id='word_1_195' title='bbox 161 2743 267 2782; x_wconf 86' lang='grc' dir='ltr'>τον.</span> <span class='ocrx_word' id='word_1_196' title='bbox 323 2725 407 2786; x_wconf 86' lang='grc' dir='ltr'>Τίς</span> <span class='ocrx_word' id='word_1_197' title='bbox 462 2723 508 2779; x_wconf 85' lang='grc' dir='ltr'><strong>δ’</strong></span> <span class='ocrx_word' id='word_1_198' title='bbox 555 2726 712 2788; x_wconf 79' lang='grc' dir='ltr'>οὗτος</span> <span class='ocrx_word' id='word_1_199' title='bbox 756 2727 1049 2795; x_wconf 79' lang='grc' dir='ltr'>Ἰώσηπος,</span> <span class='ocrx_word' id='word_1_200' title='bbox 1091 2727 1180 2780; x_wconf 84' lang='grc' dir='ltr'><strong>καὶ</strong></span> <span class='ocrx_word' id='word_1_201' title='bbox 1225 2727 1342 2781; x_wconf 88' lang='grc' dir='ltr'>τίνα</span> <span class='ocrx_word' id='word_1_202' title='bbox 1405 2723 1470 2794; x_wconf 81' lang='grc' dir='ltr'>δὴ</span> <span class='ocrx_word' id='word_1_203' title='bbox 1543 2725 1802 2796; x_wconf 78' lang='grc' dir='ltr'>συνεγρά-</span> 
     </span>
    </p>
   </div>
   <div class='ocr_carea' id='block_1_29' title="bbox 162 2811 1803 2890">
    <p class='ocr_par' dir='ltr' id='par_1_29' title="bbox 162 2811 1803 2890">
     <span class='ocr_line' id='line_1_30' title="bbox 162 2811 1803 2890; baseline 0.001 -24"><span class='ocrx_word' id='word_1_204' title='bbox 162 2815 309 2883; x_wconf 44' lang='lat' dir='ltr'><strong>into,</strong></span> <span class='ocrx_word' id='word_1_205' title='bbox 355 2814 448 2868; x_wconf 80' lang='grc' dir='ltr'><strong>καὶ</strong></span> <span class='ocrx_word' id='word_1_206' title='bbox 499 2811 619 2868; x_wconf 63' lang='grc' dir='ltr'>οἵου</span> <span class='ocrx_word' id='word_1_207' title='bbox 667 2815 855 2886; x_wconf 85' lang='grc' dir='ltr'>γὲνους</span> <span class='ocrx_word' id='word_1_208' title='bbox 900 2815 990 2868; x_wconf 86' lang='grc' dir='ltr'><strong>καὶ</strong></span> <span class='ocrx_word' id='word_1_209' title='bbox 1038 2817 1283 2890; x_wconf 70' lang='grc' dir='ltr'>ἀγωγῆς,</span> <span class='ocrx_word' id='word_1_210' title='bbox 1316 2813 1367 2869; x_wconf 79' lang='grc' dir='ltr'>ἐν</span> <span class='ocrx_word' id='word_1_211' title='bbox 1417 2820 1494 2884; x_wconf 79' lang='grc' dir='ltr'>τῷ</span> <span class='ocrx_word' id='word_1_212' title='bbox 1535 2815 1642 2887; x_wconf 88' lang='grc' dir='ltr'>πρὸ</span> <span class='ocrx_word' id='word_1_213' title='bbox 1681 2815 1803 2868; x_wconf 82' lang='grc' dir='ltr'>τού-</span> 
     </span>
    </p>
   </div>
   <div class='ocr_carea' id='block_1_30' title="bbox 165 2897 1800 2977">
    <p class='ocr_par' dir='ltr' id='par_1_30' title="bbox 165 2897 1800 2977">
     <span class='ocr_line' id='line_1_31' title="bbox 165 2897 1800 2977; baseline 0.001 -22"><span class='ocrx_word' id='word_1_214' title='bbox 165 2921 253 2955; x_wconf 88' lang='grc' dir='ltr'><strong>του</strong></span> <span class='ocrx_word' id='word_1_215' title='bbox 307 2902 540 2973; x_wconf 70' lang='grc' dir='ltr'>αρίστως</span> <span class='ocrx_word' id='word_1_216' title='bbox 598 2897 924 2975; x_wconf 76' lang='grc' dir='ltr'>ἓιελάϐομεν</span> <span class='ocrx_word' id='word_1_217' title='bbox 986 2905 1164 2977; x_wconf 79' lang='grc' dir='ltr'>τόμῳ.</span> <span class='ocrx_word' id='word_1_218' title='bbox 1232 2905 1327 2959; x_wconf 84' lang='grc' dir='ltr'>Καὶ</span> <span class='ocrx_word' id='word_1_219' title='bbox 1384 2905 1448 2956; x_wconf 74' lang='grc' dir='ltr'>τΞι</span> <span class='ocrx_word' id='word_1_220' title='bbox 1511 2903 1604 2974; x_wconf 73' lang='grc' dir='ltr'>μὲν</span> <span class='ocrx_word' id='word_1_221' title='bbox 1665 2902 1800 2956; x_wconf 73' lang='grc' dir='ltr'>κατὰ</span> 
     </span>
    </p>
   </div>
   <div class='ocr_carea' id='block_1_31' title="bbox 165 2988 1794 3065">
    <p class='ocr_par' dir='ltr' id='par_1_31' title="bbox 165 2988 1794 3065">
     <span class='ocr_line' id='line_1_32' title="bbox 165 2988 1794 3065; baseline 0.001 -21"><span class='ocrx_word' id='word_1_222' title='bbox 165 2988 444 3053; x_wconf 76' lang='grc' dir='ltr'>Ἰουδαίους</span> <span class='ocrx_word' id='word_1_223' title='bbox 507 2991 559 3046; x_wconf 79' lang='grc' dir='ltr'>ἐν</span> <span class='ocrx_word' id='word_1_224' title='bbox 606 2991 821 3053; x_wconf 70' lang='grc' dir='ltr'>τούτοις</span> <span class='ocrx_word' id='word_1_225' title='bbox 870 2992 1228 3065; x_wconf 74' lang='grc' dir='ltr'>ἦσαν’-ἡμεῖς</span> <span class='ocrx_word' id='word_1_226' title='bbox 1289 2989 1346 3046; x_wconf 75' lang='grc' dir='ltr'><strong>δὲ</strong></span> <span class='ocrx_word' id='word_1_227' title='bbox 1394 2993 1482 3046; x_wconf 84' lang='grc' dir='ltr'><strong>καὶ</strong></span> <span class='ocrx_word' id='word_1_228' title='bbox 1521 2990 1670 3053; x_wconf 75' lang='grc' dir='ltr'>αὖθις</span> <span class='ocrx_word' id='word_1_229' title='bbox 1708 2989 1794 3046; x_wconf 77' lang='grc' dir='ltr'><strong>ἐπὶ</strong></span> 
     </span>
    </p>
   </div>
   <div class='ocr_carea' id='block_1_32' title="bbox 161 3080 1284 3156">
    <p class='ocr_par' dir='ltr' id='par_1_32' title="bbox 161 3080 1284 3156">
     <span class='ocr_line' id='line_1_33' title="bbox 161 3080 1284 3156; baseline 0.003 -22"><span class='ocrx_word' id='word_1_230' title='bbox 161 3081 220 3134; x_wconf 75' lang='grc' dir='ltr'><strong>τὰ</strong></span> <span class='ocrx_word' id='word_1_231' title='bbox 244 3080 356 3150; x_wconf 70' lang='grc' dir='ltr'><strong>ἑξῆς</strong></span> <span class='ocrx_word' id='word_1_232' title='bbox 385 3089 493 3149; x_wconf 80' lang='grc' dir='ltr'>τῆς</span> <span class='ocrx_word' id='word_1_233' title='bbox 527 3081 674 3154; x_wconf 68' lang='grc' dir='ltr'>ἱερᾶς</span> <span class='ocrx_word' id='word_1_234' title='bbox 709 3081 948 3156; x_wconf 67' lang='grc' dir='ltr'>ἱστορίας</span> <span class='ocrx_word' id='word_1_235' title='bbox 979 3093 1284 3156; x_wconf 74' lang='grc' dir='ltr'>προΐωμεν.</span> 
     </span>
    </p>
   </div>
   <div class='ocr_carea' id='block_1_33' title="bbox 1129 456 2530 527">
    <p class='ocr_par' dir='ltr' id='par_1_33' title="bbox 1129 456 2530 527">
     <span class='ocr_line' id='line_1_34' title="bbox 1129 456 2530 527; baseline -0.004 -4"><span class='ocrx_word' id='word_1_236' title='bbox 1129 463 1748 527; x_wconf 73' lang='lat' dir='ltr'><strong>ECCLESIASTIGIE</strong></span> <span class='ocrx_word' id='word_1_237' title='bbox 1791 461 2181 526; x_wconf 65' lang='lat' dir='ltr'><strong>HISTOHIIE</strong></span> <span class='ocrx_word' id='word_1_238' title='bbox 2227 459 2371 520; x_wconf 91' lang='lat' dir='ltr'><strong>LIB.</strong></span> <span class='ocrx_word' id='word_1_239' title='bbox 2417 456 2530 519; x_wconf 87' lang='lat' dir='ltr'>III.</span> 
     </span>
    </p>
   </div>
   <div class='ocr_carea' id='block_1_34' title="bbox 1447 588 3529 666">
    <p class='ocr_par' dir='ltr' id='par_1_34' title="bbox 1447 588 3529 666">
     <span class='ocr_line' id='line_1_35' title="bbox 1447 588 3529 666; baseline 0 -20"><span class='ocrx_word' id='word_1_240' title='bbox 1447 599 1522 660; x_wconf 80' lang='grc' dir='ltr'>ὡς</span> <span class='ocrx_word' id='word_1_241' title='bbox 1567 597 1626 653; x_wconf 77' lang='grc' dir='ltr'><strong>ἂν</strong></span> <span class='ocrx_word' id='word_1_242' title='bbox 1676 604 1772 653; x_wconf 76' lang='grc' dir='ltr'>τοῦ</span> <span class='ocrx_word' id='word_1_243' title='bbox 1809 601 1852 664; x_wconf 75' lang='grc' dir='ltr'>Α</span> <span class='ocrx_word' id='word_1_244' title='bbox 1889 603 2115 666; x_wconf 85' lang='lat' dir='ltr'><strong>tempus</strong></span> <span class='ocrx_word' id='word_1_245' title='bbox 2141 592 2513 652; x_wconf 69' lang='lat' dir='ltr'><strong>concesserit.</strong></span> <span class='ocrx_word' id='word_1_246' title='bbox 2539 593 2600 644; x_wconf 90' lang='lat' dir='ltr'><strong>ut</strong></span> <span class='ocrx_word' id='word_1_247' title='bbox 2633 588 2870 644; x_wconf 84' lang='lat' dir='ltr'><strong>meliora</strong></span> <span class='ocrx_word' id='word_1_248' title='bbox 2894 589 3136 644; x_wconf 84' lang='lat' dir='ltr'><strong>consilia</strong></span> <span class='ocrx_word' id='word_1_249' title='bbox 3164 599 3216 644; x_wconf 87' lang='lat' dir='ltr'><strong>et</strong></span> <span class='ocrx_word' id='word_1_250' title='bbox 3251 593 3529 652; x_wconf 76' lang='lat' dir='ltr'><strong>rationem</strong></span> 
     </span>
    </p>
   </div>
   <div class='ocr_carea' id='block_1_35' title="bbox 3413 441 3532 523">
    <p class='ocr_par' dir='ltr' id='par_1_35' title="bbox 3413 441 3532 523">
     <span class='ocr_line' id='line_1_36' title="bbox 3413 441 3532 523; baseline -0.025 0"><span class='ocrx_word' id='word_1_251' title='bbox 3413 441 3532 523; x_wconf 63' lang='lat' dir='ltr'><strong>tu</strong></span> 
     </span>
    </p>
   </div>
   <div class='ocr_carea' id='block_1_36' title="bbox 1888 677 3532 748">
    <p class='ocr_par' dir='ltr' id='par_1_36' title="bbox 1888 677 3532 748">
     <span class='ocr_line' id='line_1_37' title="bbox 1888 677 3532 748; baseline -0.004 -8"><span class='ocrx_word' id='word_1_252' title='bbox 1888 687 2186 742; x_wconf 87' lang='lat' dir='ltr'><strong>rectiorem</strong></span> <span class='ocrx_word' id='word_1_253' title='bbox 2220 681 2426 746; x_wconf 81' lang='lat' dir='ltr'><strong>secuti,</strong></span> <span class='ocrx_word' id='word_1_254' title='bbox 2469 696 2570 746; x_wconf 90' lang='lat' dir='ltr'><strong>per</strong></span> <span class='ocrx_word' id='word_1_255' title='bbox 2619 677 3012 745; x_wconf 63' lang='lat' dir='ltr'><strong>paenitentiam</strong></span> <span class='ocrx_word' id='word_1_256' title='bbox 3047 681 3138 732; x_wconf 84' lang='lat' dir='ltr'><strong>vin</strong></span> <span class='ocrx_word' id='word_1_257' title='bbox 3165 681 3361 734; x_wconf 78' lang='lat' dir='ltr'><strong>tictam</strong></span> <span class='ocrx_word' id='word_1_258' title='bbox 3403 700 3532 748; x_wconf 87' lang='lat' dir='ltr'><strong>pro-</strong></span> 
     </span>
    </p>
   </div>
   <div class='ocr_carea' id='block_1_37' title="bbox 1886 767 3532 844">
    <p class='ocr_par' dir='ltr' id='par_1_37' title="bbox 1886 767 3532 844">
     <span class='ocr_line' id='line_1_38' title="bbox 1886 767 3532 844; baseline -0.007 -14"><span class='ocrx_word' id='word_1_259' title='bbox 1886 778 2062 836; x_wconf 80' lang='lat' dir='ltr'><strong>cacis.</strong></span> <span class='ocrx_word' id='word_1_260' title='bbox 2095 790 2210 844; x_wconf 91' lang='lat' dir='ltr'><strong>qua</strong></span> <span class='ocrx_word' id='word_1_261' title='bbox 2241 772 2407 824; x_wconf 91' lang='lat' dir='ltr'><strong>illum</strong></span> <span class='ocrx_word' id='word_1_262' title='bbox 2459 768 2720 834; x_wconf 73' lang='lat' dir='ltr'><strong>atl&#39;ecere,</strong></span> <span class='ocrx_word' id='word_1_263' title='bbox 2769 767 3132 821; x_wconf 67' lang='lat' dir='ltr'><strong>contumeliae</strong></span> <span class='ocrx_word' id='word_1_264' title='bbox 3163 769 3485 834; x_wconf 70' lang='lat' dir='ltr'><strong>ett‘ugerent</strong></span> <span class='ocrx_word' id='word_1_265' title='bbox 3519 788 3532 826; x_wconf 88' lang='lat'>:</span> 
     </span>
    </p>
   </div>
   <div class='ocr_carea' id='block_1_38' title="bbox 1886 855 3536 930">
    <p class='ocr_par' dir='ltr' id='par_1_38' title="bbox 1886 855 3536 930">
     <span class='ocr_line' id='line_1_39' title="bbox 1886 855 3536 930; baseline -0.012 -11"><span class='ocrx_word' id='word_1_266' title='bbox 1886 873 2056 930; x_wconf 74' lang='lat' dir='ltr'><strong>atque</strong></span> <span class='ocrx_word' id='word_1_267' title='bbox 2117 864 2354 928; x_wconf 87' lang='lat' dir='ltr'><strong>insuper</strong></span> <span class='ocrx_word' id='word_1_268' title='bbox 2403 855 2784 921; x_wconf 80' lang='lat' dir='ltr'><strong>apostolicam</strong></span> <span class='ocrx_word' id='word_1_269' title='bbox 2851 855 3075 908; x_wconf 80' lang='lat' dir='ltr'><strong>vivendi</strong></span> <span class='ocrx_word' id='word_1_270' title='bbox 3137 865 3418 911; x_wconf 65' lang='lat' dir='ltr'><strong>ratlonpm</strong></span> <span class='ocrx_word' id='word_1_271' title='bbox 3481 866 3536 911; x_wconf 72' lang='grc' dir='ltr'><strong>ει</strong></span> 
     </span>
    </p>
   </div>
   <div class='ocr_carea' id='block_1_39' title="bbox 1889 945 3531 1015">
    <p class='ocr_par' dir='ltr' id='par_1_39' title="bbox 1889 945 3531 1015">
     <span class='ocr_line' id='line_1_40' title="bbox 1889 945 3531 1015; baseline -0.005 -8"><span class='ocrx_word' id='word_1_272' title='bbox 1889 953 2212 1008; x_wconf 78' lang='lat' dir='ltr'><strong>doctrinam</strong></span> <span class='ocrx_word' id='word_1_273' title='bbox 2257 947 2622 1010; x_wconf 74' lang='lat' dir='ltr'><strong>magnificam</strong></span> <span class='ocrx_word' id='word_1_274' title='bbox 2659 962 2790 998; x_wconf 92' lang='lat' dir='ltr'><strong>cum</strong></span> <span class='ocrx_word' id='word_1_275' title='bbox 2819 945 3297 999; x_wconf 77' lang='lat' dir='ltr'><strong>admirandorum</strong></span> <span class='ocrx_word' id='word_1_276' title='bbox 3335 947 3531 1015; x_wconf 85' lang='lat' dir='ltr'><strong>prodi-</strong></span> 
     </span>
    </p>
   </div>
   <div class='ocr_carea' id='block_1_40' title="bbox 1889 1033 3536 1110">
    <p class='ocr_par' dir='ltr' id='par_1_40' title="bbox 1889 1033 3536 1110">
     <span class='ocr_line' id='line_1_41' title="bbox 1889 1033 3536 1110; baseline -0.008 -16"><span class='ocrx_word' id='word_1_277' title='bbox 1889 1045 2114 1110; x_wconf 76' lang='lat' dir='ltr'><strong>giorum</strong></span> <span class='ocrx_word' id='word_1_278' title='bbox 2149 1039 2335 1108; x_wconf 75' lang='lat' dir='ltr'><strong>signis</strong></span> <span class='ocrx_word' id='word_1_279' title='bbox 2380 1034 2624 1098; x_wconf 77' lang='lat' dir='ltr'><strong>dederit,</strong></span> <span class='ocrx_word' id='word_1_280' title='bbox 2657 1050 2903 1101; x_wconf 82' lang='lat' dir='ltr'><strong>eamque</strong></span> <span class='ocrx_word' id='word_1_281' title='bbox 2937 1033 3248 1088; x_wconf 90' lang='lat' dir='ltr'><strong>bonitatem</strong></span> <span class='ocrx_word' id='word_1_282' title='bbox 3283 1038 3352 1087; x_wconf 87' lang='lat' dir='ltr'><strong>ad</strong></span> <span class='ocrx_word' id='word_1_283' title='bbox 3388 1052 3536 1100; x_wconf 71' lang='lat' dir='ltr'><strong>qua—</strong></span> 
     </span>
    </p>
   </div>
   <div class='ocr_carea' id='block_1_41' title="bbox 1890 1123 3536 1201">
    <p class='ocr_par' dir='ltr' id='par_1_41' title="bbox 1890 1123 3536 1201">
     <span class='ocr_line' id='line_1_42' title="bbox 1890 1123 3536 1201; baseline -0.004 -16"><span class='ocrx_word' id='word_1_284' title='bbox 1890 1133 2157 1201; x_wconf 87' lang='lat' dir='ltr'><strong>draginta</strong></span> <span class='ocrx_word' id='word_1_285' title='bbox 2189 1126 2505 1182; x_wconf 84' lang='lat' dir='ltr'><strong>extenderit</strong></span> <span class='ocrx_word' id='word_1_286' title='bbox 2537 1139 2760 1177; x_wconf 86' lang='lat' dir='ltr'><strong>annos:</strong></span> <span class='ocrx_word' id='word_1_287' title='bbox 2795 1123 3252 1176; x_wconf 80' lang='lat' dir='ltr'><strong>internecionem</strong></span> <span class='ocrx_word' id='word_1_288' title='bbox 3287 1124 3536 1193; x_wconf 80' lang='lat' dir='ltr'><strong>demque</strong></span> 
     </span>
    </p>
   </div>
   <div class='ocr_carea' id='block_1_42' title="bbox 1887 1211 3534 1286">
    <p class='ocr_par' dir='ltr' id='par_1_42' title="bbox 1887 1211 3534 1286">
     <span class='ocr_line' id='line_1_43' title="bbox 1887 1211 3534 1286; baseline -0.005 -12"><span class='ocrx_word' id='word_1_289' title='bbox 1887 1237 2013 1274; x_wconf 82' lang='lat' dir='ltr'><strong>eam</strong></span> <span class='ocrx_word' id='word_1_290' title='bbox 2050 1217 2262 1286; x_wconf 88' lang='lat' dir='ltr'><strong>populo</strong></span> <span class='ocrx_word' id='word_1_291' title='bbox 2286 1223 2438 1279; x_wconf 79' lang='lat' dir='ltr'><strong>ante,</strong></span> <span class='ocrx_word' id='word_1_292' title='bbox 2470 1212 2554 1265; x_wconf 90' lang='lat' dir='ltr'><strong>eis</strong></span> <span class='ocrx_word' id='word_1_293' title='bbox 2577 1229 2704 1280; x_wconf 66' lang='lat' dir='ltr'><strong>quae</strong></span> <span class='ocrx_word' id='word_1_294' title='bbox 2729 1211 2986 1264; x_wconf 78' lang='lat' dir='ltr'><strong>diximus</strong></span> <span class='ocrx_word' id='word_1_295' title='bbox 3018 1213 3284 1275; x_wconf 75' lang='lat' dir='ltr'><strong>ostentis,</strong></span> <span class='ocrx_word' id='word_1_296' title='bbox 3314 1220 3534 1281; x_wconf 85' lang='lat' dir='ltr'><strong>porten-</strong></span> 
     </span>
    </p>
   </div>
   <div class='ocr_carea' id='block_1_43' title="bbox 1887 1297 3534 1368">
    <p class='ocr_par' dir='ltr' id='par_1_43' title="bbox 1887 1297 3534 1368">
     <span class='ocr_line' id='line_1_44' title="bbox 1887 1297 3534 1368; baseline -0.005 -8"><span class='ocrx_word' id='word_1_297' title='bbox 1887 1307 2078 1362; x_wconf 87' lang='lat' dir='ltr'><strong>derit:</strong></span> <span class='ocrx_word' id='word_1_298' title='bbox 2135 1305 2209 1358; x_wconf 87' lang='lat' dir='ltr'><strong>illi</strong></span> <span class='ocrx_word' id='word_1_299' title='bbox 2263 1311 2453 1356; x_wconf 81' lang='lat' dir='ltr'><strong>tamen</strong></span> <span class='ocrx_word' id='word_1_300' title='bbox 2509 1301 2677 1368; x_wconf 76' lang='lat' dir='ltr'><strong>longe</strong></span> <span class='ocrx_word' id='word_1_301' title='bbox 2726 1297 2896 1352; x_wconf 88' lang='lat' dir='ltr'><strong>etiam</strong></span> <span class='ocrx_word' id='word_1_302' title='bbox 2945 1299 3168 1367; x_wconf 72' lang='lat' dir='ltr'><strong>pejores</strong></span> <span class='ocrx_word' id='word_1_303' title='bbox 3222 1303 3374 1361; x_wconf 69' lang='lat' dir='ltr'><strong>tacti,</strong></span> <span class='ocrx_word' id='word_1_304' title='bbox 3421 1317 3534 1353; x_wconf 88' lang='lat' dir='ltr'><strong>non</strong></span> 
     </span>
    </p>
   </div>
   <div class='ocr_carea' id='block_1_44' title="bbox 1887 1395 3532 1455">
    <p class='ocr_par' dir='ltr' id='par_1_44' title="bbox 1887 1395 3532 1455">
     <span class='ocr_line' id='line_1_45' title="bbox 1887 1395 3532 1455; baseline -0.005 -5"><span class='ocrx_word' id='word_1_305' title='bbox 1887 1402 2114 1451; x_wconf 87' lang='lat' dir='ltr'><strong>tantum</strong></span> <span class='ocrx_word' id='word_1_306' title='bbox 2173 1397 2528 1446; x_wconf 78' lang='lat' dir='ltr'><strong>Servatorem</strong></span> <span class='ocrx_word' id='word_1_307' title='bbox 2587 1403 2937 1452; x_wconf 65' lang='lat' dir='ltr'><strong>cognoscere</strong></span> <span class='ocrx_word' id='word_1_308' title='bbox 2990 1405 3090 1455; x_wconf 87' lang='lat' dir='ltr'><strong>per</strong></span> <span class='ocrx_word' id='word_1_309' title='bbox 3135 1395 3532 1454; x_wconf 79' lang='lat' dir='ltr'><strong>contemptum</strong></span> 
     </span>
    </p>
   </div>
   <div class='ocr_carea' id='block_1_45' title="bbox 1892 1476 3535 1546">
    <p class='ocr_par' dir='ltr' id='par_1_45' title="bbox 1892 1476 3535 1546">
     <span class='ocr_line' id='line_1_46' title="bbox 1892 1476 3535 1546; baseline -0.006 -6"><span class='ocrx_word' id='word_1_310' title='bbox 1892 1485 2226 1545; x_wconf 87' lang='lat' dir='ltr'><strong>noluerunt,</strong></span> <span class='ocrx_word' id='word_1_311' title='bbox 2260 1496 2456 1536; x_wconf 89' lang='lat' dir='ltr'><strong>verum</strong></span> <span class='ocrx_word' id='word_1_312' title='bbox 2490 1478 2666 1532; x_wconf 89' lang='lat' dir='ltr'><strong>etiam</strong></span> <span class='ocrx_word' id='word_1_313' title='bbox 2709 1477 2778 1528; x_wconf 89' lang='lat' dir='ltr'><strong>de</strong></span> <span class='ocrx_word' id='word_1_314' title='bbox 2815 1479 2998 1546; x_wconf 88' lang='lat' dir='ltr'><strong>prima</strong></span> <span class='ocrx_word' id='word_1_315' title='bbox 3033 1481 3155 1540; x_wconf 69' lang='lat' dir='ltr'><strong>tege</strong></span> <span class='ocrx_word' id='word_1_316' title='bbox 3185 1476 3309 1541; x_wconf 87' lang='lat' dir='ltr'><strong>ipsa</strong></span> <span class='ocrx_word' id='word_1_317' title='bbox 3345 1493 3535 1530; x_wconf 76' lang='lat' dir='ltr'><strong>minus</strong></span> 
     </span>
    </p>
   </div>
   <div class='ocr_carea' id='block_1_46' title="bbox 1893 1565 3540 1635">
    <p class='ocr_par' dir='ltr' id='par_1_46' title="bbox 1893 1565 3540 1635">
     <span class='ocr_line' id='line_1_47' title="bbox 1893 1565 3540 1635; baseline -0.005 -8"><span class='ocrx_word' id='word_1_318' title='bbox 1893 1578 2043 1628; x_wconf 89' lang='lat' dir='ltr'><strong>recte</strong></span> <span class='ocrx_word' id='word_1_319' title='bbox 2099 1575 2432 1632; x_wconf 80' lang='lat' dir='ltr'><strong>senserunt,</strong></span> <span class='ocrx_word' id='word_1_320' title='bbox 2495 1565 2638 1620; x_wconf 88' lang='lat' dir='ltr'><strong>nihil</strong></span> <span class='ocrx_word' id='word_1_321' title='bbox 2703 1581 2940 1635; x_wconf 78' lang='lat' dir='ltr'><strong>prorsus</strong></span> <span class='ocrx_word' id='word_1_322' title='bbox 3005 1581 3074 1618; x_wconf 89' lang='lat' dir='ltr'><strong>ex</strong></span> <span class='ocrx_word' id='word_1_323' title='bbox 3124 1565 3428 1625; x_wconf 63' lang='lat' dir='ltr'><strong>iniquitate</strong></span> <span class='ocrx_word' id='word_1_324' title='bbox 3483 1571 3540 1618; x_wconf 92' lang='lat' dir='ltr'><strong>et</strong></span> 
     </span>
    </p>
   </div>
   <div class='ocr_carea' id='block_1_47' title="bbox 1895 1653 3536 1732">
    <p class='ocr_par' dir='ltr' id='par_1_47' title="bbox 1895 1653 3536 1732">
     <span class='ocr_line' id='line_1_48' title="bbox 1895 1653 3536 1732; baseline -0.006 -16"><span class='ocrx_word' id='word_1_325' title='bbox 1895 1665 2128 1732; x_wconf 87' lang='lat' dir='ltr'><strong>peccato</strong></span> <span class='ocrx_word' id='word_1_326' title='bbox 2177 1658 2334 1712; x_wconf 92' lang='lat' dir='ltr'><strong>omni</strong></span> <span class='ocrx_word' id='word_1_327' title='bbox 2387 1655 2802 1725; x_wconf 70' lang='lat' dir='ltr'><strong>relinquentes,</strong></span> <span class='ocrx_word' id='word_1_328' title='bbox 2855 1653 2995 1723; x_wconf 90' lang='lat' dir='ltr'><strong>quin</strong></span> <span class='ocrx_word' id='word_1_329' title='bbox 3047 1654 3099 1706; x_wconf 87' lang='lat' dir='ltr'><strong>Id</strong></span> <span class='ocrx_word' id='word_1_330' title='bbox 3157 1655 3310 1707; x_wconf 87' lang='lat' dir='ltr'><strong>nudo</strong></span> <span class='ocrx_word' id='word_1_331' title='bbox 3356 1654 3536 1720; x_wconf 89' lang='lat' dir='ltr'><strong>(quod</strong></span> 
     </span>
    </p>
   </div>
   <div class='ocr_carea' id='block_1_48' title="bbox 1894 1741 3540 1818">
    <p class='ocr_par' dir='ltr' id='par_1_48' title="bbox 1894 1741 3540 1818">
     <span class='ocr_line' id='line_1_49' title="bbox 1894 1741 3540 1818; baseline -0.007 -15"><span class='ocrx_word' id='word_1_332' title='bbox 1894 1750 2128 1818; x_wconf 83' lang='lat' dir='ltr'><strong>dicitur)</strong></span> <span class='ocrx_word' id='word_1_333' title='bbox 2161 1747 2350 1814; x_wconf 80' lang='lat' dir='ltr'><strong>capite</strong></span> <span class='ocrx_word' id='word_1_334' title='bbox 2376 1750 2686 1816; x_wconf 86' lang='lat' dir='ltr'><strong>patrarent.</strong></span> <span class='ocrx_word' id='word_1_335' title='bbox 2712 1741 3075 1810; x_wconf 85' lang='lat' dir='ltr'><strong>Quapropter</strong></span> <span class='ocrx_word' id='word_1_336' title='bbox 3099 1741 3540 1810; x_wconf 78' lang='lat' dir='ltr'><strong>longanimitate</strong></span> 
     </span>
    </p>
   </div>
   <div class='ocr_carea' id='block_1_49' title="bbox 1898 1829 3538 1902">
    <p class='ocr_par' dir='ltr' id='par_1_49' title="bbox 1898 1829 3538 1902">
     <span class='ocr_line' id='line_1_50' title="bbox 1898 1829 3538 1902; baseline -0.005 -12"><span class='ocrx_word' id='word_1_337' title='bbox 1898 1837 1994 1890; x_wconf 84' lang='lat' dir='ltr'><strong>Dei</strong></span> <span class='ocrx_word' id='word_1_338' title='bbox 2030 1836 2346 1902; x_wconf 85' lang='lat' dir='ltr'><strong>repudiata,</strong></span> <span class='ocrx_word' id='word_1_339' title='bbox 2399 1831 2790 1885; x_wconf 78' lang='lat' dir='ltr'><strong>internecione</strong></span> <span class='ocrx_word' id='word_1_340' title='bbox 2836 1845 3036 1883; x_wconf 79' lang='lat' dir='ltr'><strong>cuiues</strong></span> <span class='ocrx_word' id='word_1_341' title='bbox 3084 1829 3140 1882; x_wconf 90' lang='lat' dir='ltr'><strong>in</strong></span> <span class='ocrx_word' id='word_1_342' title='bbox 3188 1832 3538 1895; x_wconf 80' lang='lat' dir='ltr'><strong>profundum</strong></span> 
     </span>
    </p>
   </div>
   <div class='ocr_carea' id='block_1_50' title="bbox 1897 1915 3538 1991">
    <p class='ocr_par' dir='ltr' id='par_1_50' title="bbox 1897 1915 3538 1991">
     <span class='ocr_line' id='line_1_51' title="bbox 1897 1915 3538 1991; baseline -0.006 -11"><span class='ocrx_word' id='word_1_343' title='bbox 1897 1925 2135 1980; x_wconf 69' lang='lat' dir='ltr'><strong>malitias</strong></span> <span class='ocrx_word' id='word_1_344' title='bbox 2182 1931 2236 1976; x_wconf 91' lang='lat' dir='ltr'><strong>et</strong></span> <span class='ocrx_word' id='word_1_345' title='bbox 2302 1919 2643 1991; x_wconf 89' lang='lat' dir='ltr'><strong>perditionis</strong></span> <span class='ocrx_word' id='word_1_346' title='bbox 2693 1917 2931 1972; x_wconf 85' lang='lat' dir='ltr'><strong>demissi</strong></span> <span class='ocrx_word' id='word_1_347' title='bbox 2983 1923 3117 1970; x_wconf 88' lang='lat' dir='ltr'><strong>sunt</strong></span> <span class='ocrx_word' id='word_1_348' title='bbox 3175 1915 3538 1970; x_wconf 76' lang='lat' dir='ltr'><strong>barathrum.</strong></span> 
     </span>
    </p>
   </div>
   <div class='ocr_carea' id='block_1_51' title="bbox 1901 2007 3541 2080">
    <p class='ocr_par' dir='ltr' id='par_1_51' title="bbox 1901 2007 3541 2080">
     <span class='ocr_line' id='line_1_52' title="bbox 1901 2007 3541 2080; baseline -0.006 -12"><span class='ocrx_word' id='word_1_349' title='bbox 1901 2013 2030 2069; x_wconf 69' lang='lat' dir='ltr'><strong>Haac</strong></span> <span class='ocrx_word' id='word_1_350' title='bbox 2083 2011 2280 2065; x_wconf 87' lang='lat' dir='ltr'><strong>omnia</strong></span> <span class='ocrx_word' id='word_1_351' title='bbox 2331 2010 2428 2080; x_wconf 91' lang='lat' dir='ltr'><strong>qui</strong></span> <span class='ocrx_word' id='word_1_352' title='bbox 2481 2011 2655 2073; x_wconf 84' lang='lat' dir='ltr'><strong>volet,</strong></span> <span class='ocrx_word' id='word_1_353' title='bbox 2709 2007 2869 2060; x_wconf 80' lang='lat' dir='ltr'><strong>facile</strong></span> <span class='ocrx_word' id='word_1_354' title='bbox 2917 2022 3262 2072; x_wconf 62' lang='lat' dir='ltr'><strong>cognoscere</strong></span> <span class='ocrx_word' id='word_1_355' title='bbox 3315 2007 3541 2074; x_wconf 90' lang='lat' dir='ltr'><strong>poterit,</strong></span> 
     </span>
    </p>
   </div>
   <div class='ocr_carea' id='block_1_52' title="bbox 1895 2095 3544 2172">
    <p class='ocr_par' dir='ltr' id='par_1_52' title="bbox 1895 2095 3544 2172">
     <span class='ocr_line' id='line_1_53' title="bbox 1895 2095 3544 2172; baseline -0.007 -13"><span class='ocrx_word' id='word_1_356' title='bbox 1895 2104 1945 2159; x_wconf 84' lang='lat' dir='ltr'><strong>si</strong></span> <span class='ocrx_word' id='word_1_357' title='bbox 1993 2102 2304 2172; x_wconf 82' lang='lat' dir='ltr'><strong>diligenter</strong></span> <span class='ocrx_word' id='word_1_358' title='bbox 2341 2100 2602 2154; x_wconf 90' lang='lat' dir='ltr'><strong>animum</strong></span> <span class='ocrx_word' id='word_1_359' title='bbox 2655 2097 2726 2150; x_wconf 90' lang='lat' dir='ltr'><strong>ad</strong></span> <span class='ocrx_word' id='word_1_360' title='bbox 2777 2113 2867 2150; x_wconf 87' lang='lat' dir='ltr'><strong>res</strong></span> <span class='ocrx_word' id='word_1_361' title='bbox 2915 2112 3180 2166; x_wconf 89' lang='lat' dir='ltr'><strong>quasque</strong></span> <span class='ocrx_word' id='word_1_362' title='bbox 3231 2095 3544 2164; x_wconf 85' lang='lat' dir='ltr'><strong>aJusepbo</strong></span> 
     </span>
    </p>
   </div>
   <div class='ocr_carea' id='block_1_53' title="bbox 1899 2185 3544 2252">
    <p class='ocr_par' dir='ltr' id='par_1_53' title="bbox 1899 2185 3544 2252">
     <span class='ocr_line' id='line_1_54' title="bbox 1899 2185 3544 2252; baseline -0.005 -7"><span class='ocrx_word' id='word_1_363' title='bbox 1899 2191 2174 2246; x_wconf 88' lang='lat' dir='ltr'><strong>historico</strong></span> <span class='ocrx_word' id='word_1_364' title='bbox 2219 2203 2350 2242; x_wconf 88' lang='lat' dir='ltr'><strong>cum</strong></span> <span class='ocrx_word' id='word_1_365' title='bbox 2401 2185 2583 2240; x_wconf 91' lang='lat' dir='ltr'><strong>multa</strong></span> <span class='ocrx_word' id='word_1_366' title='bbox 2625 2190 2811 2250; x_wconf 74' lang='lat' dir='ltr'><strong>gratia</strong></span> <span class='ocrx_word' id='word_1_367' title='bbox 2863 2191 2921 2238; x_wconf 81' lang='lat' dir='ltr'><strong>et</strong></span> <span class='ocrx_word' id='word_1_368' title='bbox 2961 2189 3266 2238; x_wconf 83' lang='lat' dir='ltr'><strong>venustate</strong></span> <span class='ocrx_word' id='word_1_369' title='bbox 3296 2185 3544 2252; x_wconf 87' lang='lat' dir='ltr'><strong>scriptas</strong></span> 
     </span>
    </p>
   </div>
   <div class='ocr_carea' id='block_1_54' title="bbox 1899 2271 3541 2342">
    <p class='ocr_par' dir='ltr' id='par_1_54' title="bbox 1899 2271 3541 2342">
     <span class='ocr_line' id='line_1_55' title="bbox 1899 2271 3541 2342; baseline -0.007 -6"><span class='ocrx_word' id='word_1_370' title='bbox 1899 2279 2228 2336; x_wconf 83' lang='lat' dir='ltr'><strong>attenderit.</strong></span> <span class='ocrx_word' id='word_1_371' title='bbox 2263 2277 2376 2341; x_wconf 70' lang='lat' dir='ltr'><strong>Ego</strong></span> <span class='ocrx_word' id='word_1_372' title='bbox 2419 2292 2550 2329; x_wconf 90' lang='lat' dir='ltr'><strong>vero</strong></span> <span class='ocrx_word' id='word_1_373' title='bbox 2603 2275 2660 2327; x_wconf 92' lang='lat' dir='ltr'><strong>in</strong></span> <span class='ocrx_word' id='word_1_374' title='bbox 2712 2273 2936 2342; x_wconf 86' lang='lat' dir='ltr'><strong>primis,</strong></span> <span class='ocrx_word' id='word_1_375' title='bbox 2986 2271 3180 2326; x_wconf 87' lang='lat' dir='ltr'><strong>omnia</strong></span> <span class='ocrx_word' id='word_1_376' title='bbox 3231 2279 3381 2325; x_wconf 86' lang='lat' dir='ltr'><strong>recte</strong></span> <span class='ocrx_word' id='word_1_377' title='bbox 3421 2272 3541 2325; x_wconf 88' lang='lat' dir='ltr'><strong>dis-</strong></span> 
     </span>
    </p>
   </div>
   <div class='ocr_carea' id='block_1_55' title="bbox 1903 2359 3540 2440">
    <p class='ocr_par' dir='ltr' id='par_1_55' title="bbox 1903 2359 3540 2440">
     <span class='ocr_line' id='line_1_56' title="bbox 1903 2359 3540 2440; baseline -0.007 -17"><span class='ocrx_word' id='word_1_378' title='bbox 1903 2367 2175 2440; x_wconf 89' lang='lat' dir='ltr'><strong>ponentis</strong></span> <span class='ocrx_word' id='word_1_379' title='bbox 2224 2368 2397 2434; x_wconf 87' lang='lat' dir='ltr'><strong>atque</strong></span> <span class='ocrx_word' id='word_1_380' title='bbox 2447 2359 2913 2418; x_wconf 87' lang='lat' dir='ltr'><strong>administrantis</strong></span> <span class='ocrx_word' id='word_1_381' title='bbox 2947 2360 3040 2414; x_wconf 90' lang='lat' dir='ltr'><strong>Dei</strong></span> <span class='ocrx_word' id='word_1_382' title='bbox 3075 2360 3540 2429; x_wconf 81' lang='lat' dir='ltr'><strong>magnitudinem</strong></span> 
     </span>
    </p>
   </div>
   <div class='ocr_carea' id='block_1_56' title="bbox 1902 2448 3546 2524">
    <p class='ocr_par' dir='ltr' id='par_1_56' title="bbox 1902 2448 3546 2524">
     <span class='ocr_line' id='line_1_57' title="bbox 1902 2448 3546 2524; baseline -0.006 -12"><span class='ocrx_word' id='word_1_383' title='bbox 1902 2461 2178 2521; x_wconf 81' lang='lat' dir='ltr'><strong>admiror,</strong></span> <span class='ocrx_word' id='word_1_384' title='bbox 2215 2455 2311 2524; x_wconf 89' lang='lat' dir='ltr'><strong>qui</strong></span> <span class='ocrx_word' id='word_1_385' title='bbox 2359 2452 2650 2507; x_wconf 83' lang='lat' dir='ltr'><strong>hominem</strong></span> <span class='ocrx_word' id='word_1_386' title='bbox 2701 2467 2768 2504; x_wconf 85' lang='lat' dir='ltr'><strong>ex</strong></span> <span class='ocrx_word' id='word_1_387' title='bbox 2797 2449 3130 2503; x_wconf 71' lang='lat' dir='ltr'><strong>inﬁdelibus</strong></span> <span class='ocrx_word' id='word_1_388' title='bbox 3160 2448 3430 2503; x_wconf 76' lang='lat' dir='ltr'><strong>Judaeum</strong></span> <span class='ocrx_word' id='word_1_389' title='bbox 3466 2450 3546 2502; x_wconf 88' lang='lat' dir='ltr'><strong>ita</strong></span> 
     </span>
    </p>
   </div>
   <div class='ocr_carea' id='block_1_57' title="bbox 1904 2535 3542 2610">
    <p class='ocr_par' dir='ltr' id='par_1_57' title="bbox 1904 2535 3542 2610">
     <span class='ocr_line' id='line_1_58' title="bbox 1904 2535 3542 2610; baseline -0.008 -10"><span class='ocrx_word' id='word_1_390' title='bbox 1904 2543 2256 2608; x_wconf 80' lang='lat' dir='ltr'><strong>excitaverit,</strong></span> <span class='ocrx_word' id='word_1_391' title='bbox 2301 2540 2609 2610; x_wconf 88' lang='lat' dir='ltr'><strong>eidemque</strong></span> <span class='ocrx_word' id='word_1_392' title='bbox 2665 2539 2942 2593; x_wconf 87' lang='lat' dir='ltr'><strong>disertam</strong></span> <span class='ocrx_word' id='word_1_393' title='bbox 3007 2553 3363 2606; x_wconf 87' lang='lat' dir='ltr'><strong>suavemque</strong></span> <span class='ocrx_word' id='word_1_394' title='bbox 3426 2535 3542 2588; x_wconf 92' lang='lat' dir='ltr'><strong>lin-</strong></span> 
     </span>
    </p>
   </div>
   <div class='ocr_carea' id='block_1_58' title="bbox 1904 2626 3544 2706">
    <p class='ocr_par' dir='ltr' id='par_1_58' title="bbox 1904 2626 3544 2706">
     <span class='ocr_line' id='line_1_59' title="bbox 1904 2626 3544 2706; baseline -0.005 -18"><span class='ocrx_word' id='word_1_395' title='bbox 1904 2651 2077 2706; x_wconf 82' lang='lat' dir='ltr'><strong>guam</strong></span> <span class='ocrx_word' id='word_1_396' title='bbox 2109 2632 2477 2700; x_wconf 80' lang='lat' dir='ltr'><strong>concesserit,</strong></span> <span class='ocrx_word' id='word_1_397' title='bbox 2514 2637 2578 2684; x_wconf 91' lang='lat' dir='ltr'><strong>ut</strong></span> <span class='ocrx_word' id='word_1_398' title='bbox 2599 2629 2716 2691; x_wconf 84' lang='lat' dir='ltr'><strong>ille,</strong></span> <span class='ocrx_word' id='word_1_399' title='bbox 2739 2629 2820 2682; x_wconf 88' lang='lat' dir='ltr'><strong>ita</strong></span> <span class='ocrx_word' id='word_1_400' title='bbox 2851 2635 2914 2681; x_wconf 88' lang='lat' dir='ltr'><strong>ut</strong></span> <span class='ocrx_word' id='word_1_401' title='bbox 2942 2627 3216 2697; x_wconf 83' lang='lat' dir='ltr'><strong>cportuit,</strong></span> <span class='ocrx_word' id='word_1_402' title='bbox 3238 2626 3544 2680; x_wconf 82' lang='lat' dir='ltr'><strong>Judaicam</strong></span> 
     </span>
    </p>
   </div>
   <div class='ocr_carea' id='block_1_59' title="bbox 1907 2717 3543 2790">
    <p class='ocr_par' dir='ltr' id='par_1_59' title="bbox 1907 2717 3543 2790">
     <span class='ocr_line' id='line_1_60' title="bbox 1907 2717 3543 2790; baseline -0.005 -12"><span class='ocrx_word' id='word_1_403' title='bbox 1907 2723 2210 2779; x_wconf 86' lang='lat' dir='ltr'><strong>historiam</strong></span> <span class='ocrx_word' id='word_1_404' title='bbox 2259 2735 2435 2790; x_wconf 89' lang='lat' dir='ltr'><strong>quam</strong></span> <span class='ocrx_word' id='word_1_405' title='bbox 2493 2717 2816 2772; x_wconf 85' lang='lat' dir='ltr'><strong>rectissime</strong></span> <span class='ocrx_word' id='word_1_406' title='bbox 2866 2717 3152 2771; x_wconf 68' lang='lat' dir='ltr'><strong>memorie</strong></span> <span class='ocrx_word' id='word_1_407' title='bbox 3202 2719 3543 2770; x_wconf 87' lang='lat' dir='ltr'><strong>mandaret:</strong></span> 
     </span>
    </p>
   </div>
   <div class='ocr_carea' id='block_1_60' title="bbox 1906 2805 3548 2875">
    <p class='ocr_par' dir='ltr' id='par_1_60' title="bbox 1906 2805 3548 2875">
     <span class='ocr_line' id='line_1_61' title="bbox 1906 2805 3548 2875; baseline -0.005 -8"><span class='ocrx_word' id='word_1_408' title='bbox 1906 2811 2191 2874; x_wconf 87' lang='lat' dir='ltr'><strong>videlicet,</strong></span> <span class='ocrx_word' id='word_1_409' title='bbox 2247 2816 2312 2863; x_wconf 87' lang='lat' dir='ltr'><strong>ut</strong></span> <span class='ocrx_word' id='word_1_410' title='bbox 2361 2823 2430 2860; x_wconf 90' lang='lat' dir='ltr'><strong>ne</strong></span> <span class='ocrx_word' id='word_1_411' title='bbox 2461 2807 2594 2875; x_wconf 89' lang='lat' dir='ltr'><strong>quis</strong></span> <span class='ocrx_word' id='word_1_412' title='bbox 2629 2813 2829 2860; x_wconf 88' lang='lat' dir='ltr'><strong>contra</strong></span> <span class='ocrx_word' id='word_1_413' title='bbox 2859 2805 3257 2860; x_wconf 83' lang='lat' dir='ltr'><strong>testimonium</strong></span> <span class='ocrx_word' id='word_1_414' title='bbox 3290 2807 3415 2872; x_wconf 76' lang='lat' dir='ltr'><strong>ejus</strong></span> <span class='ocrx_word' id='word_1_415' title='bbox 3449 2819 3548 2858; x_wconf 87' lang='lat' dir='ltr'><strong>ve-</strong></span> 
     </span>
    </p>
   </div>
   <div class='ocr_carea' id='block_1_61' title="bbox 1909 2893 3551 2970">
    <p class='ocr_par' dir='ltr' id='par_1_61' title="bbox 1909 2893 3551 2970">
     <span class='ocr_line' id='line_1_62' title="bbox 1909 2893 3551 2970; baseline -0.007 -14"><span class='ocrx_word' id='word_1_416' title='bbox 1909 2902 2034 2956; x_wconf 86' lang='lat' dir='ltr'><strong>nire</strong></span> <span class='ocrx_word' id='word_1_417' title='bbox 2087 2901 2328 2970; x_wconf 89' lang='lat' dir='ltr'><strong>posset:</strong></span> <span class='ocrx_word' id='word_1_418' title='bbox 2364 2897 2507 2952; x_wconf 72' lang='lat'><strong>237</strong></span> <span class='ocrx_word' id='word_1_419' title='bbox 2563 2903 2618 2950; x_wconf 89' lang='lat' dir='ltr'><strong>et</strong></span> <span class='ocrx_word' id='word_1_420' title='bbox 2668 2899 2961 2966; x_wconf 73' lang='lat' dir='ltr'><strong>praeterea,</strong></span> <span class='ocrx_word' id='word_1_421' title='bbox 3011 2895 3160 2964; x_wconf 90' lang='lat' dir='ltr'><strong>quod</strong></span> <span class='ocrx_word' id='word_1_422' title='bbox 3195 2893 3428 2962; x_wconf 85' lang='lat' dir='ltr'><strong>quidem</strong></span> <span class='ocrx_word' id='word_1_423' title='bbox 3462 2897 3551 2946; x_wconf 90' lang='lat' dir='ltr'><strong>est</strong></span> 
     </span>
    </p>
   </div>
   <div class='ocr_carea' id='block_1_62' title="bbox 1910 2979 3548 3054">
    <p class='ocr_par' dir='ltr' id='par_1_62' title="bbox 1910 2979 3548 3054">
     <span class='ocr_line' id='line_1_63' title="bbox 1910 2979 3548 3054; baseline -0.006 -10"><span class='ocrx_word' id='word_1_424' title='bbox 1910 2991 2252 3054; x_wconf 85' lang='lat' dir='ltr'><strong>maximum,</strong></span> <span class='ocrx_word' id='word_1_425' title='bbox 2303 2993 2368 3040; x_wconf 87' lang='lat' dir='ltr'><strong>ut</strong></span> <span class='ocrx_word' id='word_1_426' title='bbox 2400 3002 2468 3040; x_wconf 87' lang='lat' dir='ltr'><strong>ex</strong></span> <span class='ocrx_word' id='word_1_427' title='bbox 2517 2983 2786 3039; x_wconf 87' lang='lat' dir='ltr'><strong>hostibus</strong></span> <span class='ocrx_word' id='word_1_428' title='bbox 2833 2983 3008 3037; x_wconf 86' lang='lat' dir='ltr'><strong>etiam</strong></span> <span class='ocrx_word' id='word_1_429' title='bbox 3048 2989 3290 3035; x_wconf 74' lang='lat' dir='ltr'><strong>exstaret</strong></span> <span class='ocrx_word' id='word_1_430' title='bbox 3315 2979 3548 3050; x_wconf 80' lang='lat' dir='ltr'><strong>aliquis,</strong></span> 
     </span>
    </p>
   </div>
   <div class='ocr_carea' id='block_1_63' title="bbox 1910 3071 3548 3150">
    <p class='ocr_par' dir='ltr' id='par_1_63' title="bbox 1910 3071 3548 3150">
     <span class='ocr_line' id='line_1_64' title="bbox 1910 3071 3548 3150; baseline -0.01 -16"><span class='ocrx_word' id='word_1_431' title='bbox 1910 3078 2011 3150; x_wconf 92' lang='lat' dir='ltr'><strong>qui</strong></span> <span class='ocrx_word' id='word_1_432' title='bbox 2067 3092 2324 3132; x_wconf 87' lang='lat' dir='ltr'><strong>consona</strong></span> <span class='ocrx_word' id='word_1_433' title='bbox 2379 3075 2590 3128; x_wconf 85' lang='lat' dir='ltr'><strong>Christi</strong></span> <span class='ocrx_word' id='word_1_434' title='bbox 2644 3071 3116 3142; x_wconf 56' lang='lat' dir='ltr'><strong>praedictionibus</strong></span> <span class='ocrx_word' id='word_1_435' title='bbox 3161 3073 3548 3123; x_wconf 81' lang='lat' dir='ltr'><strong>attestaretur.</strong></span> 
     </span>
    </p>
   </div>
   <div class='ocr_carea' id='block_1_64' title="bbox 163 3157 3553 3246">
    <p class='ocr_par' dir='ltr' id='par_1_64' title="bbox 163 3157 3553 3246">
     <span class='ocr_line' id='line_1_65' title="bbox 163 3157 3553 3246; baseline -0.003 -23"><span class='ocrx_word' id='word_1_436' title='bbox 163 3174 289 3238; x_wconf 70' lang='lat' dir='ltr'><strong>Quis</strong></span> <span class='ocrx_word' id='word_1_437' title='bbox 336 3181 534 3229; x_wconf 79' lang='lat' dir='ltr'><strong>autem</strong></span> <span class='ocrx_word' id='word_1_438' title='bbox 587 3175 880 3246; x_wconf 87' lang='lat' dir='ltr'><strong>Josephus</strong></span> <span class='ocrx_word' id='word_1_439' title='bbox 926 3175 1035 3230; x_wconf 89' lang='lat' dir='ltr'><strong>iste</strong></span> <span class='ocrx_word' id='word_1_440' title='bbox 1086 3176 1279 3232; x_wconf 83' lang='lat' dir='ltr'><strong>fuerit.</strong></span> <span class='ocrx_word' id='word_1_441' title='bbox 1330 3191 1477 3246; x_wconf 89' lang='lat' dir='ltr'><strong>quos</strong></span> <span class='ocrx_word' id='word_1_442' title='bbox 1528 3173 1706 3229; x_wconf 88' lang='lat' dir='ltr'><strong>libros</strong></span> <span class='ocrx_word' id='word_1_443' title='bbox 1755 3171 2076 3243; x_wconf 87' lang='lat' dir='ltr'><strong>scripserit,</strong></span> <span class='ocrx_word' id='word_1_444' title='bbox 2127 3183 2240 3238; x_wconf 93' lang='lat' dir='ltr'><strong>quo</strong></span> <span class='ocrx_word' id='word_1_445' title='bbox 2283 3181 2516 3237; x_wconf 81' lang='lat' dir='ltr'><strong>genere,</strong></span> <span class='ocrx_word' id='word_1_446' title='bbox 2576 3179 2757 3234; x_wconf 85' lang='lat' dir='ltr'><strong>quave</strong></span> <span class='ocrx_word' id='word_1_447' title='bbox 2809 3160 3180 3216; x_wconf 78' lang='lat' dir='ltr'><strong>institutione</strong></span> <span class='ocrx_word' id='word_1_448' title='bbox 3237 3157 3433 3224; x_wconf 84' lang='lat' dir='ltr'><strong>fuerit,</strong></span> <span class='ocrx_word' id='word_1_449' title='bbox 3495 3157 3553 3212; x_wconf 89' lang='lat' dir='ltr'><strong>in</strong></span> 
     </span>
    </p>
   </div>
   <div class='ocr_carea' id='block_1_65' title="bbox 161 3250 3558 3334">
    <p class='ocr_par' dir='ltr' id='par_1_65' title="bbox 161 3250 3558 3334">
     <span class='ocr_line' id='line_1_66' title="bbox 161 3250 3558 3334; baseline -0.004 -17"><span class='ocrx_word' id='word_1_450' title='bbox 161 3263 404 3332; x_wconf 83' lang='lat' dir='ltr'><strong>proximo</strong></span> <span class='ocrx_word' id='word_1_451' title='bbox 445 3265 589 3319; x_wconf 85' lang='lat' dir='ltr'><strong>satis</strong></span> <span class='ocrx_word' id='word_1_452' title='bbox 638 3267 1010 3334; x_wconf 86' lang='lat' dir='ltr'><strong>exposuimus</strong></span> <span class='ocrx_word' id='word_1_453' title='bbox 1061 3265 1226 3321; x_wconf 89' lang='lat' dir='ltr'><strong>libro.</strong></span> <span class='ocrx_word' id='word_1_454' title='bbox 1278 3265 1347 3319; x_wconf 84' lang='lat' dir='ltr'><strong>Et</strong></span> <span class='ocrx_word' id='word_1_455' title='bbox 1392 3265 1726 3320; x_wconf 69' lang='lat' dir='ltr'><strong>Jurlaaorum</strong></span> <span class='ocrx_word' id='word_1_456' title='bbox 1776 3262 2012 3333; x_wconf 82' lang='lat' dir='ltr'><strong>quidem</strong></span> <span class='ocrx_word' id='word_1_457' title='bbox 2060 3276 2152 3314; x_wconf 88' lang='lat' dir='ltr'><strong>res</strong></span> <span class='ocrx_word' id='word_1_458' title='bbox 2211 3259 2364 3312; x_wconf 92' lang='lat' dir='ltr'><strong>hunc</strong></span> <span class='ocrx_word' id='word_1_459' title='bbox 2422 3255 2678 3310; x_wconf 88' lang='lat' dir='ltr'><strong>habuere</strong></span> <span class='ocrx_word' id='word_1_460' title='bbox 2726 3255 2964 3308; x_wconf 82' lang='lat' dir='ltr'><strong>exitum.</strong></span> <span class='ocrx_word' id='word_1_461' title='bbox 3013 3250 3192 3306; x_wconf 87' lang='lat' dir='ltr'><strong>Nobis</strong></span> <span class='ocrx_word' id='word_1_462' title='bbox 3241 3255 3458 3314; x_wconf 89' lang='lat' dir='ltr'><strong>autem,</strong></span> <span class='ocrx_word' id='word_1_463' title='bbox 3493 3255 3558 3302; x_wconf 88' lang='lat' dir='ltr'><strong>ut</strong></span> 
     </span>
    </p>
   </div>
   <div class='ocr_carea' id='block_1_66' title="bbox 163 3344 2856 3426">
    <p class='ocr_par' dir='ltr' id='par_1_66' title="bbox 163 3344 2856 3426">
     <span class='ocr_line' id='line_1_67' title="bbox 163 3344 2856 3426; baseline -0.003 -20"><span class='ocrx_word' id='word_1_464' title='bbox 163 3355 227 3406; x_wconf 86' lang='lat' dir='ltr'><strong>ad</strong></span> <span class='ocrx_word' id='word_1_465' title='bbox 259 3355 514 3426; x_wconf 86' lang='lat' dir='ltr'><strong>reliquas</strong></span> <span class='ocrx_word' id='word_1_466' title='bbox 542 3371 664 3424; x_wconf 67' lang='lat' dir='ltr'><strong>quae</strong></span> <span class='ocrx_word' id='word_1_467' title='bbox 695 3361 1014 3426; x_wconf 86' lang='lat' dir='ltr'><strong>supersunt</strong></span> <span class='ocrx_word' id='word_1_468' title='bbox 1042 3355 1346 3426; x_wconf 65' lang='lat' dir='ltr'><strong>proposita</strong></span> <span class='ocrx_word' id='word_1_469' title='bbox 1377 3354 1626 3410; x_wconf 76' lang='lat' dir='ltr'><strong>historiis</strong></span> <span class='ocrx_word' id='word_1_470' title='bbox 1657 3369 1749 3410; x_wconf 86' lang='lat' dir='ltr'><strong>res</strong></span> <span class='ocrx_word' id='word_1_471' title='bbox 1780 3357 2160 3418; x_wconf 78' lang='lat' dir='ltr'><strong>revertamur,</strong></span> <span class='ocrx_word' id='word_1_472' title='bbox 2195 3355 2422 3418; x_wconf 76' lang='lat' dir='ltr'><strong>tempus</strong></span> <span class='ocrx_word' id='word_1_473' title='bbox 2451 3361 2576 3400; x_wconf 87' lang='lat' dir='ltr'><strong>esse</strong></span> <span class='ocrx_word' id='word_1_474' title='bbox 2609 3344 2856 3399; x_wconf 87' lang='lat' dir='ltr'><strong>videtur.</strong></span> 
     </span>
    </p>
   </div>
   <div class='ocr_carea' id='block_1_67' title="bbox 790 3499 1170 3555">
    <p class='ocr_par' dir='ltr' id='par_1_67' title="bbox 790 3499 1170 3555">
     <span class='ocr_line' id='line_1_68' title="bbox 790 3499 1170 3555; baseline 0.011 -5"><span class='ocrx_word' id='word_1_475' title='bbox 790 3499 1049 3555; x_wconf 78' lang='grc' dir='ltr'><strong>ΚΕΦΑΛ.</strong></span> <span class='ocrx_word' id='word_1_476' title='bbox 1093 3500 1170 3554; x_wconf 80' lang='lat'><strong>8&#39;.</strong></span> 
     </span>
    </p>
   </div>
   <div class='ocr_carea' id='block_1_68' title="bbox 167 3611 1799 3699">
    <p class='ocr_par' dir='ltr' id='par_1_68' title="bbox 167 3611 1799 3699">
     <span class='ocr_line' id='line_1_69' title="bbox 167 3611 1763 3646; baseline 0.004 -5"><span class='ocrx_word' id='word_1_477' title='bbox 167 3611 181 3629; x_wconf 64' lang='lat'><strong><em>&#39;</em></strong></span> <span class='ocrx_word' id='word_1_478' title='bbox 425 3625 436 3642; x_wconf 61' lang='grc' dir='ltr'><strong>ε</strong></span> <span class='ocrx_word' id='word_1_479' title='bbox 525 3627 537 3642; x_wconf 65' lang='grc' dir='ltr'><strong>ι</strong></span> <span class='ocrx_word' id='word_1_480' title='bbox 631 3623 654 3642; x_wconf 73' lang='grc' dir='ltr'><strong><em>ν</em></strong></span> <span class='ocrx_word' id='word_1_481' title='bbox 1102 3625 1115 3642; x_wconf 81' lang='lat'><strong><em>\</em></strong></span> <span class='ocrx_word' id='word_1_482' title='bbox 1344 3631 1368 3641; x_wconf 77' lang='grc' dir='ltr'>-ι</span> <span class='ocrx_word' id='word_1_483' title='bbox 1429 3635 1442 3646; x_wconf 75' lang='grc' dir='ltr'><strong>ν</strong></span> <span class='ocrx_word' id='word_1_484' title='bbox 1608 3627 1620 3645; x_wconf 77' lang='lat'><strong><em>\</em></strong></span> <span class='ocrx_word' id='word_1_485' title='bbox 1664 3627 1678 3646; x_wconf 68' lang='grc' dir='ltr'><strong>ν</strong></span> <span class='ocrx_word' id='word_1_486' title='bbox 1752 3626 1763 3646; x_wconf 79' lang='grc'><strong><em>1</em></strong></span> 
     </span>
     <span class='ocr_line' id='line_1_70' title="bbox 192 3623 1799 3699; baseline 0.002 -23"><span class='ocrx_word' id='word_1_487' title='bbox 192 3629 266 3682; x_wconf 85' lang='grc' dir='ltr'>Ως</span> <span class='ocrx_word' id='word_1_488' title='bbox 291 3645 448 3693; x_wconf 86' lang='grc' dir='ltr'>μετα</span> <span class='ocrx_word' id='word_1_489' title='bbox 468 3646 588 3699; x_wconf 72' lang='grc' dir='ltr'><strong>την</strong></span> <span class='ocrx_word' id='word_1_490' title='bbox 621 3623 1172 3699; x_wconf 37' lang='grc' dir='ltr'>αλωσιν-Συμεων</span> <span class='ocrx_word' id='word_1_491' title='bbox 1201 3627 1229 3680; x_wconf 84' lang='grc' dir='ltr'>ὁ</span> <span class='ocrx_word' id='word_1_492' title='bbox 1259 3647 1372 3680; x_wconf 89' lang='grc' dir='ltr'><strong>του</strong></span> <span class='ocrx_word' id='word_1_493' title='bbox 1407 3627 1630 3682; x_wconf 67' lang='grc' dir='ltr'>Κλοπα</span> <span class='ocrx_word' id='word_1_494' title='bbox 1661 3647 1799 3699; x_wconf 57' lang='grc' dir='ltr'>επιέ</span> 
     </span>
    </p>
   </div>
   <div class='ocr_carea' id='block_1_69' title="bbox 237 3695 1802 3771">
    <p class='ocr_par' dir='ltr' id='par_1_69' title="bbox 237 3695 1802 3771">
     <span class='ocr_line' id='line_1_71' title="bbox 237 3695 1802 3771; baseline 0.003 -25"><span class='ocrx_word' id='word_1_495' title='bbox 237 3715 476 3771; x_wconf 80' lang='grc' dir='ltr'>σκοπος</span> <span class='ocrx_word' id='word_1_496' title='bbox 557 3695 1012 3768; x_wconf 74' lang='grc' dir='ltr'>Ἰερουσαλὴμ</span> <span class='ocrx_word' id='word_1_497' title='bbox 1064 3699 1624 3771; x_wconf 14' lang='grc' dir='ltr'>,προχειρίςεταμ</span> <span class='ocrx_word' id='word_1_498' title='bbox 1688 3698 1802 3771; x_wconf 63' lang='grc' dir='ltr'><strong>Καὶ</strong></span> 
     </span>
    </p>
   </div>
   <div class='ocr_carea' id='block_1_70' title="bbox 235 3769 1803 3844">
    <p class='ocr_par' dir='ltr' id='par_1_70' title="bbox 235 3769 1803 3844">
     <span class='ocr_line' id='line_1_72' title="bbox 235 3769 1803 3844; baseline 0.003 -25"><span class='ocrx_word' id='word_1_499' title='bbox 235 3769 535 3844; x_wconf 73' lang='grc' dir='ltr'>περὶτῆς</span> <span class='ocrx_word' id='word_1_500' title='bbox 586 3773 996 3844; x_wconf 82' lang='grc' dir='ltr'>Δομετιανοῦ</span> <span class='ocrx_word' id='word_1_501' title='bbox 1045 3769 1402 3841; x_wconf 80' lang='grc' dir='ltr'>ὠμότητος</span> <span class='ocrx_word' id='word_1_502' title='bbox 1439 3789 1451 3802; x_wconf 87' lang='grc'><strong>·</strong></span> <span class='ocrx_word' id='word_1_503' title='bbox 1502 3770 1803 3844; x_wconf 83' lang='grc' dir='ltr'>καὶπερὶ</span> 
     </span>
    </p>
   </div>
   <div class='ocr_carea' id='block_1_71' title="bbox 233 3839 1660 3916">
    <p class='ocr_par' dir='ltr' id='par_1_71' title="bbox 233 3839 1660 3916">
     <span class='ocr_line' id='line_1_73' title="bbox 233 3839 1660 3916; baseline 0.005 -26"><span class='ocrx_word' id='word_1_504' title='bbox 233 3842 352 3891; x_wconf 81' lang='grc' dir='ltr'>τῶν</span> <span class='ocrx_word' id='word_1_505' title='bbox 384 3839 550 3893; x_wconf 76' lang='grc' dir='ltr'>κατα</span> <span class='ocrx_word' id='word_1_506' title='bbox 579 3841 782 3912; x_wconf 76' lang='grc' dir='ltr'>σάρκα</span> <span class='ocrx_word' id='word_1_507' title='bbox 813 3839 1148 3914; x_wconf 77' lang='grc' dir='ltr'>συγγενῶν</span> <span class='ocrx_word' id='word_1_508' title='bbox 1181 3845 1295 3894; x_wconf 77' lang='grc' dir='ltr'>τοῦ</span> <span class='ocrx_word' id='word_1_509' title='bbox 1329 3848 1660 3916; x_wconf 79' lang='grc' dir='ltr'>Σωτῆρος.</span> 
     </span>
    </p>
   </div>
   <div class='ocr_carea' id='block_1_72' title="bbox 237 3979 1805 4061">
    <p class='ocr_par' dir='ltr' id='par_1_72' title="bbox 237 3979 1805 4061">
     <span class='ocr_line' id='line_1_74' title="bbox 237 3979 1805 4061; baseline 0.001 -27"><span class='ocrx_word' id='word_1_510' title='bbox 237 3983 425 4037; x_wconf 80' lang='grc' dir='ltr'>Φθανει</span> <span class='ocrx_word' id='word_1_511' title='bbox 487 3983 580 4054; x_wconf 77' lang='grc' dir='ltr'>μὲν</span> <span class='ocrx_word' id='word_1_512' title='bbox 637 3983 665 4036; x_wconf 85' lang='grc' dir='ltr'>ὁ</span> <span class='ocrx_word' id='word_1_513' title='bbox 719 3987 816 4038; x_wconf 80' lang='grc' dir='ltr'><strong>τοῦ</strong></span> <span class='ocrx_word' id='word_1_514' title='bbox 875 3983 1074 4056; x_wconf 85' lang='grc' dir='ltr'>Κυρίου</span> <span class='ocrx_word' id='word_1_515' title='bbox 1130 3981 1362 4061; x_wconf 71' lang='grc' dir='ltr'>ἀδελφὸς</span> <span class='ocrx_word' id='word_1_516' title='bbox 1409 3979 1686 4046; x_wconf 72' lang='grc' dir='ltr'>Ἰακωϐος,</span> <span class='ocrx_word' id='word_1_517' title='bbox 1728 3987 1805 4054; x_wconf 79' lang='grc' dir='ltr'>τῷ</span> 
     </span>
    </p>
   </div>
   <div class='ocr_carea' id='block_1_73' title="bbox 172 4066 1805 4144">
    <p class='ocr_par' dir='ltr' id='par_1_73' title="bbox 172 4066 1805 4144">
     <span class='ocr_line' id='line_1_75' title="bbox 172 4066 1805 4144; baseline 0.004 -23"><span class='ocrx_word' id='word_1_518' title='bbox 172 4066 297 4142; x_wconf 74' lang='grc' dir='ltr'>ὑπὲρ</span> <span class='ocrx_word' id='word_1_519' title='bbox 353 4071 520 4126; x_wconf 77' lang='grc' dir='ltr'>αὐτοῦ</span> <span class='ocrx_word' id='word_1_520' title='bbox 583 4071 862 4144; x_wconf 69' lang='grc' dir='ltr'>μαρτκρίῳ</span> <span class='ocrx_word' id='word_1_521' title='bbox 907 4071 1217 4134; x_wconf 84' lang='grc' dir='ltr'>τελειωθείς</span> <span class='ocrx_word' id='word_1_522' title='bbox 1271 4094 1280 4103; x_wconf 95' lang='grc'><strong>·</strong></span> <span class='ocrx_word' id='word_1_523' title='bbox 1332 4072 1447 4127; x_wconf 75' lang='grc' dir='ltr'>ἐπεὶ</span> <span class='ocrx_word' id='word_1_524' title='bbox 1499 4071 1554 4127; x_wconf 74' lang='grc' dir='ltr'><strong>δὲ</strong></span> <span class='ocrx_word' id='word_1_525' title='bbox 1583 4073 1672 4126; x_wconf 81' lang='grc' dir='ltr'>καὶ</span> <span class='ocrx_word' id='word_1_526' title='bbox 1705 4073 1805 4127; x_wconf 82' lang='grc' dir='ltr'><strong>Ἰε-</strong></span> 
     </span>
    </p>
   </div>
   <div class='ocr_carea' id='block_1_74' title="bbox 173 4157 1805 4233">
    <p class='ocr_par' dir='ltr' id='par_1_74' title="bbox 173 4157 1805 4233">
     <span class='ocr_line' id='line_1_76' title="bbox 173 4157 1805 4233; baseline 0.002 -24"><span class='ocrx_word' id='word_1_527' title='bbox 173 4157 456 4231; x_wconf 79' lang='grc' dir='ltr'>ρουσαλήμ</span> <span class='ocrx_word' id='word_1_528' title='bbox 487 4159 654 4230; x_wconf 72' lang='grc' dir='ltr'>ἑάλω,</span> <span class='ocrx_word' id='word_1_529' title='bbox 687 4160 761 4222; x_wconf 85' lang='grc' dir='ltr'>ὡς</span> <span class='ocrx_word' id='word_1_530' title='bbox 795 4160 1028 4233; x_wconf 78' lang='grc' dir='ltr'>εἷ’ρηται,</span> <span class='ocrx_word' id='word_1_531' title='bbox 1061 4159 1166 4214; x_wconf 84' lang='grc' dir='ltr'>ἔτει</span> <span class='ocrx_word' id='word_1_532' title='bbox 1211 4161 1423 4232; x_wconf 77' lang='grc' dir='ltr'>κόσμου</span> <span class='ocrx_word' id='word_1_533' title='bbox 1474 4160 1805 4233; x_wconf 80' lang='grc' dir='ltr'>ἐῦισταμένῳ</span> 
     </span>
    </p>
   </div>
   <div class='ocr_carea' id='block_1_75' title="bbox 171 4246 1807 4324">
    <p class='ocr_par' dir='ltr' id='par_1_75' title="bbox 171 4246 1807 4324">
     <span class='ocr_line' id='line_1_77' title="bbox 171 4246 1807 4324; baseline 0.004 -26"><span class='ocrx_word' id='word_1_534' title='bbox 171 4249 698 4324; x_wconf 82' lang='grc' dir='ltr'>πεντακισχιλιοστῷ</span> <span class='ocrx_word' id='word_1_535' title='bbox 753 4256 1154 4317; x_wconf 83' lang='grc' dir='ltr'>πεντακοσιστῷ</span> <span class='ocrx_word' id='word_1_536' title='bbox 1211 4246 1610 4322; x_wconf 77' lang='grc' dir='ltr'>ἑϐδομηκοστῷ</span> <span class='ocrx_word' id='word_1_537' title='bbox 1687 4251 1807 4304; x_wconf 81' lang='grc' dir='ltr'>ἐνα-</span> 
     </span>
    </p>
   </div>
   <div class='ocr_carea' id='block_1_76' title="bbox 176 4335 1805 4412">
    <p class='ocr_par' dir='ltr' id='par_1_76' title="bbox 176 4335 1805 4412">
     <span class='ocr_line' id='line_1_78' title="bbox 176 4335 1805 4412; baseline 0.003 -24"><span class='ocrx_word' id='word_1_538' title='bbox 176 4355 270 4406; x_wconf 85' lang='grc' dir='ltr'><strong>τῳ,</strong></span> <span class='ocrx_word' id='word_1_539' title='bbox 300 4343 712 4412; x_wconf 84' lang='grc' dir='ltr'>τεσσαρακοστῷ</span> <span class='ocrx_word' id='word_1_540' title='bbox 761 4335 817 4392; x_wconf 77' lang='grc' dir='ltr'><strong>δὲ</strong></span> <span class='ocrx_word' id='word_1_541' title='bbox 867 4341 1001 4410; x_wconf 82' lang='grc' dir='ltr'>μετὰ</span> <span class='ocrx_word' id='word_1_542' title='bbox 1045 4340 1144 4407; x_wconf 70' lang='grc' dir='ltr'>τὴν</span> <span class='ocrx_word' id='word_1_543' title='bbox 1188 4344 1284 4392; x_wconf 75' lang='grc' dir='ltr'>τοῦ</span> <span class='ocrx_word' id='word_1_544' title='bbox 1337 4339 1533 4410; x_wconf 81' lang='grc' dir='ltr'>Κυρίου</span> <span class='ocrx_word' id='word_1_545' title='bbox 1600 4339 1805 4408; x_wconf 71' lang='grc' dir='ltr'>ἀναλη-</span> 
     </span>
    </p>
   </div>
   <div class='ocr_carea' id='block_1_77' title="bbox 175 4423 1805 4497">
    <p class='ocr_par' dir='ltr' id='par_1_77' title="bbox 175 4423 1805 4497">
     <span class='ocr_line' id='line_1_79' title="bbox 175 4423 1805 4497; baseline 0.003 -22"><span class='ocrx_word' id='word_1_546' title='bbox 175 4423 260 4494; x_wconf 83' lang='grc' dir='ltr'><strong>ψιν</strong></span> <span class='ocrx_word' id='word_1_547' title='bbox 295 4441 309 4455; x_wconf 81' lang='lat'>&#39;</span> <span class='ocrx_word' id='word_1_548' title='bbox 341 4424 396 4479; x_wconf 78' lang='grc' dir='ltr'>οἱ</span> <span class='ocrx_word' id='word_1_549' title='bbox 425 4429 523 4480; x_wconf 82' lang='grc' dir='ltr'><strong>τοῦ</strong></span> <span class='ocrx_word' id='word_1_550' title='bbox 570 4424 772 4497; x_wconf 85' lang='grc' dir='ltr'>Κυρίου</span> <span class='ocrx_word' id='word_1_551' title='bbox 807 4424 1045 4497; x_wconf 81' lang='grc' dir='ltr'>μαθηταὶ</span> <span class='ocrx_word' id='word_1_552' title='bbox 1089 4426 1178 4480; x_wconf 83' lang='grc' dir='ltr'><strong>καὶ</strong></span> <span class='ocrx_word' id='word_1_553' title='bbox 1227 4426 1552 4495; x_wconf 83' lang='grc' dir='ltr'>ἀπόστολοι,</span> <span class='ocrx_word' id='word_1_554' title='bbox 1585 4426 1701 4481; x_wconf 74' lang='grc' dir='ltr'>ὅσοι</span> <span class='ocrx_word' id='word_1_555' title='bbox 1735 4423 1805 4495; x_wconf 70' lang='grc' dir='ltr'><strong>δὴ</strong></span> 
     </span>
    </p>
   </div>
   <div class='ocr_carea' id='block_1_78' title="bbox 175 4505 1806 4588">
    <p class='ocr_par' dir='ltr' id='par_1_78' title="bbox 175 4505 1806 4588">
     <span class='ocr_line' id='line_1_80' title="bbox 175 4505 1806 4588; baseline 0.004 -26"><span class='ocrx_word' id='word_1_556' title='bbox 175 4505 249 4564; x_wconf 79' lang='grc' dir='ltr'>ἔτι</span> <span class='ocrx_word' id='word_1_557' title='bbox 281 4520 544 4584; x_wconf 84' lang='grc' dir='ltr'>περιῆσαν</span> <span class='ocrx_word' id='word_1_558' title='bbox 587 4519 668 4583; x_wconf 79' lang='grc' dir='ltr'>τῷ</span> <span class='ocrx_word' id='word_1_559' title='bbox 731 4514 856 4587; x_wconf 88' lang='grc' dir='ltr'>βίῳ,</span> <span class='ocrx_word' id='word_1_560' title='bbox 913 4511 965 4573; x_wconf 77' lang='grc' dir='ltr'>ἒς</span> <span class='ocrx_word' id='word_1_561' title='bbox 1011 4515 1175 4569; x_wconf 86' lang='grc' dir='ltr'>ταυτὸ</span> <span class='ocrx_word' id='word_1_562' title='bbox 1237 4513 1445 4586; x_wconf 84' lang='grc' dir='ltr'>βουλῆς</span> <span class='ocrx_word' id='word_1_563' title='bbox 1503 4516 1806 4588; x_wconf 85' lang='grc' dir='ltr'>γεγονότες,</span> 
     </span>
    </p>
   </div>
   <div class='ocr_carea' id='block_1_79' title="bbox 177 4597 1808 4678">
    <p class='ocr_par' dir='ltr' id='par_1_79' title="bbox 177 4597 1808 4678">
     <span class='ocr_line' id='line_1_81' title="bbox 177 4597 1808 4678; baseline 0.002 -26"><span class='ocrx_word' id='word_1_564' title='bbox 177 4597 540 4676; x_wconf 82' lang='grc' dir='ltr'>ἁπανταχόθεν</span> <span class='ocrx_word' id='word_1_565' title='bbox 597 4599 808 4671; x_wconf 82' lang='grc' dir='ltr'>σύναμα</span> <span class='ocrx_word' id='word_1_566' title='bbox 860 4606 978 4662; x_wconf 87' lang='grc' dir='ltr'>τοῖς</span> <span class='ocrx_word' id='word_1_567' title='bbox 1049 4603 1186 4673; x_wconf 84' lang='grc' dir='ltr'>πρὸς</span> <span class='ocrx_word' id='word_1_568' title='bbox 1241 4602 1392 4678; x_wconf 86' lang='grc' dir='ltr'>γένος</span> <span class='ocrx_word' id='word_1_569' title='bbox 1447 4623 1584 4656; x_wconf 89' lang='grc' dir='ltr'>κατα</span> <span class='ocrx_word' id='word_1_570' title='bbox 1640 4604 1808 4673; x_wconf 75' lang='grc' dir='ltr'>σάρκα</span> 
     </span>
    </p>
   </div>
   <div class='ocr_carea' id='block_1_80' title="bbox 177 4685 1809 4766">
    <p class='ocr_par' dir='ltr' id='par_1_80' title="bbox 177 4685 1809 4766">
     <span class='ocr_line' id='line_1_82' title="bbox 177 4685 1809 4766; baseline 0.001 -23"><span class='ocrx_word' id='word_1_571' title='bbox 177 4687 426 4759; x_wconf 81' lang='grc' dir='ltr'>Χριστοῦ,</span> <span class='ocrx_word' id='word_1_572' title='bbox 456 4689 662 4745; x_wconf 86' lang='grc' dir='ltr'>πολλοὶ</span> <span class='ocrx_word' id='word_1_573' title='bbox 709 4689 765 4744; x_wconf 76' lang='grc' dir='ltr'><strong>δὲ</strong></span> <span class='ocrx_word' id='word_1_574' title='bbox 811 4691 946 4760; x_wconf 76' lang='grc' dir='ltr'>ἦσαν</span> <span class='ocrx_word' id='word_1_575' title='bbox 990 4685 1089 4758; x_wconf 79' lang='grc' dir='ltr'>ἔτι,</span> <span class='ocrx_word' id='word_1_576' title='bbox 1120 4712 1242 4745; x_wconf 90' lang='grc' dir='ltr'>τινα</span> <span class='ocrx_word' id='word_1_577' title='bbox 1290 4689 1552 4766; x_wconf 73' lang='grc' dir='ltr'>διάδοχον</span> <span class='ocrx_word' id='word_1_578' title='bbox 1581 4695 1659 4760; x_wconf 82' lang='grc' dir='ltr'>τῷ</span> <span class='ocrx_word' id='word_1_579' title='bbox 1702 4694 1809 4748; x_wconf 78' lang='grc' dir='ltr'><strong>Ἰα-</strong></span> 
     </span>
    </p>
   </div>
   <div class='ocr_carea' id='block_1_81' title="bbox 179 4772 1813 4852">
    <p class='ocr_par' dir='ltr' id='par_1_81' title="bbox 179 4772 1813 4852">
     <span class='ocr_line' id='line_1_83' title="bbox 179 4772 1813 4852; baseline 0.002 -23"><span class='ocrx_word' id='word_1_580' title='bbox 179 4772 356 4832; x_wconf 73' lang='grc' dir='ltr'>κώϐου</span> <span class='ocrx_word' id='word_1_581' title='bbox 414 4781 594 4850; x_wconf 87' lang='grc' dir='ltr'>θρόνῳ</span> <span class='ocrx_word' id='word_1_582' title='bbox 653 4783 839 4852; x_wconf 35' lang='grc' dir='ltr'>σαοῶς</span> <span class='ocrx_word' id='word_1_583' title='bbox 890 4777 1012 4833; x_wconf 83' lang='grc' dir='ltr'>ἐπιλ</span> <span class='ocrx_word' id='word_1_584' title='bbox 1048 4780 1233 4849; x_wconf 80' lang='grc' dir='ltr'>ξασθαι</span> <span class='ocrx_word' id='word_1_585' title='bbox 1293 4777 1632 4836; x_wconf 83' lang='grc' dir='ltr'>διεσκόπουν.</span> <span class='ocrx_word' id='word_1_586' title='bbox 1679 4782 1813 4832; x_wconf 71' lang='grc' dir='ltr'>Παν-</span> 
     </span>
    </p>
   </div>
   <div class='ocr_carea' id='block_1_82' title="bbox 2548 3488 2914 3548">
    <p class='ocr_par' dir='ltr' id='par_1_82' title="bbox 2548 3488 2914 3548">
     <span class='ocr_line' id='line_1_84' title="bbox 2548 3488 2914 3548; baseline -0.005 0"><span class='ocrx_word' id='word_1_587' title='bbox 2548 3490 2776 3548; x_wconf 85' lang='lat' dir='ltr'><strong>CAPUT</strong></span> <span class='ocrx_word' id='word_1_588' title='bbox 2816 3488 2914 3546; x_wconf 83' lang='lat' dir='ltr'><strong>IX.</strong></span> 
     </span>
    </p>
   </div>
   <div class='ocr_carea' id='block_1_83' title="bbox 1916 3611 3554 3686">
    <p class='ocr_par' dir='ltr' id='par_1_83' title="bbox 1916 3611 3554 3686">
     <span class='ocr_line' id='line_1_85' title="bbox 1916 3611 3554 3686; baseline -0.007 -9"><span class='ocrx_word' id='word_1_589' title='bbox 1916 3619 1982 3677; x_wconf 80' lang='lat' dir='ltr'><strong>Ut</strong></span> <span class='ocrx_word' id='word_1_590' title='bbox 2028 3628 2144 3685; x_wconf 73' lang='lat' dir='ltr'><strong>post</strong></span> <span class='ocrx_word' id='word_1_591' title='bbox 2193 3616 2563 3684; x_wconf 81' lang='lat' dir='ltr'><strong>Hierosolyma</strong></span> <span class='ocrx_word' id='word_1_592' title='bbox 2607 3619 2793 3683; x_wconf 82' lang='lat' dir='ltr'><strong>capta,</strong></span> <span class='ocrx_word' id='word_1_593' title='bbox 2845 3614 3074 3686; x_wconf 85' lang='lat' dir='ltr'><strong>Symeon</strong></span> <span class='ocrx_word' id='word_1_594' title='bbox 3129 3612 3377 3676; x_wconf 69' lang='lat' dir='ltr'><strong>Cleonhae</strong></span> <span class='ocrx_word' id='word_1_595' title='bbox 3403 3611 3554 3681; x_wconf 80' lang='lat' dir='ltr'><strong>ﬁlius</strong></span> 
     </span>
    </p>
   </div>
   <div class='ocr_carea' id='block_1_84' title="bbox 1983 3686 3554 3760">
    <p class='ocr_par' dir='ltr' id='par_1_84' title="bbox 1983 3686 3554 3760">
     <span class='ocr_line' id='line_1_86' title="bbox 1983 3686 3554 3760; baseline -0.005 -16"><span class='ocrx_word' id='word_1_596' title='bbox 1983 3693 2264 3760; x_wconf 76' lang='lat' dir='ltr'><strong>episwpus</strong></span> <span class='ocrx_word' id='word_1_597' title='bbox 2292 3689 2368 3742; x_wconf 83' lang='lat' dir='ltr'><strong>ibi</strong></span> <span class='ocrx_word' id='word_1_598' title='bbox 2394 3692 2608 3760; x_wconf 62' lang='lat' dir='ltr'><strong>creatus</strong></span> <span class='ocrx_word' id='word_1_599' title='bbox 2639 3689 2726 3739; x_wconf 76' lang='lat' dir='ltr'><strong>sil.</strong></span> <span class='ocrx_word' id='word_1_600' title='bbox 2767 3687 2838 3760; x_wconf 81' lang='lat' dir='ltr'><strong>De</strong></span> <span class='ocrx_word' id='word_1_601' title='bbox 2869 3687 3164 3760; x_wconf 75' lang='lat' dir='ltr'><strong>Domitiani</strong></span> <span class='ocrx_word' id='word_1_602' title='bbox 3190 3686 3554 3760; x_wconf 65' lang='lat' dir='ltr'><strong>crudelitate:</strong></span> 
     </span>
    </p>
   </div>
   <div class='ocr_carea' id='block_1_85' title="bbox 1983 3755 3552 3830">
    <p class='ocr_par' dir='ltr' id='par_1_85' title="bbox 1983 3755 3552 3830">
     <span class='ocr_line' id='line_1_87' title="bbox 1983 3755 3552 3830; baseline -0.006 -14"><span class='ocrx_word' id='word_1_603' title='bbox 1983 3755 2034 3816; x_wconf 66' lang='lat' dir='ltr'><strong>et</strong></span> <span class='ocrx_word' id='word_1_604' title='bbox 2089 3755 2169 3815; x_wconf 76' lang='lat' dir='ltr'><strong>de</strong></span> <span class='ocrx_word' id='word_1_605' title='bbox 2206 3757 2450 3830; x_wconf 68' lang='lat' dir='ltr'><strong>cognati:</strong></span> <span class='ocrx_word' id='word_1_606' title='bbox 2504 3759 2806 3813; x_wconf 73' lang='lat' dir='ltr'><strong>Seruatoris</strong></span> <span class='ocrx_word' id='word_1_607' title='bbox 2863 3759 3035 3812; x_wconf 79' lang='lat' dir='ltr'><strong>nostri</strong></span> <span class='ocrx_word' id='word_1_608' title='bbox 3079 3755 3374 3811; x_wconf 73' lang='lat' dir='ltr'><strong>secundum</strong></span> <span class='ocrx_word' id='word_1_609' title='bbox 3423 3771 3552 3810; x_wconf 85' lang='lat' dir='ltr'><strong>car-</strong></span> 
     </span>
    </p>
   </div>
   <div class='ocr_carea' id='block_1_86' title="bbox 1981 3849 2128 3888">
    <p class='ocr_par' dir='ltr' id='par_1_86' title="bbox 1981 3849 2128 3888">
     <span class='ocr_line' id='line_1_88' title="bbox 1981 3849 2128 3888; baseline -0.027 0"><span class='ocrx_word' id='word_1_610' title='bbox 1981 3849 2128 3888; x_wconf 73' lang='lat' dir='ltr'><strong>nam.</strong></span> 
     </span>
    </p>
   </div>
   <div class='ocr_carea' id='block_1_87' title="bbox 1982 3973 3552 4041">
    <p class='ocr_par' dir='ltr' id='par_1_87' title="bbox 1982 3973 3552 4041">
     <span class='ocr_line' id='line_1_89' title="bbox 1982 3973 3552 4041; baseline -0.001 -11"><span class='ocrx_word' id='word_1_611' title='bbox 1982 3975 2234 4031; x_wconf 87' lang='lat' dir='ltr'><strong>Jacobus</strong></span> <span class='ocrx_word' id='word_1_612' title='bbox 2267 3976 2438 4030; x_wconf 65' lang='lat' dir='ltr'><strong>frater</strong></span> <span class='ocrx_word' id='word_1_613' title='bbox 2470 3974 2717 4041; x_wconf 90' lang='lat' dir='ltr'><strong>Domini,</strong></span> <span class='ocrx_word' id='word_1_614' title='bbox 2769 3974 2846 4028; x_wconf 90' lang='lat' dir='ltr'><strong>ita</strong></span> <span class='ocrx_word' id='word_1_615' title='bbox 2898 3979 2960 4028; x_wconf 90' lang='lat' dir='ltr'><strong>ut</strong></span> <span class='ocrx_word' id='word_1_616' title='bbox 2989 3978 3158 4028; x_wconf 87' lang='lat' dir='ltr'><strong>antea</strong></span> <span class='ocrx_word' id='word_1_617' title='bbox 3189 3978 3277 4028; x_wconf 89' lang='lat' dir='ltr'><strong>est</strong></span> <span class='ocrx_word' id='word_1_618' title='bbox 3305 3973 3552 4038; x_wconf 87' lang='lat' dir='ltr'><strong>dictum,</strong></span> 
     </span>
    </p>
   </div>
   <div class='ocr_carea' id='block_1_88' title="bbox 1917 4063 3553 4138">
    <p class='ocr_par' dir='ltr' id='par_1_88' title="bbox 1917 4063 3553 4138">
     <span class='ocr_line' id='line_1_90' title="bbox 1917 4063 3553 4138; baseline -0.002 -19"><span class='ocrx_word' id='word_1_619' title='bbox 1917 4068 2192 4138; x_wconf 78' lang='lat' dir='ltr'><strong>martyrio</strong></span> <span class='ocrx_word' id='word_1_620' title='bbox 2227 4083 2326 4136; x_wconf 91' lang='lat' dir='ltr'><strong>pro</strong></span> <span class='ocrx_word' id='word_1_621' title='bbox 2357 4066 2482 4137; x_wconf 89' lang='lat' dir='ltr'><strong>ipso</strong></span> <span class='ocrx_word' id='word_1_622' title='bbox 2525 4072 2614 4119; x_wconf 90' lang='lat' dir='ltr'><strong>est</strong></span> <span class='ocrx_word' id='word_1_623' title='bbox 2659 4067 2914 4119; x_wconf 78' lang='lat' dir='ltr'><strong>functus.</strong></span> <span class='ocrx_word' id='word_1_624' title='bbox 2947 4064 3089 4118; x_wconf 89' lang='lat' dir='ltr'><strong>Cum</strong></span> <span class='ocrx_word' id='word_1_625' title='bbox 3121 4079 3254 4116; x_wconf 85' lang='lat' dir='ltr'><strong>vero</strong></span> <span class='ocrx_word' id='word_1_626' title='bbox 3287 4063 3553 4117; x_wconf 77' lang='lat' dir='ltr'><strong>Hieroso-</strong></span> 
     </span>
    </p>
   </div>
   <div class='ocr_carea' id='block_1_89' title="bbox 1913 4153 3555 4227">
    <p class='ocr_par' dir='ltr' id='par_1_89' title="bbox 1913 4153 3555 4227">
     <span class='ocr_line' id='line_1_91' title="bbox 1913 4153 3555 4227; baseline -0.002 -17"><span class='ocrx_word' id='word_1_627' title='bbox 1913 4155 2072 4227; x_wconf 80' lang='lat' dir='ltr'><strong>lyma</strong></span> <span class='ocrx_word' id='word_1_628' title='bbox 2113 4161 2254 4210; x_wconf 87' lang='lat' dir='ltr'><strong>sunt</strong></span> <span class='ocrx_word' id='word_1_629' title='bbox 2301 4172 2501 4210; x_wconf 87' lang='lat' dir='ltr'><strong>eversa</strong></span> <span class='ocrx_word' id='word_1_630' title='bbox 2531 4155 2634 4226; x_wconf 91' lang='lat' dir='ltr'><strong>(t),</strong></span> <span class='ocrx_word' id='word_1_631' title='bbox 2666 4175 2697 4210; x_wconf 91' lang='lat' dir='ltr'><strong>a</strong></span> <span class='ocrx_word' id='word_1_632' title='bbox 2730 4160 2950 4209; x_wconf 75' lang='lat' dir='ltr'><strong>mundo</strong></span> <span class='ocrx_word' id='word_1_633' title='bbox 2983 4153 3212 4208; x_wconf 90' lang='lat' dir='ltr'><strong>condito</strong></span> <span class='ocrx_word' id='word_1_634' title='bbox 3243 4153 3555 4224; x_wconf 86' lang='lat' dir='ltr'><strong>quinquies</strong></span> 
     </span>
    </p>
   </div>
   <div class='ocr_carea' id='block_1_90' title="bbox 1917 4242 3554 4316">
    <p class='ocr_par' dir='ltr' id='par_1_90' title="bbox 1917 4242 3554 4316">
     <span class='ocr_line' id='line_1_92' title="bbox 1917 4242 3554 4316; baseline -0.002 -18"><span class='ocrx_word' id='word_1_635' title='bbox 1917 4245 2266 4300; x_wconf 87' lang='lat' dir='ltr'><strong>millesimus</strong></span> <span class='ocrx_word' id='word_1_636' title='bbox 2291 4246 2796 4316; x_wconf 81' lang='lat' dir='ltr'><strong>quingentesimus</strong></span> <span class='ocrx_word' id='word_1_637' title='bbox 2845 4242 3313 4313; x_wconf 80' lang='lat' dir='ltr'><strong>septuagesimus</strong></span> <span class='ocrx_word' id='word_1_638' title='bbox 3347 4257 3554 4308; x_wconf 82' lang='lat' dir='ltr'><strong>nonus,</strong></span> 
     </span>
    </p>
   </div>
   <div class='ocr_carea' id='block_1_91' title="bbox 1915 4333 3551 4402">
    <p class='ocr_par' dir='ltr' id='par_1_91' title="bbox 1915 4333 3551 4402">
     <span class='ocr_line' id='line_1_93' title="bbox 1915 4333 3551 4402; baseline -0.001 -15"><span class='ocrx_word' id='word_1_639' title='bbox 1915 4334 1987 4388; x_wconf 88' lang='lat' dir='ltr'><strong>ab</strong></span> <span class='ocrx_word' id='word_1_640' title='bbox 2013 4334 2354 4388; x_wconf 81' lang='lat' dir='ltr'><strong>ascensione</strong></span> <span class='ocrx_word' id='word_1_641' title='bbox 2403 4333 2636 4388; x_wconf 87' lang='lat' dir='ltr'><strong>Domini</strong></span> <span class='ocrx_word' id='word_1_642' title='bbox 2679 4338 2874 4386; x_wconf 89' lang='lat' dir='ltr'><strong>autem</strong></span> <span class='ocrx_word' id='word_1_643' title='bbox 2905 4333 3388 4402; x_wconf 85' lang='lat' dir='ltr'><strong>quadragesimus</strong></span> <span class='ocrx_word' id='word_1_644' title='bbox 3418 4346 3551 4402; x_wconf 84' lang='lat' dir='ltr'><strong>age-</strong></span> 
     </span>
    </p>
   </div>
   <div class='ocr_carea' id='block_1_92' title="bbox 1918 4420 3556 4492">
    <p class='ocr_par' dir='ltr' id='par_1_92' title="bbox 1918 4420 3556 4492">
     <span class='ocr_line' id='line_1_94' title="bbox 1918 4420 3556 4492; baseline -0.002 -16"><span class='ocrx_word' id='word_1_645' title='bbox 1918 4423 2088 4477; x_wconf 85' lang='lat' dir='ltr'><strong>batur</strong></span> <span class='ocrx_word' id='word_1_646' title='bbox 2115 4439 2307 4478; x_wconf 89' lang='lat' dir='ltr'><strong>annus</strong></span> <span class='ocrx_word' id='word_1_647' title='bbox 2332 4439 2346 4490; x_wconf 89' lang='lat'><strong>;</strong></span> <span class='ocrx_word' id='word_1_648' title='bbox 2375 4427 2499 4477; x_wconf 88' lang='lat' dir='ltr'><strong>tum</strong></span> <span class='ocrx_word' id='word_1_649' title='bbox 2543 4421 2814 4488; x_wconf 87' lang='lat' dir='ltr'><strong>discipuli</strong></span> <span class='ocrx_word' id='word_1_650' title='bbox 2845 4427 2902 4475; x_wconf 93' lang='lat' dir='ltr'><strong>et</strong></span> <span class='ocrx_word' id='word_1_651' title='bbox 2936 4422 3200 4492; x_wconf 85' lang='lat' dir='ltr'><strong>apostoli,</strong></span> <span class='ocrx_word' id='word_1_652' title='bbox 3235 4420 3334 4490; x_wconf 91' lang='lat' dir='ltr'><strong>qui</strong></span> <span class='ocrx_word' id='word_1_653' title='bbox 3364 4421 3556 4473; x_wconf 90' lang='lat' dir='ltr'><strong>adhuc</strong></span> 
     </span>
    </p>
   </div>
   <div class='ocr_carea' id='block_1_93' title="bbox 1915 4506 3556 4576">
    <p class='ocr_par' dir='ltr' id='par_1_93' title="bbox 1915 4506 3556 4576">
     <span class='ocr_line' id='line_1_95' title="bbox 1915 4506 3556 4576; baseline -0.004 -12"><span class='ocrx_word' id='word_1_654' title='bbox 1915 4513 1974 4566; x_wconf 90' lang='lat' dir='ltr'><strong>in</strong></span> <span class='ocrx_word' id='word_1_655' title='bbox 2005 4510 2126 4565; x_wconf 87' lang='lat' dir='ltr'><strong>vita</strong></span> <span class='ocrx_word' id='word_1_656' title='bbox 2153 4516 2338 4576; x_wconf 88' lang='lat' dir='ltr'><strong>erant,</strong></span> <span class='ocrx_word' id='word_1_657' title='bbox 2362 4511 2518 4565; x_wconf 89' lang='lat' dir='ltr'><strong>idem</strong></span> <span class='ocrx_word' id='word_1_658' title='bbox 2550 4506 3085 4573; x_wconf 86' lang='lat' dir='ltr'><strong>secuticonsilium,</strong></span> <span class='ocrx_word' id='word_1_659' title='bbox 3108 4525 3176 4562; x_wconf 78' lang='lat' dir='ltr'><strong>ex</strong></span> <span class='ocrx_word' id='word_1_660' title='bbox 3202 4507 3342 4562; x_wconf 87' lang='lat' dir='ltr'><strong>locis</strong></span> <span class='ocrx_word' id='word_1_661' title='bbox 3363 4509 3556 4560; x_wconf 83' lang='lat' dir='ltr'><strong>omni-</strong></span> 
     </span>
    </p>
   </div>
   <div class='ocr_carea' id='block_1_94' title="bbox 1921 4593 3556 4669">
    <p class='ocr_par' dir='ltr' id='par_1_94' title="bbox 1921 4593 3556 4669">
     <span class='ocr_line' id='line_1_96' title="bbox 1921 4593 3556 4669; baseline -0.003 -17"><span class='ocrx_word' id='word_1_662' title='bbox 1921 4600 2029 4654; x_wconf 89' lang='lat' dir='ltr'><strong>bus</strong></span> <span class='ocrx_word' id='word_1_663' title='bbox 2060 4615 2178 4654; x_wconf 87' lang='lat' dir='ltr'><strong>una</strong></span> <span class='ocrx_word' id='word_1_664' title='bbox 2221 4615 2354 4654; x_wconf 89' lang='lat' dir='ltr'><strong>cum</strong></span> <span class='ocrx_word' id='word_1_665' title='bbox 2394 4599 2464 4653; x_wconf 81' lang='lat' dir='ltr'><strong>iis</strong></span> <span class='ocrx_word' id='word_1_666' title='bbox 2495 4599 2596 4669; x_wconf 88' lang='lat' dir='ltr'><strong>qui</strong></span> <span class='ocrx_word' id='word_1_667' title='bbox 2627 4614 2835 4668; x_wconf 80' lang='lat' dir='ltr'><strong>genere</strong></span> <span class='ocrx_word' id='word_1_668' title='bbox 2858 4598 3027 4669; x_wconf 81' lang='lat' dir='ltr'><strong>juxta</strong></span> <span class='ocrx_word' id='word_1_669' title='bbox 3061 4611 3313 4660; x_wconf 87' lang='lat' dir='ltr'><strong>carnem,</strong></span> <span class='ocrx_word' id='word_1_670' title='bbox 3343 4593 3556 4649; x_wconf 88' lang='lat' dir='ltr'><strong>Christi</strong></span> 
     </span>
    </p>
   </div>
   <div class='ocr_carea' id='block_1_95' title="bbox 1921 4681 3556 4758">
    <p class='ocr_par' dir='ltr' id='par_1_95' title="bbox 1921 4681 3556 4758">
     <span class='ocr_line' id='line_1_97' title="bbox 1921 4681 3556 4758; baseline -0.004 -16"><span class='ocrx_word' id='word_1_671' title='bbox 1921 4689 2229 4758; x_wconf 88' lang='lat' dir='ltr'><strong>propinqui</strong></span> <span class='ocrx_word' id='word_1_672' title='bbox 2275 4693 2472 4743; x_wconf 89' lang='lat' dir='ltr'><strong>essent</strong></span> <span class='ocrx_word' id='word_1_673' title='bbox 2519 4686 2709 4757; x_wconf 89' lang='lat' dir='ltr'><strong>(multi</strong></span> <span class='ocrx_word' id='word_1_674' title='bbox 2741 4691 2934 4742; x_wconf 89' lang='lat' dir='ltr'><strong>autem</strong></span> <span class='ocrx_word' id='word_1_675' title='bbox 2975 4685 3163 4740; x_wconf 90' lang='lat' dir='ltr'><strong>adhuc</strong></span> <span class='ocrx_word' id='word_1_676' title='bbox 3195 4681 3556 4752; x_wconf 82' lang='lat' dir='ltr'><strong>supererant)</strong></span> 
     </span>
    </p>
   </div>
   <div class='ocr_carea' id='block_1_96' title="bbox 1921 4772 3553 4846">
    <p class='ocr_par' dir='ltr' id='par_1_96' title="bbox 1921 4772 3553 4846">
     <span class='ocr_line' id='line_1_98' title="bbox 1921 4772 3553 4846; baseline -0.004 -15"><span class='ocrx_word' id='word_1_677' title='bbox 1921 4781 2339 4843; x_wconf 87' lang='lat' dir='ltr'><strong>convenerunt,</strong></span> <span class='ocrx_word' id='word_1_678' title='bbox 2396 4786 2449 4830; x_wconf 87' lang='lat' dir='ltr'><strong>et</strong></span> <span class='ocrx_word' id='word_1_679' title='bbox 2523 4791 2839 4846; x_wconf 86' lang='lat' dir='ltr'><strong>quemnam</strong></span> <span class='ocrx_word' id='word_1_680' title='bbox 2895 4772 3107 4828; x_wconf 88' lang='lat' dir='ltr'><strong>Jacobo</strong></span> <span class='ocrx_word' id='word_1_681' title='bbox 3165 4786 3553 4826; x_wconf 88' lang='lat' dir='ltr'><strong>successorem</strong></span> 
     </span>
    </p>
   </div>
   <div class='ocr_carea' id='block_1_97' title="bbox 175 4862 1796 4940">
    <p class='ocr_par' dir='ltr' id='par_1_97' title="bbox 175 4866 1796 4940">
     <span class='ocr_line' id='line_1_99' title="bbox 175 4866 1796 4940; baseline 0.002 -24"><span class='ocrx_word' id='word_1_682' title='bbox 175 4882 257 4926; x_wconf 91' lang='grc' dir='ltr'><strong>τες</strong></span> <span class='ocrx_word' id='word_1_683' title='bbox 281 4866 369 4920; x_wconf 78' lang='grc' dir='ltr'><strong>οὗν</strong></span> <span class='ocrx_word' id='word_1_684' title='bbox 415 4866 504 4922; x_wconf 86' lang='grc' dir='ltr'>ἐπὶ</span> <span class='ocrx_word' id='word_1_685' title='bbox 554 4868 774 4940; x_wconf 86' lang='grc' dir='ltr'>Συμεὼν</span> <span class='ocrx_word' id='word_1_686' title='bbox 822 4869 915 4921; x_wconf 88' lang='grc' dir='ltr'><strong>τὸν</strong></span> <span class='ocrx_word' id='word_1_687' title='bbox 963 4874 1062 4920; x_wconf 82' lang='grc' dir='ltr'>τοῦ</span> <span class='ocrx_word' id='word_1_688' title='bbox 1097 4867 1308 4937; x_wconf 82' lang='grc' dir='ltr'>Κλοπᾶ,</span> <span class='ocrx_word' id='word_1_689' title='bbox 1341 4867 1403 4922; x_wconf 76' lang='grc' dir='ltr'><strong>οὗ</strong></span> <span class='ocrx_word' id='word_1_690' title='bbox 1434 4869 1614 4922; x_wconf 88' lang='grc' dir='ltr'>καὶτὸ</span> <span class='ocrx_word' id='word_1_691' title='bbox 1659 4868 1796 4938; x_wconf 76' lang='grc' dir='ltr'>ἱερὸν</span> 
     </span>
    </p>
   </div>
   <div class='ocr_carea' id='block_1_98' title="bbox 1909 4862 3557 4940">
    <p class='ocr_par' dir='ltr' id='par_1_98' title="bbox 1918 4862 3557 4936">
     <span class='ocr_line' id='line_1_100' title="bbox 1918 4862 3557 4936; baseline -0.004 -16"><span class='ocrx_word' id='word_1_692' title='bbox 1918 4875 2109 4932; x_wconf 85' lang='lat' dir='ltr'><strong>aperte</strong></span> <span class='ocrx_word' id='word_1_693' title='bbox 2140 4871 2530 4936; x_wconf 83' lang='lat' dir='ltr'><strong>surrogarent,</strong></span> <span class='ocrx_word' id='word_1_694' title='bbox 2561 4881 2689 4920; x_wconf 87' lang='lat' dir='ltr'><strong>cum</strong></span> <span class='ocrx_word' id='word_1_695' title='bbox 2744 4881 2882 4919; x_wconf 84' lang='lat' dir='ltr'><strong>cura</strong></span> <span class='ocrx_word' id='word_1_696' title='bbox 2919 4862 3335 4918; x_wconf 78' lang='lat' dir='ltr'><strong>deliberarunt.</strong></span> <span class='ocrx_word' id='word_1_697' title='bbox 3368 4863 3557 4929; x_wconf 83' lang='lat' dir='ltr'><strong>Atque</strong></span> 
     </span>
    </p>
   </div>
   <div class='ocr_carea' id='block_1_99' title="bbox 179 4953 1806 5030">
    <p class='ocr_par' dir='ltr' id='par_1_99' title="bbox 179 4953 1806 5030">
     <span class='ocr_line' id='line_1_101' title="bbox 179 4953 1806 5030; baseline 0.002 -24"><span class='ocrx_word' id='word_1_698' title='bbox 179 4953 501 5030; x_wconf 74' lang='grc' dir='ltr'>Εὖαγγὲλιον</span> <span class='ocrx_word' id='word_1_699' title='bbox 560 4955 737 5027; x_wconf 86' lang='grc' dir='ltr'>μνείαν</span> <span class='ocrx_word' id='word_1_700' title='bbox 786 4961 1045 5025; x_wconf 86' lang='grc' dir='ltr'>ποιεῖται,</span> <span class='ocrx_word' id='word_1_701' title='bbox 1078 4957 1244 5030; x_wconf 84' lang='grc' dir='ltr'>ὁρῶσι</span> <span class='ocrx_word' id='word_1_702' title='bbox 1284 4977 1296 4990; x_wconf 93' lang='grc'><strong>·</strong></span> <span class='ocrx_word' id='word_1_703' title='bbox 1353 4959 1444 5010; x_wconf 85' lang='grc' dir='ltr'><strong>καὶ</strong></span> <span class='ocrx_word' id='word_1_704' title='bbox 1495 4957 1671 5028; x_wconf 70' lang='grc' dir='ltr'>τούτῳ</span> <span class='ocrx_word' id='word_1_705' title='bbox 1714 4957 1806 5011; x_wconf 88' lang='grc' dir='ltr'>τὸν</span> 
     </span>
    </p>
   </div>
   <div class='ocr_carea' id='block_1_100' title="bbox 174 5042 1809 5121">
    <p class='ocr_par' dir='ltr' id='par_1_100' title="bbox 174 5042 1809 5121">
     <span class='ocr_line' id='line_1_102' title="bbox 174 5042 1809 5121; baseline 0.001 -25"><span class='ocrx_word' id='word_1_706' title='bbox 174 5043 266 5105; x_wconf 81' lang='grc' dir='ltr'><strong>τῆς</strong></span> <span class='ocrx_word' id='word_1_707' title='bbox 317 5043 595 5119; x_wconf 75' lang='grc' dir='ltr'>ἱεραρχίας</span> <span class='ocrx_word' id='word_1_708' title='bbox 651 5043 756 5121; x_wconf 81' lang='grc' dir='ltr'><strong>ἐγχ</strong></span> <span class='ocrx_word' id='word_1_709' title='bbox 789 5043 1021 5118; x_wconf 82' lang='grc' dir='ltr'>ιρίςουσι</span> <span class='ocrx_word' id='word_1_710' title='bbox 1073 5044 1263 5120; x_wconf 88' lang='grc' dir='ltr'>θρόνον</span> <span class='ocrx_word' id='word_1_711' title='bbox 1303 5064 1316 5077; x_wconf 81' lang='lat'><strong><em>°</em></strong></span> <span class='ocrx_word' id='word_1_712' title='bbox 1377 5047 1435 5100; x_wconf 76' lang='grc' dir='ltr'>ὃν</span> <span class='ocrx_word' id='word_1_713' title='bbox 1509 5042 1644 5114; x_wconf 73' lang='grc' dir='ltr'>δῆτα</span> <span class='ocrx_word' id='word_1_714' title='bbox 1717 5045 1809 5100; x_wconf 86' lang='grc' dir='ltr'><strong>καὶ</strong></span> 
     </span>
    </p>
   </div>
   <div class='ocr_carea' id='block_1_101' title="bbox 177 5129 1806 5210">
    <p class='ocr_par' dir='ltr' id='par_1_101' title="bbox 177 5129 1806 5210">
     <span class='ocr_line' id='line_1_103' title="bbox 177 5129 1806 5210; baseline 0.008 -29"><span class='ocrx_word' id='word_1_715' title='bbox 177 5129 384 5203; x_wconf 75' lang='grc' dir='ltr'>ἀνεψιόν</span> <span class='ocrx_word' id='word_1_716' title='bbox 435 5133 611 5188; x_wconf 79' lang='grc' dir='ltr'>εἴτουν</span> <span class='ocrx_word' id='word_1_717' title='bbox 670 5131 960 5210; x_wconf 70' lang='grc' dir='ltr'>ἐξάδελφον</span> <span class='ocrx_word' id='word_1_718' title='bbox 1015 5137 1113 5188; x_wconf 80' lang='grc' dir='ltr'>τοῦ</span> <span class='ocrx_word' id='word_1_719' title='bbox 1147 5134 1329 5203; x_wconf 87' lang='grc' dir='ltr'><strong>Ἰησοῦ</strong></span> <span class='ocrx_word' id='word_1_720' title='bbox 1387 5135 1414 5188; x_wconf 91' lang='grc' dir='ltr'>ὁ</span> <span class='ocrx_word' id='word_1_721' title='bbox 1464 5135 1806 5208; x_wconf 71' lang='grc' dir='ltr'>Ἡγήσιππος</span> 
     </span>
    </p>
   </div>
   <div class='ocr_carea' id='block_1_102' title="bbox 177 5216 1808 5304">
    <p class='ocr_par' dir='ltr' id='par_1_102' title="bbox 177 5216 1808 5304">
     <span class='ocr_line' id='line_1_104' title="bbox 177 5216 1808 5304; baseline 0.006 -34"><span class='ocrx_word' id='word_1_722' title='bbox 177 5216 394 5294; x_wconf 80' lang='grc' dir='ltr'>ἱστορεῖ.</span> <span class='ocrx_word' id='word_1_723' title='bbox 452 5225 510 5279; x_wconf 80' lang='lat'><strong>&#39;0</strong></span> <span class='ocrx_word' id='word_1_724' title='bbox 556 5229 657 5301; x_wconf 85' lang='grc' dir='ltr'>γᾶρ</span> <span class='ocrx_word' id='word_1_725' title='bbox 718 5221 932 5285; x_wconf 83' lang='grc' dir='ltr'>Κλοπᾶς</span> <span class='ocrx_word' id='word_1_726' title='bbox 982 5228 1079 5280; x_wconf 79' lang='grc' dir='ltr'>τοῦ</span> <span class='ocrx_word' id='word_1_727' title='bbox 1129 5225 1436 5297; x_wconf 75' lang='grc' dir='ltr'>μνήστορΟς</span> <span class='ocrx_word' id='word_1_728' title='bbox 1468 5225 1536 5291; x_wconf 83' lang='grc' dir='ltr'>ἦν</span> <span class='ocrx_word' id='word_1_729' title='bbox 1577 5221 1808 5304; x_wconf 73' lang='grc' dir='ltr'>ἁδελφὸς</span> 
     </span>
    </p>
   </div>
   <div class='ocr_carea' id='block_1_103' title="bbox 248 5479 1810 5556">
    <p class='ocr_par' dir='ltr' id='par_1_103' title="bbox 248 5479 1810 5556">
     <span class='ocr_line' id='line_1_105' title="bbox 248 5479 1810 5556; baseline 0.005 -25"><span class='ocrx_word' id='word_1_730' title='bbox 248 5479 326 5549; x_wconf 88' lang='lat' dir='ltr'><strong>(t)</strong></span> <span class='ocrx_word' id='word_1_731' title='bbox 355 5484 549 5550; x_wconf 69' lang='lat' dir='ltr'><strong>Capta,</strong></span> <span class='ocrx_word' id='word_1_732' title='bbox 583 5487 806 5544; x_wconf 82' lang='lat' dir='ltr'><strong>exusta.</strong></span> <span class='ocrx_word' id='word_1_733' title='bbox 857 5487 914 5538; x_wconf 91' lang='lat' dir='ltr'><strong>et</strong></span> <span class='ocrx_word' id='word_1_734' title='bbox 954 5482 1077 5556; x_wconf 88' lang='lat' dir='ltr'><strong>solo</strong></span> <span class='ocrx_word' id='word_1_735' title='bbox 1111 5489 1334 5556; x_wconf 70' lang='lat' dir='ltr'><strong>aequata</strong></span> <span class='ocrx_word' id='word_1_736' title='bbox 1365 5491 1452 5538; x_wconf 70' lang='lat' dir='ltr'><strong>est</strong></span> <span class='ocrx_word' id='word_1_737' title='bbox 1484 5479 1810 5554; x_wconf 78' lang='lat' dir='ltr'><strong>Hierosoly-</strong></span> 
     </span>
    </p>
   </div>
   <div class='ocr_carea' id='block_1_104' title="bbox 189 5555 1813 5629">
    <p class='ocr_par' dir='ltr' id='par_1_104' title="bbox 189 5555 1813 5629">
     <span class='ocr_line' id='line_1_106' title="bbox 189 5555 1813 5629; baseline 0.004 -27"><span class='ocrx_word' id='word_1_738' title='bbox 189 5557 610 5629; x_wconf 36' lang='lat' dir='ltr'><strong>mor‘umuurbs.</strong></span> <span class='ocrx_word' id='word_1_739' title='bbox 649 5573 800 5629; x_wconf 84' lang='lat' dir='ltr'><strong>anno</strong></span> <span class='ocrx_word' id='word_1_740' title='bbox 837 5555 1060 5610; x_wconf 81' lang='lat' dir='ltr'><strong>Domini</strong></span> <span class='ocrx_word' id='word_1_741' title='bbox 1089 5555 1188 5622; x_wconf 84' lang='grc'><strong>73,</strong></span> <span class='ocrx_word' id='word_1_742' title='bbox 1213 5559 1564 5626; x_wconf 67' lang='grc' dir='ltr'>δομιειιιὺτίδ</span> <span class='ocrx_word' id='word_1_743' title='bbox 1597 5557 1813 5610; x_wconf 80' lang='lat' dir='ltr'><strong>mensis</strong></span> 
     </span>
    </p>
   </div>
   <div class='ocr_carea' id='block_1_105' title="bbox 183 5620 1813 5696">
    <p class='ocr_par' dir='ltr' id='par_1_105' title="bbox 183 5620 1813 5696">
     <span class='ocr_line' id='line_1_107' title="bbox 183 5620 1813 5696; baseline 0.015 -25"><span class='ocrx_word' id='word_1_744' title='bbox 183 5620 270 5696; x_wconf 75' lang='lat' dir='ltr'><strong>die</strong></span> <span class='ocrx_word' id='word_1_745' title='bbox 298 5623 350 5676; x_wconf 76' lang='lat'><strong>8.</strong></span> <span class='ocrx_word' id='word_1_746' title='bbox 402 5624 658 5696; x_wconf 86' lang='lat' dir='ltr'><strong>(Joseph.</strong></span> <span class='ocrx_word' id='word_1_747' title='bbox 713 5627 811 5680; x_wconf 88' lang='lat' dir='ltr'><strong>iib.</strong></span> <span class='ocrx_word' id='word_1_748' title='bbox 845 5643 943 5693; x_wconf 85' lang='lat' dir='ltr'><strong>vn,</strong></span> <span class='ocrx_word' id='word_1_749' title='bbox 977 5644 1080 5696; x_wconf 80' lang='lat' dir='ltr'><strong>Cap</strong></span> <span class='ocrx_word' id='word_1_750' title='bbox 1127 5620 1242 5696; x_wconf 58' lang='lat'><strong>2(3)</strong></span> <span class='ocrx_word' id='word_1_751' title='bbox 1291 5620 1319 5675; x_wconf 66' lang='grc' dir='ltr'>ἶι</span> <span class='ocrx_word' id='word_1_752' title='bbox 1363 5629 1547 5694; x_wconf 82' lang='lat' dir='ltr'><strong>Titus,</strong></span> <span class='ocrx_word' id='word_1_753' title='bbox 1581 5630 1647 5681; x_wconf 83' lang='lat' dir='ltr'><strong>ad</strong></span> <span class='ocrx_word' id='word_1_754' title='bbox 1688 5645 1813 5693; x_wconf 67' lang='lat' dir='ltr'><strong>Per&quot;</strong></span> 
     </span>
    </p>
   </div>
   <div class='ocr_carea' id='block_1_106' title="bbox 184 5690 1815 5768">
    <p class='ocr_par' dir='ltr' id='par_1_106' title="bbox 184 5690 1815 5768">
     <span class='ocr_line' id='line_1_108' title="bbox 184 5690 1815 5768; baseline 0.002 -22"><span class='ocrx_word' id='word_1_755' title='bbox 184 5690 526 5752; x_wconf 86' lang='lat' dir='ltr'><strong>domandam</strong></span> <span class='ocrx_word' id='word_1_756' title='bbox 557 5690 810 5752; x_wconf 64' lang='lat' dir='ltr'><strong>Judaeum</strong></span> <span class='ocrx_word' id='word_1_757' title='bbox 845 5690 1104 5765; x_wconf 69' lang='lat' dir='ltr'><strong>relictus,</strong></span> <span class='ocrx_word' id='word_1_758' title='bbox 1137 5690 1455 5752; x_wconf 82' lang='lat' dir='ltr'><strong>novissima</strong></span> <span class='ocrx_word' id='word_1_759' title='bbox 1489 5690 1815 5768; x_wconf 66' lang='lat' dir='ltr'><strong>Hierusoly-</strong></span> 
     </span>
    </p>
   </div>
   <div class='ocr_carea' id='block_1_107' title="bbox 185 5769 1814 5842">
    <p class='ocr_par' dir='ltr' id='par_1_107' title="bbox 185 5769 1814 5842">
     <span class='ocr_line' id='line_1_109' title="bbox 185 5769 1814 5842; baseline 0.004 -23"><span class='ocrx_word' id='word_1_760' title='bbox 185 5777 410 5822; x_wconf 86' lang='lat' dir='ltr'><strong>morum</strong></span> <span class='ocrx_word' id='word_1_761' title='bbox 421 5769 851 5840; x_wconf 77' lang='lat' dir='ltr'><strong>oppugnatione</strong></span> <span class='ocrx_word' id='word_1_762' title='bbox 868 5775 1089 5842; x_wconf 85' lang='lat' dir='ltr'><strong>septem</strong></span> <span class='ocrx_word' id='word_1_763' title='bbox 1109 5775 1567 5842; x_wconf 80' lang='lat' dir='ltr'><strong>prapugnatores</strong></span> <span class='ocrx_word' id='word_1_764' title='bbox 1581 5769 1814 5827; x_wconf 84' lang='lat' dir='ltr'><strong>totidem</strong></span> 
     </span>
    </p>
   </div>
   <div class='ocr_carea' id='block_1_108' title="bbox 1916 4947 3554 5024">
    <p class='ocr_par' dir='ltr' id='par_1_108' title="bbox 1916 4947 3554 5024">
     <span class='ocr_line' id='line_1_110' title="bbox 1916 4947 3554 5024; baseline -0.005 -15"><span class='ocrx_word' id='word_1_765' title='bbox 1916 4955 2183 5024; x_wconf 88' lang='lat' dir='ltr'><strong>equidem</strong></span> <span class='ocrx_word' id='word_1_766' title='bbox 2243 4969 2448 5008; x_wconf 87' lang='lat' dir='ltr'><strong>omnes</strong></span> <span class='ocrx_word' id='word_1_767' title='bbox 2505 4955 2563 5008; x_wconf 89' lang='lat' dir='ltr'><strong>in</strong></span> <span class='ocrx_word' id='word_1_768' title='bbox 2618 4953 2962 5024; x_wconf 82' lang='lat' dir='ltr'><strong>Symeonem</strong></span> <span class='ocrx_word' id='word_1_769' title='bbox 3031 4949 3214 5002; x_wconf 82' lang='lat' dir='ltr'><strong>filium</strong></span> <span class='ocrx_word' id='word_1_770' title='bbox 3271 4947 3554 5017; x_wconf 81' lang='lat' dir='ltr'><strong>ClcOphaa,</strong></span> 
     </span>
    </p>
   </div>
   <div class='ocr_carea' id='block_1_109' title="bbox 1917 5034 3557 5112">
    <p class='ocr_par' dir='ltr' id='par_1_109' title="bbox 1917 5034 3557 5112">
     <span class='ocr_line' id='line_1_111' title="bbox 1917 5034 3557 5112; baseline -0.004 -16"><span class='ocrx_word' id='word_1_771' title='bbox 1917 5044 2090 5112; x_wconf 86' lang='lat' dir='ltr'><strong>cujus</strong></span> <span class='ocrx_word' id='word_1_772' title='bbox 2117 5041 2288 5096; x_wconf 83' lang='lat' dir='ltr'><strong>etiam</strong></span> <span class='ocrx_word' id='word_1_773' title='bbox 2337 5057 2563 5096; x_wconf 86' lang='lat' dir='ltr'><strong>sacrum</strong></span> <span class='ocrx_word' id='word_1_774' title='bbox 2615 5040 2882 5096; x_wconf 86' lang='lat' dir='ltr'><strong>meminit</strong></span> <span class='ocrx_word' id='word_1_775' title='bbox 2927 5038 3323 5108; x_wconf 80' lang='lat' dir='ltr'><strong>Evangeltum,</strong></span> <span class='ocrx_word' id='word_1_776' title='bbox 3355 5034 3557 5090; x_wconf 84' lang='lat' dir='ltr'><strong>oculos</strong></span> 
     </span>
    </p>
   </div>
   <div class='ocr_carea' id='block_1_110' title="bbox 1917 5123 3552 5202">
    <p class='ocr_par' dir='ltr' id='par_1_110' title="bbox 1917 5123 3552 5202">
     <span class='ocr_line' id='line_1_112' title="bbox 1917 5123 3552 5202; baseline -0.004 -18"><span class='ocrx_word' id='word_1_777' title='bbox 1917 5130 2256 5202; x_wconf 85' lang='lat' dir='ltr'><strong>conjiciunt,</strong></span> <span class='ocrx_word' id='word_1_778' title='bbox 2284 5131 2451 5201; x_wconf 87' lang='lat' dir='ltr'><strong>eique</strong></span> <span class='ocrx_word' id='word_1_779' title='bbox 2477 5129 2864 5201; x_wconf 78' lang='lat' dir='ltr'><strong>episcOpalem</strong></span> <span class='ocrx_word' id='word_1_780' title='bbox 2893 5125 3091 5184; x_wconf 86' lang='lat' dir='ltr'><strong>sedem</strong></span> <span class='ocrx_word' id='word_1_781' title='bbox 3131 5123 3508 5180; x_wconf 85' lang='lat' dir='ltr'><strong>committunt</strong></span> <span class='ocrx_word' id='word_1_782' title='bbox 3538 5139 3552 5178; x_wconf 92' lang='lat'><strong>:</strong></span> 
     </span>
    </p>
   </div>
   <div class='ocr_carea' id='block_1_111' title="bbox 1919 5211 3558 5292">
    <p class='ocr_par' dir='ltr' id='par_1_111' title="bbox 1919 5211 3558 5292">
     <span class='ocr_line' id='line_1_113' title="bbox 1919 5211 3558 5292; baseline -0.005 -17"><span class='ocrx_word' id='word_1_783' title='bbox 1919 5235 2092 5290; x_wconf 86' lang='lat' dir='ltr'><strong>quem</strong></span> <span class='ocrx_word' id='word_1_784' title='bbox 2147 5219 2492 5292; x_wconf 74' lang='lat' dir='ltr'><strong>Symeonem</strong></span> <span class='ocrx_word' id='word_1_785' title='bbox 2547 5217 2910 5292; x_wconf 81' lang='lat' dir='ltr'><strong>Hegesippus</strong></span> <span class='ocrx_word' id='word_1_786' title='bbox 2967 5213 3380 5272; x_wconf 81' lang='lat' dir='ltr'><strong>consobrinum</strong></span> <span class='ocrx_word' id='word_1_787' title='bbox 3437 5211 3558 5268; x_wconf 85' lang='lat' dir='ltr'><strong>sive</strong></span> 
     </span>
    </p>
   </div>
   <div class='ocr_carea' id='block_1_112' title="bbox 1919 5473 3559 5552">
    <p class='ocr_par' dir='ltr' id='par_1_112' title="bbox 1919 5473 3559 5552">
     <span class='ocr_line' id='line_1_114' title="bbox 1919 5473 3559 5552; baseline 0 -16"><span class='ocrx_word' id='word_1_788' title='bbox 1919 5481 2262 5552; x_wconf 83' lang='lat' dir='ltr'><strong>sagittarum</strong></span> <span class='ocrx_word' id='word_1_789' title='bbox 2302 5481 2545 5540; x_wconf 86' lang='lat' dir='ltr'><strong>confecit</strong></span> <span class='ocrx_word' id='word_1_790' title='bbox 2601 5482 2834 5552; x_wconf 84' lang='lat' dir='ltr'><strong>ictibus,</strong></span> <span class='ocrx_word' id='word_1_791' title='bbox 2893 5479 3154 5552; x_wconf 81' lang='lat' dir='ltr'><strong>cepitque</strong></span> <span class='ocrx_word' id='word_1_792' title='bbox 3200 5496 3328 5536; x_wconf 87' lang='lat' dir='ltr'><strong>eam</strong></span> <span class='ocrx_word' id='word_1_793' title='bbox 3379 5473 3559 5536; x_wconf 85' lang='lat' dir='ltr'><strong>natali</strong></span> 
     </span>
    </p>
   </div>
   <div class='ocr_carea' id='block_1_113' title="bbox 1923 5554 3554 5624">
    <p class='ocr_par' dir='ltr' id='par_1_113' title="bbox 1923 5554 3554 5624">
     <span class='ocr_line' id='line_1_115' title="bbox 1923 5554 3554 5624; baseline -0.001 -18"><span class='ocrx_word' id='word_1_794' title='bbox 1923 5554 2051 5606; x_wconf 67' lang='lat' dir='ltr'><strong>(illis</strong></span> <span class='ocrx_word' id='word_1_795' title='bbox 2099 5570 2242 5623; x_wconf 57' lang='lat' dir='ltr'><strong>suae,</strong></span> <span class='ocrx_word' id='word_1_796' title='bbox 2273 5576 2302 5604; x_wconf 85' lang='lat'><strong><em>»</em></strong></span> <span class='ocrx_word' id='word_1_797' title='bbox 2351 5563 2459 5611; x_wconf 86' lang='lat' dir='ltr'><strong>etc.</strong></span> <span class='ocrx_word' id='word_1_798' title='bbox 2509 5555 2856 5624; x_wconf 86' lang='lat' dir='ltr'><strong>(Tranquilt.</strong></span> <span class='ocrx_word' id='word_1_799' title='bbox 2909 5555 2964 5607; x_wconf 93' lang='lat' dir='ltr'><strong>in</strong></span> <span class='ocrx_word' id='word_1_800' title='bbox 3011 5555 3184 5622; x_wconf 85' lang='lat' dir='ltr'><strong>Tito.)</strong></span> <span class='ocrx_word' id='word_1_801' title='bbox 3231 5554 3554 5607; x_wconf 81' lang='lat' dir='ltr'><strong>Secundum</strong></span> 
     </span>
    </p>
   </div>
   <div class='ocr_carea' id='block_1_114' title="bbox 1922 5625 3559 5696">
    <p class='ocr_par' dir='ltr' id='par_1_114' title="bbox 1922 5625 3559 5696">
     <span class='ocr_line' id='line_1_116' title="bbox 1922 5625 3559 5696; baseline -0.001 -18"><span class='ocrx_word' id='word_1_802' title='bbox 1922 5629 2238 5680; x_wconf 72' lang='lat' dir='ltr'><strong>neotericos</strong></span> <span class='ocrx_word' id='word_1_803' title='bbox 2285 5628 2778 5696; x_wconf 84' lang='lat' dir='ltr'><strong>chronographos,</strong></span> <span class='ocrx_word' id='word_1_804' title='bbox 2828 5625 3218 5696; x_wconf 68' lang='lat' dir='ltr'><strong>Hiermolymu</strong></span> <span class='ocrx_word' id='word_1_805' title='bbox 3267 5637 3437 5696; x_wconf 78' lang='lat' dir='ltr'><strong>capta</strong></span> <span class='ocrx_word' id='word_1_806' title='bbox 3473 5630 3559 5679; x_wconf 78' lang='lat' dir='ltr'><strong>est</strong></span> 
     </span>
    </p>
   </div>
   <div class='ocr_carea' id='block_1_115' title="bbox 1922 5696 3236 5768">
    <p class='ocr_par' dir='ltr' id='par_1_115' title="bbox 1922 5696 3236 5768">
     <span class='ocr_line' id='line_1_117' title="bbox 1922 5696 3236 5768; baseline -0.002 -16"><span class='ocrx_word' id='word_1_807' title='bbox 1922 5711 2074 5753; x_wconf 85' lang='lat' dir='ltr'><strong>anno</strong></span> <span class='ocrx_word' id='word_1_808' title='bbox 2105 5697 2311 5754; x_wconf 85' lang='lat' dir='ltr'><strong>mundi</strong></span> <span class='ocrx_word' id='word_1_809' title='bbox 2341 5699 2500 5768; x_wconf 80' lang='grc'>4050,</span> <span class='ocrx_word' id='word_1_810' title='bbox 2533 5716 2568 5753; x_wconf 90' lang='lat' dir='ltr'><strong>a</strong></span> <span class='ocrx_word' id='word_1_811' title='bbox 2598 5696 2772 5752; x_wconf 88' lang='lat' dir='ltr'><strong>natali</strong></span> <span class='ocrx_word' id='word_1_812' title='bbox 2803 5699 3117 5752; x_wconf 61' lang='grc' dir='ltr'>δεινοῖσι-ιε</span> <span class='ocrx_word' id='word_1_813' title='bbox 3147 5697 3236 5750; x_wconf 80' lang='grc' dir='ltr'><strong>Ἱ2.</strong></span> 
     </span>
    </p>
   </div>
  </div>
