4032 6282
187 407 327 470 91³7

186 541 296 608 ἦν,
326 536 422 595 ἅτε
450 541 578 603 παῖς
624 535 699 594 ὢν
734 541 935 617 Ἰωσήφ
972 559 984 572 ·

192 629 354 684 οὕτω
403 632 628 706 γράφων
661 650 676 664 ·
729 655 757 682 κ
813 632 932 686 Ἔτι
993 627 1050 686 δὲ
1097 639 1360 706 περιῆσαν
1413 634 1463 686 οἱ
1512 632 1618 686 ἀπὸ
1665 632 1854 706 γένους

187 723 302 775 τοῦ
338 720 564 794 Κυρίου,
597 719 788 776 υἱωνοὶ
841 717 1040 789 Ἰούδα,
1087 725 1184 776 τοῦ
1229 721 1366 776 κατᾶ
1409 722 1578 796 σάρκα
1629 721 1859 797 λεγομέ-

191 830 302 864 νου
345 809 510 864 αὐτοῦ
540 807 780 888 ἀδελφοῦ
813 827 827 842 ·
862 810 954 872 οὓς
986 807 1420 884 ἐδηλατόρευσαν
1467 811 1540 873 ὡς
1573 810 1631 866 ἐκ
1672 813 1859 885 γένους

193 895 368 961 ὄντας
421 897 584 954 Δαυΐδ
619 919 631 932 ·
680 899 900 962 τούτοις
948 897 996 954 δ’
1045 901 1073 955 ὁ
1119 900 1450 962 Ἥουόκατος
1496 898 1674 978 ἤγαφε
1720 902 1858 975 πρὸς

195 991 545 1062 Δομετιανὸν
598 989 856 1067 Καίσαρα.
907 986 1194 1068 Ἐφοϐεἷτο
1249 994 1350 1067 γάρ
1408 993 1510 1061 τήν
1559 991 1857 1066 παρουσίαν

191 1082 303 1132 τοῦ
337 1082 602 1152 Χριστοῦ,
633 1081 709 1142 ὡς
749 1081 840 1134 καὶ
887 1079 1136 1156 Ἡρώδης
1170 1096 1184 1112 ⁸
1234 1081 1325 1136 καὶ
1371 1080 1720 1155 ἐπηρώτησεν
1771 1081 1860 1136 αὖ·

194 1167 337 1230 τοῦς
369 1167 415 1222 εἰ
466 1167 524 1224 ἐκ
572 1167 733 1224 Δαυΐδ
785 1169 888 1224 εἱσι
923 1189 934 1201 ’
988 1169 1078 1224 καί
1125 1169 1516 1245 ὡμολόγησαν.
1547 1173 1676 1226 Τότε
1725 1171 1860 1241 ἐπη-

196 1257 454 1330 ρώτησεν
513 1257 714 1322 αὐτοὺς
771 1263 943 1324 πόσας
998 1262 1216 1330 κτήσεις
1275 1257 1516 1338 ἔχουσιν,
1575 1260 1610 1328 ἢ
1679 1261 1862 1314 πόσων

197 1348 518 1424 χρημάτων
573 1347 936 1424 κυριεύουσιν.
997 1350 1060 1403 Οἱ
1118 1348 1175 1404 δὲ
1253 1351 1404 1404 εἶπον
1483 1348 1862 1423 ἐννακισχίλια

196 1435 445 1512 δηνάρια
493 1438 759 1516 ὑπάρχειν
806 1439 995 1500 αὐτοῖς
1055 1439 1214 1512 μόνα,
1247 1438 1456 1511 ἑκάστῳ
1503 1438 1679 1493 αὐτῶν
1727 1439 1862 1508 ἀνή-

193 1548 398 1588 κοντος
453 1532 550 1582 τοῦ
610 1527 860 1600 ἡμίσεος.
912 1528 1010 1582 Καὶ
1066 1531 1232 1582 ταῦτα
1305 1529 1403 1582 οὐκ
1457 1526 1508 1582 ἐν
1580 1526 1862 1605 ἀργυρίοις

193 1613 442 1694 ἔφασκον
479 1613 652 1692 ἔχειν,
696 1615 822 1672 ἀλλ’
867 1617 920 1672 ἐν
968 1615 1279 1690 διατιμήσει
1327 1625 1430 1691 γῆς
1484 1615 1733 1691 πλέθρων
1777 1615 1862 1672 λθ⁸

201 1705 396 1778 μόνων
431 1724 444 1738 ο
479 1705 531 1776 έξ
562 1707 634 1760 ὧν
663 1707 753 1760 καί
784 1706 910 1770 τοὺς
957 1707 1163 1782 φόρους
1199 1705 1498 1784 ἀναφέρειν,
1540 1707 1627 1761 καὶ
1663 1706 1857 1767 αὐτοὺς

195 1794 640 1870 αὐτουργοῦντας
692 1793 1083 1872 διατρέφεσθαι.
1120 1796 1248 1851 Εἶτα
1299 1795 1356 1850 δὲ
1385 1794 1476 1850 καὶ
1523 1796 1617 1857 τὰς
1667 1801 1859 1870 χεῖρας

1213 405 1844 472 ECCLESIASTlC/E
1885 408 2276 474 HISTORIA!
2316 411 2467 475 LIB.
2514 412 2619 475 III.

1036 540 1111 604 ὡς
1155 537 1320 610 δηλοῖ
1367 541 1455 594 καὶ
1503 522 1854 616 Ἡγήσιππος-

1974 545 2234 603 traxisse.
2287 548 2499 603 Fuerat
2538 549 2732 602 autem
2781 544 2965 600 Judas
3008 543 3186 598 frater
3217 541 3466 610 Domini,
3514 558 3610 596 sc-

193 1884 303 1946 τᾶς
352 1883 556 1939 ἑαυτῶν
599 1881 956 1940 ἐπιδεικνύναι
1007 1885 1303 1960 μαρτῦριον
1353 1891 1453 1954 τῆς
1510 1884 1858 1959 αὖτουργίας,
1891 1915 1939 1980 Β

196 1975 310 2042 τήν
343 1977 440 2028 τοῦ
485 1974 739 2045 σώματος
789 1972 1075 2048 σκληρίαν,
1108 1975 1198 2028 καὶ
1241 1973 1366 2036 τοὺς
1402 1974 1506 2028 ἀπὸ
1555 1981 1654 2042 τῆς
1708 1995 1860 2028 συνε-

199 2066 348 2136 χοῦς
395 2061 644 2138 ἐργασίας
699 2063 1198 2118 ἐναποτυπωθένται
1249 2063 1336 2117 ἐπὶ
1384 2067 1492 2117 τῶν
1543 2061 1696 2116 ἰδίων
1742 2082 1864 2137 χει-

205 2156 322 2227 ρῶν
402 2152 604 2214 τύλους
675 2153 1052 2227 παριστάντας.
1129 2154 1528 2228 Ἐρωτηθέντας
1611 2149 1666 2206 δὲ
1740 2151 1863 2227 περὶ

199 2247 309 2297 τοῦ
347 2247 586 2316 Χριστοῦ
617 2244 703 2298 καὶ
738 2251 836 2308 τῆς
886 2242 1166 2318 βασιλείας
1212 2245 1399 2310 αὐτοῦ,
1431 2242 1592 2298 ὁποία
1634 2264 1716 2305 τις
1749 2241 1863 2311 ε’ίη,

201 2331 302 2386 καὶ
353 2339 452 2399 πῆ,
483 2331 571 2385 καὶ
620 2332 754 2386 πότε
793 2333 1166 2410 φανησομένη,
1201 2329 1367 2406 λόγον
1419 2331 1628 2398 δοῦναι,
1679 2333 1752 2393 ὡς
1800 2329 1863 2384 οὐ

199 2421 450 2494 κοσμική
488 2420 606 2493 μὲν,
641 2418 758 2474 οὐδ’
801 2419 1058 2493 ἐπίγειος,
1093 2421 1408 2495 ἐπουράνιος
1456 2418 1513 2476 δὲ
1560 2421 1648 2475 καὶ
1694 2419 1861 2496 ἀγγε-

202 2511 343 2580 λικὴ
374 2513 661 2588 τυγχάνει,
690 2511 779 2567 ἐπὶ
813 2513 1092 2584 συντελείᾳ
1119 2518 1214 2568 τοῦ
1245 2513 1438 2574 αἰῶνος
1469 2514 1814 2588 γενησομένη
1847 2529 1861 2544 ο

206 2605 450 2674 ὁπηνίκα
481 2603 654 2658 ἐλθὼν
688 2602 740 2658 ἐν
788 2601 940 2680 δόξῃ,
971 2603 1173 2680 κρίνειε
1227 2607 1430 2673 ζῶντας
1477 2604 1568 2658 καὶ
1617 2601 1861 2676 νεκροὺς,

206 2693 304 2750 καὶ
357 2689 630 2748 ἀποδώσει
681 2693 886 2766 ἑκάστῳ
928 2695 1064 2748 κατᾶ
1107 2695 1173 2749 τα
1223 2691 1629 2766 ἐπιτηδεύματα
1678 2693 1862 2747 αὐτοῦ.

206 2783 335 2860 Ἐφ’
379 2783 466 2846 οἷς
520 2781 690 2856 μηδὲν
741 2780 903 2839 αὺτὸν
951 2783 1333 2859 κατεγνωκότα
1375 2783 1467 2837 τὸν
1512 2783 1865 2854 Δομετιανὸν,

215 2869 368 2926 ἄλλα
407 2873 494 2926 καὶ
555 2873 630 2934 ὡς
690 2872 928 2928 εὖτελῶν
985 2875 1487 2951 καταφρονήσαντα,
1549 2870 1866 2945 ἐλευθέρους

219 2959 322 3032 μὲν
371 2959 562 3022 αὐτοὺς
611 2962 837 3032 ἀνεῖναι,
889 2967 1229 3018 καταπαῦσαι
1277 2959 1334 3016 δὲ
1384 2959 1472 3016 διὰ
1517 2961 1865 3036 προστάγμα·

209 3069 309 3110 τος
336 3049 428 3104 τὸν
483 3051 618 3106 κατὰ
648 3053 746 3120 τῆς
797 3051 1129 3122 Ἐκκλησίας
1173 3049 1432 3124 διωγμόν.
1466 3049 1598 3112 Τοὺς
1649 3047 1694 3104 δ’
1739 3050 1868 3104 ἀποο

213 3135 479 3201 λυθέντας
530 3142 841 3217 ἡγήσασθαι
889 3145 998 3195 τῶν
1031 3140 1359 3210 ἐκκλησιῶν,
1392 3141 1465 3202 ὡς
1516 3137 1576 3194 ἂν
1619 3136 1684 3209 δή
1737 3141 1868 3214 πάρ-

206 3247 379 3302 τυρας
431 3229 574 3301 ὁμοῦ
645 3230 737 3284 καὶ
813 3231 918 3285 ἀπὸ
995 3229 1183 3306 γένους
1242 3225 1396 3292 ὄντας
1472 3233 1568 3284 τοῦ
1640 3227 1865 3302 Κυρίου,

207 3315 512 3394 γενομένης
564 3339 623 3373 τε
679 3319 921 3395 εἰρήνης,
986 3318 1153 3394 μέχρι
1209 3323 1480 3393 Τραϊανοῦ
1538 3323 1866 3392 παραμεῖναι

211 3407 418 3469 αὐτοὺς
462 3412 542 3480 τῷ
593 3408 714 3484 βίῳ.
762 3433 790 3462 ››
833 3415 1008 3465 Ταῦτα
1060 3412 1154 3483 μὲν
1207 3411 1234 3464 ὁ
1288 3411 1632 3484 Ἡγήσιππος
1664 3427 1677 3440 ’
1737 3415 1867 3482 Τερ-

212 3495 477 3560 τυλιανὸς
541 3495 600 3552 δὲ
656 3500 742 3553 καὶ
805 3498 966 3560 αὐτὸς
1023 3501 1124 3569 τὴν
1185 3502 1513 3571 Δομετιανοῦ
1568 3499 1866 3566 πεποίηται

217 3584 432 3660 μνείαν,
460 3584 681 3662 γράφων
723 3587 797 3650 ὡς
851 3609 876 3640 ¢
913 3586 1238 3662 Πεπείραται
1273 3589 1366 3659 μὲν
1402 3585 1490 3640 καὶ
1536 3585 1869 3658 Δομετιανὸς

211 3675 389 3730 ταυτᾶ
433 3680 608 3729 ποιεῖν
656 3672 871 3747 ἐκείνῳ,
925 3680 1087 3752 μέρος
1134 3674 1208 3729 ὢν
1263 3683 1360 3744 τῆς
1419 3674 1662 3746 Νέρωνος
1720 3673 1871 3744 ὠμό-

213 3785 390 3835 τητος
419 3783 432 3797 ·
481 3762 610 3820 ἀλλ’
659 3765 813 3836 οἶμαι
846 3766 938 3820 ἅτε
982 3764 1128 3841 ἔχων
1159 3786 1212 3820 τι
1261 3765 1538 3833 συνέσεως,
1581 3763 1655 3825 ὼς
1695 3763 1866 3837 τάχος

219 3851 520 3925 ἐπαύσατο,
551 3853 1021 3928 ἀνακαλεσάμενος
1052 3854 1142 3910 καὶ
1175 3853 1266 3918 οὓς
1292 3852 1562 3923 ἐξηλάκει.
1596 3875 1625 3903 ››

843 4156 1101 4210 ΚΕΦΑΛ.
1144 4155 1252 4208 IA’.
1851 4221 1854 4226 _

217 4241 515 4312 Τελευτή
575 4241 1100 4310 Οὐεσπασιανοῦ,
1138 4243 1332 4298 Τίτου
1388 4261 1453 4296 τε
1507 4241 1613 4295 καὶ
1666 4246 1870 4312 Δᾷομε-

293 4310 530 4370 τιανοῦ
569 4314 680 4370 καὶ
719 4317 972 4390 Νεροόα
1001 4336 1012 4348 ·
1054 4315 1163 4368 καὶ
1203 4313 1492 4388 περὶτοῦ
1534 4310 1870 4387 βασιλέως

293 4391 642 4462 Τραϊανοῦ.

297 4496 635 4566 Κρατοῦντος
666 4489 714 4546 δ’
763 4487 838 4546 ἔτι
885 4492 1301 4558 Οὐεσπεσιανοῦ,
1345 4489 1542 4564 λοιμόν
1595 4510 1721 4566 φασι
1779 4487 1869 4560 μέ·-

215 4604 319 4658 γαν
369 4583 458 4638 ἐπὶ
509 4583 730 4656 Ῥώμης
779 4583 1043 4658 γενέσθαι,
1103 4582 1177 4646 ὡς
1231 4583 1363 4656 ὑπὲρ
1421 4581 1647 4655 μυρίους
1707 4582 1864 4633 καοε-

214 4674 426 4741 κάστην
481 4672 566 4728 ἐπὶ
627 4671 908 4736 πλείσταις
963 4669 1194 4746 ἡμέραις
1271 4673 1564 4742 Θνήσκειν·

213 4761 310 4818 καὶ
366 4763 457 4816 τὸν
508 4759 559 4815 ἐν
611 4758 786 4834 Ῥόδῳ
843 4758 1134 4832 κολοσσὸν,
1193 4759 1408 4835 χαλκοῦ
1462 4757 1858 4831 πεποιημένον,

213 4853 432 4922 στήλην
479 4849 722 4914 Ῥοδίους
768 4855 846 4923 τῷ
895 4851 975 4907 Διὶ
1028 4852 1290 4907 ἂναθεῖναι
1340 4852 1532 4928 λόγος,
1587 4850 1721 4906 ἑπτά
1773 4849 1859 4904 ἐπὶ

214 4938 392 4996 ε’ίκοσι
438 4941 528 4994 καὶ
572 4940 759 4996 ἑκατὸν
810 4938 980 5004 πόδας
1031 4939 1107 5002 εἷς
1157 4937 1292 5014 ὕψος
1321 4939 1666 5014 ,ἐκτρέχοντα
1696 4957 1709 4971 ⁶
1769 4935 1859 4992 καὶ

210 5031 278 5085 τὸ
336 5029 387 5084 ἐν
440 5029 626 5102 Ῥώμῃ
683 5027 740 5084 δὲ
800 5028 1150 5084 Καπιτώλιον
1209 5030 1345 5099 πρὸς
1403 5026 1649 5098 δαπάνην
1705 5027 1860 5104 γενό-

219 5139 380 5195 μενον
427 5119 586 5180 οὗτυς
635 5116 784 5180 αὖθις
832 5117 1138 5194 ἀνήγειρεν.
1173 5119 1294 5174 Ἐπὶ
1345 5115 1469 5173 δέκα
1513 5115 1570 5172 δὲ
1617 5115 1709 5187 ἔτη
1757 5117 1857 5186 τὴν

211 5209 396 5283 ἀρχὴν
431 5205 687 5276 διιθύνας,
718 5212 797 5280 τῷ
845 5206 998 5263 παιδὶ
1029 5207 1172 5280 Τίτῳ
1202 5209 1298 5274 τήν
1353 5206 1630 5281 βασιλείαν
1660 5207 1858 5274 λιπὼν,

209 5296 458 5368 τελευτᾷ.
489 5297 623 5352 Τότε
667 5295 732 5366 δὴ
765 5299 851 5351 καὶ
898 5301 995 5352 τοῦ
1044 5293 1334 5352 Βεσουὸίου
1383 5291 1544 5369 ὅρους
1576 5295 1859 5370 ῥαγέντος,

209 5388 474 5444 τοσοῦτόν
526 5407 681 5463 φασιν
737 5386 938 5440 ἐκεῖθεν
1008 5390 1114 5460 πῦρ
1173 5381 1488 5450 ἀναϐλῦσαι,
1549 5385 1684 5440 ὥστε
1757 5387 1856 5453 τήν

210 5477 618 5553 παρακειμένην
675 5477 862 5552 χώραν
912 5475 1004 5530 σὺν
1057 5481 1176 5540 ταῖς
1241 5475 1560 5552 ἀγχιθῦροις
1630 5473 1855 5530 πόλεσιν

213 5568 488 5646 ἀρανίσαι.
536 5569 616 5622 Δι’
675 5567 878 5644 ἀγῶνος
937 5564 994 5622 δε
1048 5570 1284 5622 ποιεῖται
1335 5566 1432 5635 τήν
1487 5563 1710 5636 Ῥώμην
1766 5565 1858 5620 εὐ-

215 5653 447 5733 δαίμονα
507 5654 560 5711 ἐν
619 5653 829 5731 ὀλίγοις
886 5651 1054 5712 ἔτεσιν
1113 5654 1390 5728 ἀποφῆναι
1423 5653 1680 5731 ·.σοφίαν
1748 5654 1854 5729 γὰρ

211 5745 305 5806 καὶ
348 5747 449 5817 τήν
509 5747 618 5800 τῶν
677 5743 857 5820 λόγων
916 5741 1160 5800 παιδείαν
1207 5739 1568 5823 διαφερόντως
1614 5743 1801 5820 ἠγάπα
1831 5782 1848 5800 .

1896 3283 1948 3349 C

3491 406 3610 469 918

1965 639 2219 693 cundum
2275 654 2540 701 carnem;
2574 635 2813 708 Josephi
2846 635 3056 706 quippe
3089 633 3265 689 ﬁlius.
3298 633 3418 697 Qua
3449 633 3520 687 de
3552 648 3610 688 re

1966 727 2325 800 Hegesippus
2356 729 2436 782 ita
2461 727 2666 782 scribit
2699 743 2711 781 :
2757 749 2784 777 «
2820 725 3174 796 Supererant
3213 724 3404 779 adhuc
3435 737 3606 794 gene-

1966 819 2048 873 ris
2077 823 2135 873 et
2193 818 2424 874 familiis
2457 817 2682 873 Domini
2732 823 2970 888 nepotes
3022 832 3087 870 ex
3129 815 3246 870 filio
3293 813 3479 880 Judaa,
3515 811 3606 880 qui

1968 907 2142 963 frater
2171 909 2401 964 Domini
2426 909 2598 980 juxta
2645 924 2879 963 carnem
2917 905 3120 961 dictus
3148 909 3253 961 est.
3290 905 3420 968 Eos,
3455 900 3610 973 quod

1967 996 2156 1066 gentis
2205 997 2437 1052 Davidis
2485 1012 2616 1052 esse
2658 995 2831 1051 delati
2881 995 3150 1063 fuissent,
3200 994 3484 1048 Evocatus
3535 991 3604 1043 ad

1973 1086 2362 1142 Domitianum
2393 1086 2649 1142 adduxit.
2689 1085 2979 1141 Metuebat
3007 1083 3187 1151 enim,
3220 1083 3302 1137 ita
3350 1086 3416 1136 ut
3445 1083 3604 1134 ante-

1969 1174 2078 1230 hac
2125 1174 2395 1243 Herodes,
2456 1174 2782 1230 advendum
2826 1173 3058 1228 Christi.
3091 1171 3288 1242 ltaque
3328 1185 3426 1224 eos
3467 1167 3610 1236 illle,

1968 1263 2237 1319 essenine
2269 1263 2496 1319 familia
2556 1263 2708 1320 289
2741 1263 2997 1328 Davidis,
3039 1267 3222 1332 rogat.
3257 1259 3416 1327 Quod
3476 1274 3608 1314 cum

1969 1358 2164 1408 essent
2222 1353 2486 1424 professi,
2521 1368 2724 1407 rursus
2764 1353 2834 1406 ab
2876 1351 2976 1417 eis,
3031 1366 3160 1421 quae
3187 1365 3386 1404 eorum
3421 1353 3615 1402 essent

1973 1443 2392 1514 possessiones,
2465 1448 2522 1499 et
2570 1448 2846 1515 quantam
2892 1441 3267 1514 pecuniarum
3317 1454 3610 1495 summam

1971 1532 2271 1599 haberent,
2323 1535 2548 1604 quaerit.
2609 1535 2898 1608 Atquegei
2947 1531 3030 1586 illi
3090 1529 3462 1602 respondent,
3495 1545 3609 1583 non

1971 1623 2225 1693 amplius
2254 1622 2338 1678 eis
2369 1639 2499 1679 esse
2529 1639 2706 1694 quam
2741 1638 2941 1678 novem
2976 1620 3222 1676 millium
3239 1619 3610 1674 denariorum

1971 1712 2381 1783 patrimonium
2432 1729 2766 1781 commune,
2823 1713 2976 1784 quod
3037 1712 3285 1768 divisum
3331 1726 3398 1765 ex
3451 1713 3612 1778 parte

1970 1804 2215 1860 dimidia
2245 1807 2314 1859 ad
2349 1821 2644 1877 quemque
2705 1822 2908 1861 eorum
2943 1804 3254 1876 pertineret
3286 1819 3300 1859 :
3333 1818 3522 1872 neque
3557 1799 3612 1854 id

1972 1893 2028 1947 in
2064 1893 2308 1964 pecunia
2349 1901 2678 1958 numerata,
2711 1895 2814 1950 sed
2847 1895 2906 1950 in
2939 1892 3318 1948 aastimatione
3347 1895 3404 1944 et
3435 1890 3616 1960 pretio

1978 1981 2524 2052 undequadraginta
2593 1983 2712 2051 agri
2759 1985 3034 2053 jugerum
3084 1979 3419 2035 consistere.
3453 1975 3617 2032 Unde

1973 2085 2100 2124 cum
2139 2070 2425 2125 tributum
2471 2073 2809 2142 penderent,
2869 2075 2994 2124 tum
3038 2069 3149 2140 ipsi
3186 2067 3460 2122 manibus
3492 2065 3616 2120 suis

1973 2177 2120 2231 Opus
2162 2161 2460 2229 facientes,
2493 2170 2760 2232 sumptus
2792 2159 3122 2215 tolerarent.
3158 2157 3376 2212 Deinde
3408 2172 3617 2209 manus

1973 2266 2110 2305 suas
2140 2251 2478 2316 ostendunt,
2514 2255 2578 2306 ut
2607 2249 2868 2320 corporis
2917 2247 3131 2302 duritia
3161 2252 3217 2302 et
3248 2245 3412 2300 callis
3443 2245 3618 2299 conti-

1975 2356 2090 2394 nuo
2121 2338 2317 2395 labore
2363 2340 2576 2404 ductis,
2628 2356 2832 2409 operas
2866 2355 2998 2393 suas
3031 2337 3492 2406 comprobarent.
3538 2333 3616 2388 De

1973 2444 2152 2499 regno
2183 2435 2377 2484 autem
2411 2428 2647 2494 Christi,
2680 2425 2852 2498 quale
2887 2426 2941 2480 id
2967 2433 3141 2492 esset,
3165 2424 3263 2478 ubi
3296 2427 3352 2478 et
3381 2422 3613 2490 quando

1974 2519 2313 2574 habiturum
2375 2524 2528 2574 esset
2582 2518 2836 2584 initium,
2873 2515 3206 2586 interrogati
3242 2530 3254 2567 :
3287 2517 3408 2567 Non
3444 2527 3620 2566 mun-

1974 2608 2190 2664 danum
2223 2609 2306 2676 id,
2339 2623 2526 2678 neque
2559 2611 2870 2676 terrenum,
2904 2606 3004 2660 sed
3057 2603 3282 2660 cmlesle
3312 2607 3370 2658 et
3399 2600 3620 2669 angeli-

1976 2715 2110 2754 cum
2163 2700 2280 2754 fore
2337 2703 2646 2764 testantur,
2678 2698 2736 2752 in
2787 2696 2982 2752 saeculi
3039 2691 3538 2750 consummatione
3603 2707 3618 2744 ε

1976 2804 2108 2844 cum
2135 2787 2449 2844 adveniens
2503 2787 2602 2841 ille
2659 2803 2789 2841 cum
2842 2783 3026 2857 gloria
3054 2784 3215 2838 vivos
3272 2789 3330 2838 et
3360 2786 3622 2836 mortuos

1969 2877 2364 2947 judicaturus,
2411 2880 2468 2932 et
2518 2876 2727 2947 cuique
2766 2875 2936 2946 juxta
2993 2872 3188 2929 studia
3219 2875 3278 2927 et
3337 2873 3485 2926 facta
3516 2885 3625 2924 sua

1977 2967 2284 3038 praemium
2325 2966 2659 3022 redditurus
2707 2969 2876 3021 esset.
2917 2963 3188 3018 Sedenim
3229 2976 3291 3016 re
3336 2961 3419 3016 ita
3461 2975 3624 3014 com-

1979 3059 2162 3126 perta,
2202 3054 2572 3110 Domitianus
2609 3054 2730 3126 ipse
2776 3053 2909 3108 illos
2941 3068 3054 3107 non
3109 3052 3483 3117 condemnat,
3521 3047 3621 3103 sed

1979 3146 2260 3202 tenuitate
2306 3145 2540 3202 illorum
2591 3149 2944 3217 contempta,
2976 3141 3152 3198 simul
3201 3149 3254 3197 et
3287 3140 3499 3196 liberos
3528 3153 3624 3194 eos

1979 3235 2241 3305 dimittit,
2295 3240 2352 3293 et
2381 3237 2566 3292 edicto
2611 3237 2909 3308 proposito
2939 3232 3402 3306 persecutionem
3435 3231 3619 3286 eccle-

1976 3325 2195 3381 siarum
2220 3325 2462 3381 inhibet.
2499 3328 2582 3381 Ita
2608 3325 2692 3380 illi
2727 3323 3004 3387 absoluti,
3041 3321 3322 3389 ecclesiis,
3355 3325 3418 3376 ut
3446 3323 3624 3375 testes

1977 3415 2152 3473 simul
2185 3420 2242 3472 et
2271 3417 2466 3488 agnati
2497 3415 2749 3483 Domini,
2785 3415 3146 3485 praefuerunt
3177 3429 3192 3467 :
3225 3416 3279 3467 et
3313 3426 3452 3482 pace
3484 3409 3622 3465 red-

1977 3507 2116 3572 dita,
2147 3521 2328 3575 usque
2357 3505 2424 3559 ad
2459 3504 2690 3572 Traiani
2721 3511 2977 3575 tempora
3003 3504 3403 3573 pervenerunt.
3437 3525 3464 3548 n
3492 3499 3622 3553 Hzeo

1979 3594 2362 3664 Hagesippus.
2397 3593 2506 3647 Sed
2542 3598 2597 3646 et
2654 3591 3045 3646 Tertullianus
3094 3588 3403 3644 Domitiani
3455 3603 3621 3640 men-

1979 3685 2193 3739 tionem
2253 3684 2384 3738 facit
2425 3699 2438 3738 :
2474 3705 2503 3734 «
2563 3684 2930 3751 Tentaverat,
2989 3679 3281 3752 inquiens,
3340 3683 3396 3732 et
3430 3677 3626 3732 Domi-

1979 3773 2194 3838 tianus,
2230 3772 2412 3842 portio
2463 3772 2709 3826 Neronis
2753 3774 2823 3826 de
2868 3770 3229 3832 crudelitate,
3261 3767 3463 3822 eadem
3495 3783 3624 3836 quin

1979 3861 2078 3916 ille
2111 3862 2316 3917 facere.
2351 3861 2484 3930 Sed,
2513 3867 2579 3915 ut
2607 3861 2832 3932 opinor,
2883 3859 3105 3930 aliquid
3135 3857 3358 3912 habens
3389 3853 3624 3910 rationis

1979 3955 2036 4007 et
2067 3950 2408 4022 prudentim,
2457 3957 2685 4004 mature
2741 3947 2984 4016 destitit,
3019 3945 3296 4004 revocatis
3327 3945 3501 4001 etiam
3554 3942 3624 3998 iis

1979 4056 2127 4113 quos
2157 4039 2218 4095 in
2249 4039 2518 4096 exsilium
2546 4047 2761 4111 egerat.
2797 4062 2819 4089 ι

2617 4147 2852 4204 CAPUT
2881 4147 2978 4204 XI.

1979 4234 2170 4292 Obitus
2233 4235 2581 4308 Vespasiani.
2625 4235 2751 4301 Titi,
2770 4235 3089 4308 Domitiani.
3117 4239 3176 4288 et
3205 4234 3416 4302 Nervae,
3472 4238 3523 4287 et
3555 4233 3626 4286 de

2481 4311 2813 4380 imperatore
2853 4307 3106 4362 Traiano.

2048 4496 2376 4568 Imperante
2411 4501 2604 4553 autem
2645 4497 2970 4552 etiamnum
3009 4494 3390 4567 Vespasiano,
3424 4494 3622 4561 ingen-

1977 4590 2091 4640 tem
2123 4586 2508 4656 pestilentiam
2544 4588 2740 4643 Romaa
2769 4591 3092 4660 grassatam
3125 4601 3252 4640 esse
3277 4584 3500 4652 dicunt,
3542 4584 3620 4638 ita

1626 4669 1861 4738 ὁπηνίκα
1893 4652 1938 4718 D
1971 4678 2034 4729 ut
2063 4652 2268 4731 diebus
2302 4676 2565 4746 plurimis
2586 4652 2848 4749 quotidie
2868 4692 3048 4748 supra
3076 4675 3275 4730 decem
3312 4672 3616 4728 hominum

1971 4761 2136 4820 milla
2178 4766 2707 4838 exstinguerentur.
2765 4769 2888 4830 Quo
2973 4770 3234 4836 tempore
3269 4761 3418 4818 fama
3443 4760 3618 4816 etiam

1972 4852 2106 4920 fert,
2138 4853 2392 4912 Rhodios
2433 4856 2730 4912 colossum
2777 4871 2990 4910 aereum
3041 4857 3273 4910 centum
3327 4855 3385 4907 et
3414 4849 3619 4922 viginti

1970 4947 2194 5016 septem
2227 4947 2440 5018 pedum
2498 4947 2625 5002 Jovi
2665 4946 2722 5000 in
2776 4946 2916 5002 urbe
2969 4959 3072 5001 sua
3129 4945 3376 5000 dicasse.
3421 4941 3617 4996 Romae

1973 5033 2353 5105 Capitolium,
2385 5036 2541 5107 quod
2573 5030 3618 5108 conflagraverat,Vespasianus240

1972 5122 2222 5180 restituit
2253 5141 2268 5180 :
2303 5125 2400 5194 qui
2444 5125 2693 5197 imperio
2721 5123 2912 5192 {annis
2955 5123 3153 5179 decem
3185 5120 3616 5187 administrato,

1969 5213 2221 5268 moriens
2253 5213 2372 5269 filio
2402 5214 2531 5270 Tito
2569 5213 2628 5270 id
2661 5212 2916 5285 reliquit.
2949 5213 3068 5267 Sub
3093 5211 3202 5266 hoc
3232 5227 3400 5266 mons
3429 5208 3615 5264 Vesu-

1968 5301 2098 5357 vius
2132 5307 2360 5372 ruptus.
2391 5307 2621 5358 tantum
2653 5303 2912 5358 evomuit
2939 5300 3288 5366 incendii,ut
3319 5287 3613 5370 regionem

1969 5393 2290 5461 proximam
2357 5393 2732 5466 civitatesque
2790 5393 3008 5448 vicinas
3068 5406 3304 5462 prorsus
3361 5388 3614 5443 vastarit.

1974 5479 2362 5553 Maximopere
2402 5485 2451 5539 is
2481 5482 2867 5538 contendebat
2898 5482 3140 5537 Romam
3175 5479 3329 5534 brevi
3357 5483 3618 5548 tempore

1967 5567 2197 5626 beatam
2211 5573 2451 5629 reddere
2467 5578 2524 5629 et
2554 5573 2814 5641 felicem;
2843 5571 3272 5627 studiumenim
3297 5569 3614 5641 sapientiae,

1965 5656 2674 5733 liberaliumquejartium
2707 5659 3424 5734 disciplinamfplurimum
3459 5674 3619 5714 ama-

1961 5747 2063 5808 vit.
2084 5748 2514 5826 Josephum,ut
2541 5754 2730 5812 virum
2759 5752 3058 5826 egregium
3089 5753 3149 5809 et
3177 5748 3616 5823 praclarumﬁn
