4032 6282
132 431 247 491 921

1138 425 1759 489 ECCLESIASTlC/E
1798 424 2193 519 HISTORUE
2234 428 2382 489 LIB.
2428 427 2536 488 III.

3419 425 3536 487 922

130 565 286 622 Έπεὶ
352 560 423 631 δὴ
477 562 578 639 γὰρ
632 565 729 618 τοῦ
784 562 1050 635 τυράννου
1104 560 1529 631 τελευτήσαντος
1587 564 1783 634 (Δομεο

1916 579 1965 618 ix
2004 562 2195 618 insula
2226 562 2425 618 Palmo
2455 560 2750 631 Ephesum
2787 561 2977 629 rediit,
3017 580 3041 613 ι
3076 564 3134 615 et
3163 575 3293 631 qum
3321 576 3537 633 sequn-

128 675 313 709 τιανον
381 654 438 708 δὲ
492 655 707 713 πάιτως
763 652 948 730 φησὶν)
1010 652 1115 706 ἀπὸ
1173 658 1273 719 τῆς
1324 654 1496 722 νήσου
1562 652 1785 724 Πάτμου

137 741 414 818 μετῆλθεν
447 742 523 806 εἰς
551 743 800 820 Ἔφεσον,
835 764 863 793 ››
890 741 980 795 καὶ
1011 742 1110 796 ὅσα
1140 739 1280 810 ἑξῆς,

767 852 1023 903 ΚΕΦΑΛ.
1067 847 1166 903 ΙΒ’.

137 956 297 1030 Περὶ
358 959 475 1010 τοῦ
528 953 691 1030 μετά
738 953 852 1030 τὸν
901 952 1121 1027 Μάγον
1154 952 1430 1030 Σίμωνα
1474 950 1788 1026 δευτέρου

515 1023 966 1101 αἳρεσιάρχου
995 1023 1414 1099 Μενάνδρου.

204 1130 331 1189 Ἐπὶ
366 1131 425 1188 δὲ
466 1139 567 1201 τῆς
611 1132 779 1200 αὐτῆς
823 1131 1025 1206 ἀρχῆς,
1067 1130 1201 1204 μετὰ
1249 1130 1473 1203 Σίμωνα
1523 1131 1615 1185 τὸν
1668 1131 1791 1185 Μά-

139 1241 259 1295 γον,
328 1220 633 1293 ἀξιόμαχον
703 1218 874 1275 ὅπλον
940 1226 1040 1288 τῆς
1118 1216 1445 1284 διαϐολικῆς
1523 1217 1789 1294 ἐνεργείας

145 1307 394 1384 δεύτερον
459 1307 829 1365 ἀναδείκνυται
889 1307 1212 1383 Μένανδρος,
1270 1307 1458 1381 ἐκείνῳ
1521 1309 1615 1381 μὶν
1681 1330 1793 1381 μα-

147 1399 446 1469 θητευθεὶς,
500 1400 783 1472 Σαμαρεὺς
816 1397 860 1452 δ’
891 1401 955 1467 ἦν
988 1398 1080 1453 καὶ
1140 1397 1295 1460 οὗτος
1343 1397 1521 1472 ὥσπερ
1571 1397 1793 1466 ἐκεῖνος,

145 1493 262 1550 ταῖς
294 1509 357 1561 γε
392 1488 502 1560 μὴν
551 1487 830 1564 γοητείαις
876 1488 967 1541 καὶ
1009 1485 1424 1563 τερατολογίαις
1474 1487 1525 1541 ὲν
1557 1484 1793 1560 δευτέρῳ

144 1577 237 1632 τὸν
270 1574 596 1631 διδάσκαλον
626 1575 850 1648 θέμενος
871 1595 884 1608 ’
920 1576 1096 1647 ἑαυτῷ
1127 1576 1230 1653 γὰρ
1262 1577 1360 1644 την
1387 1578 1484 1630 τοῦ
1532 1581 1792 1649 Σωτῆρος

148 1666 309 1738 ἡμῶν
407 1664 633 1720 ἀνετίθει
724 1666 919 1735 τιμῆν,
1004 1666 1091 1719 καὶ
1177 1661 1376 1719 ἄνωθεν
1460 1663 1794 1718 ἀπεστάλθαι

150 1751 419 1828 ἒληρώδει
459 1760 559 1823 τῆς
597 1774 704 1808 των
748 1753 1048 1829 ἀνθρώπων
1086 1750 1258 1808 ἕνεκεν
1312 1752 1608 1827 σωτηρίας.
1653 1750 1795 1809 Ἐδί-

153 1840 308 1898 δασκέ
338 1864 402 1920 γε
434 1845 566 1914 μὴν,
592 1844 669 1916 μὴ
702 1840 891 1905 ἄλλως
921 1843 1056 1918 πρὸς
1088 1842 1278 1920 ἰσχύος
1330 1841 1477 1917 ἔχειν
1523 1844 1645 1897 τινα
1690 1846 1799 1896 τῶν

1894 657 2006 707 tur.

2511 812 2748 906 CAPUT
2788 848 2904 905 xu.

1896 962 1972 1015 De
2037 958 2351 1028 Menandro,
2421 957 2656 1013 secundo
2711 974 2747 1012 a
2822 957 3045 1014 Simone
3119 957 3271 1027 Mago
3318 959 3539 1015 hwresi-

2627 1030 2817 1084 archa.

1965 1136 2084 1191 Sub
2106 1137 2305 1192 eodem
2338 1134 2603 1205 imperio,
2637 1140 2768 1206 post
2788 1134 3079 1191 Simonem
3114 1135 3278 1191 illum
3308 1138 3537 1208 Magum

1898 1226 2189 1297 insignem
2232 1225 2528 1280 diabolicae
2569 1223 2922 1295 operationis
2956 1231 3013 1280 et
3043 1224 3313 1280 efficaciae
3343 1242 3545 1281 arma-

1898 1319 2085 1372 turam
2111 1314 2376 1370 exhibuit
2392 1313 2730 1380 Menander,
2763 1314 3086 1384 discipulus
3117 1314 3264 1385 ejus,
3287 1313 3544 1371 Samari-

1899 1409 2077 1460 tanus
2109 1404 2301 1457 itidem
2338 1407 2401 1457 ut
2431 1401 2549 1463 ille,
2583 1401 2927 1473 imposturis
2957 1406 3110 1458 certe
3135 1402 3542 1460 etcarminum

1902 1492 2203 1565 pra-stigiis
2244 1490 2412 1561 longe
2469 1491 2817 1562 magistrum
2879 1496 3008 1562 post
3062 1507 3124 1547 se
3183 1491 3545 1564 relinquens.

1900 1583 2022 1638 Sibi
2055 1582 2163 1652 ipsi
2195 1581 2351 1637 enim
2383 1580 2702 1636 Servatoris
2758 1580 2942 1636 nostri
2974 1580 3314 1636 vendicebat
3361 1580 3548 1638 hono-

1901 1687 2047 1737 rem,
2082 1686 2261 1742 seque
2290 1686 2320 1725 e
2341 1668 2484 1724 ccalo
2515 1669 2723 1724 salutis
2748 1668 3057 1725 hominum
3076 1685 3211 1741 ergo
3233 1670 3543 1727 demissum

1900 1777 2029 1817 esse
2063 1760 2410 1831 uugabetur,
2439 1757 2582 1814 illud
2615 1757 2786 1813 etiam
2820 1760 3037 1814 docens
3072 1775 3085 1815 :
3121 1761 3412 1815 neminem
3448 1776 3550 1816 un-

1902 1865 2075 1919 quam
2113 1847 2281 1904 aliter
2327 1864 2395 1903 ex
2448 1849 2763 1904 certamine
2811 1863 2939 1904 cum
2976 1849 3182 1903 mundi
3215 1848 3546 1905 architectis

153 1937 506 2005 κοσμοποιῶν
562 1931 809 2006 ἀγγέλων
864 1932 1249 2007 περιγενέσθοι,
1312 1932 1357 1986 εἰ
1418 1934 1496 2004 μή
1557 1952 1640 1993 τις
1709 1930 1798 1986 διὰ

1916 1938 2129 2010 angelis
2160 1954 2566 2009 congressum,
2606 1938 2881 1994 victorem
2921 1938 3237 2004 abiturum,
3287 1954 3463 2010 quam
3496 1940 3544 1995 si

149 2027 245 2090 τῆς
272 2020 436 2076 αὐτοῦ
478 2020 731 2097 γοητείας
784 2017 1014 2089 διέλθοι,
1045 2021 1136 2075 καὶ
1184 2020 1316 2096 ὅπερ
1365 2020 1524 2083 αὐτὸς
1569 2017 1789 2093 παρεδί-

153 2107 244 2165 δου
308 2110 595 2184 βάπτισμα
649 2108 906 2165 λούσαιτο
953 2111 1190 2187 Ἔφασκε
1260 2109 1365 2184 γὰρ
1414 2107 1539 2171 τοὺς
1595 2109 1792 2164 τούτου

157 2201 573 2270 καταξιωθέντας
628 2200 854 2276 ἀγήρως
902 2196 1269 2271 δισϐιώσκειν,
1323 2197 1502 2253 ἀϊδίου
1531 2200 1623 2253 καὶ
1673 2199 1795 2253 ἀθα-

157 2288 313 2343 νάτου
373 2289 705 2364 μετέχοντας
766 2290 984 2363 βιοτῆς.
1043 2288 1333 2360 Μέμνηται
1405 2288 1601 2343 τούτου
1648 2286 1678 2342 ὅ
1736 2308 1793 2343 τε

154 2380 480 2455 προρῥηθεὶς
532 2380 843 2455 Εῗρηναῖος,
892 2381 980 2435 καὶ
1033 2381 1060 2434 ὁ
1102 2378 1156 2434 ἒν
1207 2379 1534 2458 φιλοσόφοις
1588 2380 1793 2454 μάρτυς

155 2470 360 2543 ἄριστος
419 2470 736 2535 Ἰουστίνος,
782 2474 880 2525 τοῦ
928 2491 986 2525 τε
1040 2470 1292 2541 Σίμωνος
1358 2470 1543 2543 μνείαν
1597 2470 1793 2524 ποιού-

159 2579 328 2631 μενος,
357 2564 450 2613 καί
484 2559 654 2614 αὐτοῦ
697 2557 764 2627 δὴ
807 2559 1028 2630 τούτου,
1070 2558 1212 2614 οὕτω
1262 2558 1470 2634 λέγων’
1525 2582 1553 2611 ι(
1585 2559 1791 2614 Μέναν-

157 2645 276 2722 δρον
318 2647 373 2703 δέ
426 2669 554 2704 τινα
608 2648 699 2705 καὶ
757 2648 922 2704 αὐτὸν
970 2648 1245 2724 Σαμαρέα,
1292 2650 1384 2704 τὸν
1434 2649 1539 2704 ἀπὸ
1594 2648 1791 2721 κώμης

161 2739 517 2813 Καπαρατέως
575 2737 887 2813 γενόμενον,
948 2739 1195 2812 μαθητὴν
1249 2742 1347 2794 τοῦ
1397 2737 1673 2811 Σίμωνος,
1707 2736 1791 2791 oi-

164 2827 443 2899 στρηθέντα
502 2827 593 2882 καὶ
646 2827 806 2885 αὐτον
878 2828 982 2883 ὑπὸ
1055 2832 1162 2881 τῶν
1242 2825 1534 2900 δαιμόνων,
1590 2828 1676 2882 καὶ
1738 2825 1792 2882 ὲν

166 2915 466 2992 Ἀντιοχείᾳ
516 2919 828 2994 γενόμενον,
877 2917 1123 2979 πολλοὺς
1176 2916 1503 2988 ἐξαπατῆσαι
1553 2914 1641 2973 διὰ
1692 2938 1792 2991 μαι

165 3011 311 3078 γικῆς
341 3009 546 3082 τέχνης
591 3005 818 3079 ο⁹ίδαμεν
845 3026 859 3040 ·
893 3008 954 3069 ὃς
998 3007 1087 3062 καὶ
1116 3008 1244 3069 τοὺς
1281 3007 1431 3081 αὐγῷ
1476 3008 1791 3080 ἒπομένους

165 3092 232 3154 ὡς
285 3096 354 3167 μή
398 3096 849 3166 ἀποθνήσκοντας
906 3093 1125 3152 ἓπεισε·
1182 3096 1273 3151 καὶ
1328 3100 1420 3151 νῦν
1469 3098 1611 3159 τινές
1662 3096 1790 3151 εἰσιν

165 3183 245 3238 ἀπ’
299 3186 512 3243 ἐκείνου
564 3192 727 3244 τοῦτο
777 3186 1203 3263 ὁμολογοῦντες.
1239 3210 1267 3239 η
1316 3192 1411 3243 Ἦν
1444 3185 1500 3242 δὲ
1529 3186 1630 3262 ἄρα
1676 3183 1796 3242 δια-

1904 2026 2267 2097 disciplinam
2303 2028 2655 2098 magicarum
2691 2028 3109 2099 praestigiarum
3130 2045 3291 2084 suam
3315 2045 3549 2084 omnem

1903 2118 2081 2189 probe
2113 2121 2353 2183 teneret,
2385 2122 2441 2170 et
2472 2132 2643 2187 quem
2670 2116 2793 2187 ipse
2826 2116 3157 2172 tradidisset
3187 2117 3546 2187 baptismum

1903 2206 2138 2263 subiret.
2174 2207 2295 2271 Quo
2321 2206 2612 2276 baptismo
2643 2206 2690 2260 si
2724 2222 2895 2276 quem
2930 2206 3199 2277 dignatus
3228 2215 3547 2273 esset,eum

1903 2305 2188 2367 expertem
2221 2295 2557 2363 senectutis,
2607 2294 3023 2366 sempiternam
3055 2300 3109 2349 et
3153 2293 3548 2352 immortalem

1900 2388 2068 2442 vitam
2101 2386 2386 2442 victurum
2418 2400 2548 2440 esse
2580 2384 2828 2448 dicebat.
2858 2382 3122 2438 Meminit
3151 2382 3352 2453 hujus,
3375 2399 3545 2453 quem

1903 2478 2076 2535 modo
2126 2476 2578 2543 nominavimus,
2628 2474 2896 2541 Irenaeus,
2929 2484 2982 2529 et
3012 2474 3151 2529 item
3184 2489 3251 2528 ex
3290 2473 3549 2543 philoso-

1903 2565 2034 2638 phis
2066 2570 2287 2636 martyr
2316 2569 2373 2618 et
2402 2562 2565 2618 testis
2597 2562 2849 2632 Optimus
2876 2560 3166 2628 Justinus,
3200 2559 3457 2616 Simonis
3490 2561 3553 2616 il-

1902 2653 2017 2709 lius
2042 2660 2214 2724 atque
2248 2650 2544 2707 Menandri
2588 2650 2765 2716 huius
2797 2651 3155 2706 mentionem
3190 2649 3430 2719 faciens,
3463 2655 3549 2706 at-

1902 2759 2016 2815 que
2045 2742 2126 2797 ita
2155 2742 2356 2798 dicens
2390 2757 2404 2795 :
2441 2762 2469 2791 ‹‹
2501 2742 2809 2795 Menander
2839 2739 3097 2810 quidam,
3133 2739 3333 2809 etipse
3355 2739 3552 2794 Sama-

1902 2832 2149 2898 ritanus,
2183 2831 2241 2885 in
2284 2829 2408 2885 vico
2439 2828 2809 2901 Caparatensi
2854 2833 3039 2892 ortus,
3072 2827 3325 2883 Simonis
3360 2826 3548 2883 disci-

1904 2922 2098 2994 putus,
2131 2918 2292 2976 242
2353 2935 2467 2974 non
2527 2920 2727 2974 minus
2757 2934 2933 2989 quam
2984 2916 3082 2973 ille
3128 2917 3547 2973 daamoniorum

1907 3012 2098 3066 furore
2129 3006 2384 3078 aﬂlatus,
2420 3006 2737 3080 permultos
2772 3006 3089 3063 Antiochia
3112 3006 3306 3062 vivens
3326 3007 3553 3078 magica

1904 3104 2026 3156 arte
2057 3099 2310 3166 seduxit,
2343 3099 2442 3170 qui
2475 3099 2650 3153 etiam
2684 3095 3066 3154 sectatoribus
3092 3096 3218 3153 suis
3250 3111 3549 3167 nunquam

1908 3205 2009 3245 eos
2057 3189 2368 3244 morituros
2418 3203 2546 3243 esse
2578 3186 2887 3259 persuasit.
2949 3188 3188 3241 Exstant
3223 3184 3551 3241 etiamnum

165 3267 384 3346 ϐολικῆς
460 3276 724 3353 ἐνεργείας
788 3274 876 3331 διὰ
948 3282 1056 3332 τῶν
1124 3274 1353 3332 τοιῶνδε
1415 3278 1632 3351 γοήτων
1696 3277 1797 3345 τήν

1916 3278 2091 3334 llllius
2134 3277 2405 3350 discipuli
2455 3275 2744 3343 nonnulli,
2803 3277 2902 3347 qui
2955 3274 3066 3331 hoc
3095 3277 3245 3330 idem
3278 3273 3551 3347 proﬁten-

167 3363 489 3436 Χριστιανῶν
559 3363 926 3441 προσηγορίαν
1019 3362 1431 3439 ὑποδυομένων,
1516 3366 1578 3419 τὸ
1662 3364 1801 3438 μέγα

168 3452 258 3520 τῆς
325 3451 634 3518 θεοσεϐείας
706 3459 1004 3529 μυστήριον
1072 3453 1159 3510 ἐπὶ
1228 3454 1428 3531 μαγείᾳ
1502 3451 1801 3508 σπουδάσαι

173 3537 460 3615 διαϐαλεῖν,
524 3541 774 3618 διασῦραί
828 3564 886 3599 τε
946 3541 1019 3599 δι’
1069 3545 1251 3599 αὐτῶν
1314 3545 1382 3599 τα
1438 3543 1560 3616 περὶ
1618 3544 1805 3617 ψυχῆς

174 3629 449 3696 ἀθανασίας
518 3633 609 3688 καὶ
673 3637 879 3709 νεκρῶν
966 3634 1302 3695 ἂναστάσεως
1385 3630 1809 3704 ἐκκλησιαστικὰ

177 3716 437 3794 δόγματα.

777 4016 1033 4068 ΚΕΦΔΛ.
1076 4013 1179 4069 ll".

345 4118 501 4194 Περὶ
540 4125 657 4187 τῆς
696 4122 824 4173 τῶν
866 4112 1267 4175 Ἐϐιοναιων
1309 4117 1661 4194 αἱρέσεως.

252 4224 313 4277 Οἱ
344 4226 435 4297 μὲν
485 4225 578 4280 οὗν
625 4224 799 4290 οὕτως
844 4225 1055 4296 ἀπάτης
1114 4227 1268 4301 εἶχον
1304 4245 1316 4260 ·
1377 4223 1551 4302 ἕτεροι
1602 4225 1659 4284 δὲ
1714 4236 1815 4299 τῆς

185 4312 300 4375 περὶ
353 4313 441 4368 τὸν
490 4315 718 4388 Χριστὸν
769 4311 1054 4376 διαθέσεως
1113 4315 1202 4369 τὸν
1253 4320 1386 4371 Θεοῦ
1438 4319 1561 4371 Υιὸν
1620 4318 1816 4383 ἱκανῶς

185 4396 481 4457 ἀποσπασαι
546 4404 622 4475 μή
667 4400 910 4478 ἔχοντες,
961 4403 1150 4471 εὐτελῆ
1206 4401 1444 4477 δοξάζειν
1497 4406 1621 4479 περὶ
1652 4406 1816 4462 αὐτοῦ

185 4485 517 4562 εἶσηγοῦντο.
562 4487 916 4554 Ἐϐιωναίους
964 4491 1195 4556 τούτους
1224 4492 1275 4546 οἶ
1323 4494 1430 4565 πρὸ
1477 4495 1641 4566 ἡμῶν
1685 4494 1816 4551 ὠνό-

189 4597 369 4646 μασαν.
419 4580 691 4650 Τοιαύτης
738 4580 786 4635 δ’
834 4578 1027 4656 ἔτυχον
1068 4581 1463 4657 προσηγτρίας,
1533 4582 1813 4662 εὐστόχως

1914 3372 2030 3424 tur.
2069 3388 2097 3417 »
2127 3366 2342 3425 Verum
2394 3366 2689 3422 enimvero
2738 3364 3037 3421 diabolica
3088 3363 3257 3435 plane
3299 3365 3404 3419 hoc
3434 3366 3558 3418 erat

1916 3457 2183 3517 solertiae,
2219 3471 2316 3526 per
2362 3454 2504 3509 tales
2535 3469 2754 3525 magos,
2798 3452 2895 3524 qui
2925 3451 3388 3507 Christianorum
3421 3449 3556 3518 sibi,

1917 3551 2225 3618 pretextus
2256 3543 2460 3615 gratia,
2515 3558 2727 3597 nomen
2769 3540 3182 3612 sumpsissent,
3213 3538 3434 3611 ingenti
3467 3538 3558 3593 di-

1916 3636 2062 3692 vine
2109 3631 2337 3704 pietatis
2393 3630 2669 3703 mysterio
2738 3629 3091 3701 magicarum
3137 3626 3558 3700 priestigiarum

1917 3725 2122 3782 inuere
2140 3720 2521 3782 calumniam,
2561 3725 2737 3792 atque
2766 3719 3164 3775 ecclesiastica
3213 3718 3283 3773 de
3320 3717 3556 3774 anima-

1920 3830 2052 3871 rum
2102 3809 2539 3869 immortalitate
2593 3816 2647 3866 et
2720 3814 3078 3865 mortuorum
3139 3807 3562 3864 resurrectione

1923 3905 2191 3975 dogmata
2219 3899 2519 3957 traducere
2547 3903 2717 3970 atque
2756 3902 3026 3955 evertere.

2543 4004 2779 4063 CAPUT
2809 4004 2958 4061 XIII.

2360 4116 2433 4172 De
2500 4115 2694 4172 heresi
2733 4113 3130 4169 Ebionitarum.

1997 4227 2183 4297 Atque
2238 4224 2322 4278 illi
2355 4224 2589 4295 quidem
2640 4223 2719 4277 ita
2751 4221 3018 4276 homines
3048 4218 3421 4275 seducebant.
3455 4216 3568 4273 Alii

1926 4331 2119 4388 porro,
2150 4329 2280 4369 cum
2332 4311 2596 4368 homines
2642 4327 2676 4365 a
2708 4309 3060 4381 professione
3098 4322 3150 4364 et
3184 4309 3294 4364 fide
3324 4310 3382 4363 in
3413 4305 3574 4362 Chri-

1926 4410 2082 4460 stum
2116 4403 2326 4459 Filium
2363 4401 2459 4457 Dei
2516 4399 2757 4455 omnino
2784 4396 3117 4453 abstrahere
3161 4413 3275 4453 non
3310 4400 3568 4468 possent,

1922 4494 2245 4550 tenuiorem
2279 4492 2350 4547 de
2387 4506 2454 4546 eo
2482 4488 2817 4560 Opinionem
2850 4487 3225 4542 induxerunt.
3276 4485 3577 4541 Ebionaos

1927 4583 2036 4637 hos
2067 4583 2316 4652 majores
2365 4580 2544 4634 nostri
2594 4579 3027 4632 nominarunt:
3073 4575 3283 4643 dignos
3333 4587 3575 4643 prorsus

184 4664 278 4731 τῆν
321 4672 418 4733 τῆς
484 4667 728 4732 διανοίας
791 4670 967 4724 αὐτῶν
1031 4671 1311 4745 πτωχείαν
1370 4669 1782 4745 ὑποφαινούσης

1935 4671 2034 4742 qui
2063 4668 2510 4741 appellationem
2543 4682 2669 4723 eam
2701 4666 3056 4731 obtinerent,
3089 4662 3303 4717 directe
3334 4665 3390 4716 et
3419 4665 3575 4716 certo

192 4751 326 4809 οὕτω
379 4760 482 4834 γὰρ
539 4759 665 4832 παρ’
735 4754 1006 4831 Ἑϐραίοις
1068 4760 1095 4812 ὁ
1152 4759 1377 4832 πτωχὸς
1448 4760 1818 4831 ὀνομάζεται·

192 4841 347 4913 ψιλὸν
392 4847 614 4922 καὶγὰρ
668 4845 955 4922 ἄνθρωπον
1008 4847 1174 4919 μόνον
1221 4849 1314 4902 τὸν
1365 4849 1593 4922 Χριστὸν
1647 4845 1821 4918 έδόξαυ

193 4933 301 5002 ζον,
348 4936 483 4990 κατά
531 4937 821 5009 προκοπὴν
871 4934 1041 5005 ἤθους
1094 4932 1821 5010 δεδικαιωμένον·ἠρμένον

198 5018 283 5088 μὶν
315 5023 402 5077 καὶ
449 5024 840 5099 γεγεννημένον
889 5023 997 5078 ἀπὸ
1047 5024 1278 5098 Μαρίας,
1309 5025 1400 5079 καὶ
1447 5024 1508 5079 ἐκ
1537 5026 1820 5104 συναφείας

189 5111 282 5190 τοῦ
337 5110 539 5190 Ἰωσὴφ
596 5114 697 5181 τὴν
753 5112 936 5189 ἀρχὴν
994 5111 1274 5187 ἐσχηκότα
1307 5132 1319 5144 ·
1372 5113 1458 5168 καὶ
1519 5112 1581 5167 οὐ
1634 5111 1820 5186 ῥᾴδιον

190 5187 365 5271 ἔλεγον
400 5199 487 5257 διὰ
517 5187 687 5275 μόνης
732 5187 1014 5271 meme
1062 5202 1297 5275 Χριστὸν
1342 5200 1574 5264 πίστεως
1617 5208 1821 5279 περιεῖ-

193 5303 272 5337 ναι
301 5288 361 5341 τ³›
402 5292 683 5361 σώζεσθαι,
733 5290 779 5345 εἱ
829 5291 906 5361 μὴ
962 5290 1050 5344 καὶ
1096 5297 1198 5359 τῆς
1244 5298 1475 5363 νομικῆς
1531 5292 1820 5365 θρησκείας

192 5391 270 5433 τις
306 5377 531 5454 μέτοχος
561 5377 672 5449 έίη,
714 5378 967 5448 γάκείνην
1010 5375 1075 5447 δὴ
1117 5381 1216 5447 τήν
1258 5378 1539 5435 πολιτείαν
1594 5381 1817 5451 μέτεισι.

193 5463 293 5523 Τῆς
338 5462 382 5519 δ’
421 5468 584 5537 αὐτῆς
634 5469 889 5542 αἱρέσεως
940 5466 1015 5528 είς
1057 5465 1151 5522 δύο
1206 5464 1567 5542 διῃρημένης,
1621 5470 1672 5523 οἱ
1726 5472 1819 5543 μὲν

194 5554 335 5606 ταῦτ’
382 5549 564 5632 ἔλεγον
597 5577 609 5591 ·
666 5558 719 5612 οἱ
776 5556 834 5611 δὲ
885 5557 1173 5631 προσίεντο
1230 5556 1291 5612 ἐκ
1354 5556 1664 5630 [Ινεῦματος
1725 5559 1818 5626 μὲν

198 5636 346 5712 ἁγίου
374 5645 459 5700 καὶ
488 5654 587 5716 τῆς
622 5646 889 5715 Παρθένου
920 5645 1131 5719 Μαρίας
1174 5648 1523 5722 γεγεννῆσθαι
1567 5647 1819 5722 Χριστὸν,

197 5726 255 5781 οὐ
288 5750 390 5802 μην
432 5735 517 5791 καὶ
566 5736 1002 5811 προϋπάρχοντα
1043 5731 1219 5811 Λόγον
1260 5754 1319 5791 τε
1356 5735 1446 5790 καὶ
1487 5733 1677 5808 σοφίαν
1723 5741 1819 5793 τοῦ

1935 4760 2148 4815 mentis
2177 4773 2379 4814 eorum
2411 4755 2665 4825 inopiam
2697 4758 2754 4807 et
2799 4751 3234 4813 mendicitatem
3275 4748 3576 4805 declaran-

1932 4853 2050 4904 tem
2102 4865 2115 4903 :
2168 4847 2248 4902 ita
2295 4848 2451 4903 enim
2520 4844 2673 4915 apud
2733 4842 3001 4898 Hebreos
3051 4838 3349 4901 mendicus
3411 4853 3578 4893 voca-

1932 4941 2049 4992 tur.
2084 4936 2387 5008 Siquidem
2422 4950 2633 5006 purum
2684 4936 2916 4988 tantum
2951 4928 3244 4984 hominem
3276 4928 3573 4984 Christum

1934 5041 2064 5082 esse
2119 5027 2462 5090 docuerunt,
2498 5037 2723 5078 morum
2759 5018 3096 5090 proliciente
3125 5014 3576 5084 accessioneju-

1932 5116 2248 5173 alificatum
2285 5130 2298 5168 :
2333 5112 2434 5185 qui
2465 5127 2535 5167 ex
2563 5110 2742 5165 Maria
2793 5107 3024 5179 genitus
3056 5106 3309 5179 primum
3338 5104 3577 5160 exstite-

1932 5206 2030 5274 rit,
2062 5208 2120 5260 et
2150 5220 2216 5260 ex
2244 5216 2556 5272 congressu
2586 5196 2817 5269 Josephi
2865 5196 3095 5251 initium
3112 5192 3434 5265 sumpserit
3466 5208 3479 5247 :
3516 5195 3573 5247 et

1932 5301 2227 5366 praeterea,
2278 5291 2431 5362 quod
2475 5305 2590 5345 non
2653 5286 2817 5341 facile
2865 5284 3181 5357 quisquam
3242 5299 3341 5354 per
3392 5282 3575 5337 solam

1931 5384 2107 5438 fidem
2143 5382 2200 5437 in
2240 5380 2536 5437 Christum
2595 5374 2787 5432 salvus
2827 5374 3007 5442 ﬂeret,
3062 5373 3173 5428 nisi
3214 5374 3389 5428 etiam
3431 5369 3577 5441 legis

1931 5470 2309 5526 caeremonias
2339 5471 2618 5532 servaret,
2669 5469 2726 5519 et
2754 5479 2879 5518 eam
2931 5462 3158 5517 vivendi
3194 5461 3473 5515 rationem
3515 5473 3577 5514 se

1932 5565 2225 5632 queretur.
2253 5557 2465 5614 Haeresi
2498 5555 2605 5610 hac
2636 5560 2692 5609 et
2714 5558 2870 5609 secta
2903 5551 2958 5606 in
2990 5553 3136 5606 duas
3161 5556 3352 5622 partes
3383 5550 3571 5604 disse-

1932 5654 2044 5716 cta,
2071 5647 2234 5705 alteri
2266 5647 2528 5719 quidem,
2551 5659 2680 5715 qua
2714 5641 2882 5698 modo
2931 5640 3207 5708 diximus,
3241 5642 3577 5706 senserunt,

1926 5738 2097 5799 alteri
2146 5742 2342 5798 autem
2398 5734 2765 5796 admiserunt
2810 5731 3048 5804 quidem
3101 5727 3211 5805 illi,
3240 5746 3310 5789 ex
3361 5728 3579 5801 Spiritu
