4032 6282
445 391 562 453 923

1747 383 2165 450 NICEPHORI
2209 380 2566 446 CALLISTI

3718 384 3837 446 924

445 528 646 581 macto
666 527 722 581 et
751 522 926 579 Maria
956 521 1178 594 virgine
1206 520 1500 576 Christum
1515 523 1715 576 natum
1747 535 1893 585 esse,
1915 536 2088 577 eum-

2204 515 2444 590 ἀνάρχου
2475 514 2612 569 εἶναι
2653 517 2806 572 Θεοῦ.
2851 513 3144 570 Κάντεῦθεν
3183 514 3270 572 καὶ
3325 515 3474 570 οὗτοι
3511 520 3579 588 τῇ
3627 514 3838 569 ἐκείνων

439 615 574 670 dem
639 619 828 669 autem
856 611 1011 684 quod
1043 616 1215 667 antea
1255 611 1326 666 ab
1359 617 1570 666 a-terno
1595 609 1790 676 fuerit,
1827 609 2080 664 Verbum

442 709 502 760 et
533 703 878 775 sapientiam
914 701 1198 774 principio
1239 706 1492 757 carentis
1522 706 1577 756 et
1608 702 1801 757 salerni
1838 700 1935 756 Dei
1966 715 2089 755 esse

441 797 854 865 pernegarunt.
889 791 1255 862 Proindeque
1285 796 1341 846 et
1369 790 1407 844 ii
1440 791 1498 845 in
1549 792 1747 846 eadem
1782 806 1915 845 eum
1950 789 2092 843 alte-

438 881 520 936 ris
544 881 654 937 illis
683 880 883 937 versati
955 886 1093 936 sunt
1121 879 1440 950 impietate.
1479 881 1680 935 Itidem
1711 877 2086 945 enim,uti|li,

439 970 582 1040 legis
613 969 834 1026 cultum
880 975 939 1026 et
981 971 1438 1026 observationem
1487 969 1802 1040 plurimum
1834 968 2088 1040 comple-

433 1061 761 1116 ctebantur.
818 1059 1004 1116 Illicet
1039 1068 1090 1114 et
1126 1059 1378 1128 Apostoli
1403 1059 1678 1127 epistolas
1701 1075 1926 1126 omnes,
1951 1075 2090 1130 apo-

439 1154 650 1206 statam
681 1155 736 1204 et
767 1150 1116 1204 desertorem
1159 1148 1397 1202 Paulum
1437 1147 1818 1216 appellantes,
1852 1147 2081 1215 rejicie-

441 1239 586 1294 bant
617 1255 630 1293 :
664 1243 722 1293 et
751 1237 853 1293 soli
887 1239 1037 1306 quod
1071 1237 1394 1292 secundum
1432 1237 1696 1291 Hebraeos
1727 1239 1870 1304 erat,
1905 1235 2088 1290 Evan-

437 1328 588 1400 gelio
656 1328 950 1382 adhmrere
1011 1325 1472 1397 perseverabant.
1507 1329 1572 1378 Et
1601 1341 1736 1380 cum
1769 1324 2088 1379 Sabbatum

439 1418 734 1490 aliamque
793 1435 994 1474 eorum
1053 1417 1516 1473 observationem
1566 1431 1792 1471 omnem
1825 1431 1891 1470 ex
1921 1431 2088 1486 aequo

2198 601 2617 679 περιετρέποντο
2677 598 2916 674 ἀσεϐείᾳ.
2975 603 3205 675 Ἐπίσης
3265 606 3368 682 γὰρ
3433 604 3699 666 κάκείνοις
3754 604 3844 656 καὶ

2199 695 2350 750 οὗτοι
2397 694 2498 761 τήν
2545 693 2686 748 κατὰ
2735 694 2905 768 νόμον
2956 691 3206 768 λατρείαν
3255 695 3330 757 ὡς
3360 693 3616 750 πλεῖστον
3664 695 3848 768 περιέ-

2197 805 2388 848 ποντες
2434 783 2592 852 ἦσαν.
2640 781 2864 857 Ἀμέλει
2903 805 2988 839 τοι
3029 783 3120 838 καὶ
3170 785 3344 846 πάσας
3394 783 3489 858 μὲν
3538 787 3635 839 τοῦ
3682 789 3846 840 Ἀπο-

2200 873 2400 928 στόλου
2455 873 2550 934 τὰς
2591 871 2884 935 ἐπιστολάς
2925 871 3260 940 ἀπεσείοντο,
3311 873 3622 944 ἀποστάτην
3653 894 3711 927 τε
3751 876 3840 928 τὸν

2199 961 2422 1018 Παῦλον
2455 961 2708 1033 ἐκάλουν,
2761 963 2913 1036 μόνῳ
2956 960 3012 1018 δὲ
3039 967 3118 1035 τῷ
3155 964 3274 1018 καθ’
3319 957 3616 1037 Ἐϐραίους
3667 962 3842 1036 Εὐαγ-

2197 1051 2371 1128 γελίῳ
2413 1049 2687 1108 διετέλουν
2748 1054 3212 1127 προστετηκότεςο
3245 1056 3336 1110 καὶ
3383 1055 3447 1109 τὸ
3483 1054 3577 1128 μὲν
3628 1047 3844 1108 EJ362-

2195 1162 2288 1198 τον
2352 1142 2440 1197 καὶ
2508 1144 2612 1211 τὴν
2681 1140 2861 1212 ἄλλην
2927 1143 3107 1198 αὐτῶν
3193 1145 3570 1218 παρατήρησιν
3659 1142 3842 1210 ἐπίσης

2197 1231 2421 1296 ἐκείνοις
2474 1231 2782 1308 ἐφύλαττον
2821 1251 2835 1266 ’
2886 1233 3288 1307 παραπλησίως
3340 1231 3386 1288 δ’
3435 1236 3571 1306 ἡμῖν
3617 1233 3710 1287 καὶ
3754 1233 3846 1297 τΞις

2198 1323 2467 1396 Κυριακᾶς
2501 1321 2703 1396 ἐτίμων
2739 1323 2814 1384 εἰς
2859 1325 3082 1397 μνήμην
3133 1331 3230 1394 τῆς
3277 1327 3376 1378 τοῦ
3423 1327 3666 1399 Χριστοῦ
3711 1322 3844 1376 ἀνα-

2205 1413 2468 1474 στάσεως.

443 1526 577 1566 cum
611 1510 725 1565 illis
775 1517 1088 1578 servarent,
1155 1507 1542 1564 nihilominus
1577 1511 1634 1562 et
1690 1505 1990 1562 nobiscum
2051 1505 2380 1561 Deminicos
2441 1505 2565 1560 dies
2617 1505 2691 1560 ad
2747 1504 2961 1561 Christi
3011 1507 3454 1562 resurrectionis
3508 1505 3849 1562 memoriam

447 1599 736 1655 colebant.

979 1725 1132 1782 2-18
1165 1723 1391 1780 CAPUT
1419 1723 1558 1780 XIV.

861 1833 934 1889 De
978 1831 1236 1888 Cerintho
1293 1829 1675 1888 haeresiarcha.

2847 1728 3100 1780 ΚΕΦΑΛ.
3145 1723 3243 1779 ΙΔ’.

2415 1828 2572 1903 Περὶ
2613 1827 2954 1903 Κηρίνθου
2991 1833 3108 1886 τοῦ
3148 1830 3636 1906 αἱρεσῖάρχου.

514 1959 730 2017 Eadem
777 1963 945 2016 etate
1008 1965 1065 2016 et
1111 1959 1447 2016 Corinthum
1497 1959 1810 2031 quemdam
1855 1956 2089 2014 alterius

2269 1957 2344 2026 Τῇ
2397 1949 2444 2008 δ’
2493 1955 2630 2028 αὖτῇ
2683 1959 2780 2011 τοῦ
2823 1957 3030 2032 χρόνου
3077 1960 3219 2037 (ρορᾷ
3264 1955 3356 2011 καὶ
3407 1953 3678 2028 Κήρινθόν
3731 1972 3850 2006 τινα

444 2049 686 2105 haeresis
718 2049 926 2106 ducem
959 2049 1155 2117 fuisse,
1190 2049 1440 2121 scriptor
1467 2047 1898 2105 ecclesiasticus
1920 2048 2090 2104 Caius

445 2142 880 2208 commemorat,
901 2139 986 2195 ita
1014 2140 1212 2195 dicens
1239 2155 1252 2192 :
1285 2161 1314 2189 α
1339 2138 1452 2194 Sed
1472 2143 1529 2194 et
1547 2138 1857 2195 Cerinthus
1879 2153 1978 2209 per
2008 2153 2089 2193 re-

444 2229 765 2286 velationes
793 2228 953 2284 velut
983 2247 1017 2285 a
1048 2245 1258 2300 magno
1293 2227 1550 2298 apostolo
1582 2227 1847 2299 scriptas,
1877 2227 2091 2282 verbo-

447 2335 578 2374 rum
615 2324 874 2390 portenta
895 2319 1064 2374 nobis
1095 2328 1371 2389 tanquam
1399 2335 1497 2388 per
1525 2317 1761 2389 angelos
1799 2317 1850 2372 ei
1882 2316 2094 2372 tradita

448 2407 730 2464 mentitus
759 2408 1005 2470 inducit.
1039 2412 1168 2476 post
1191 2407 1676 2462 resurrectionem
1698 2411 1965 2462 astruens
1987 2410 2096 2460 ter-

451 2513 661 2553 renum
712 2498 974 2554 futurum
1034 2495 1251 2552 Christi
1319 2512 1587 2567 regnum,
1639 2503 1694 2551 et
1739 2495 2004 2550 homines
2032 2493 2092 2549 in

449 2601 620 2643 carne
680 2587 1182 2643 conversationem
1237 2585 1653 2656 cupiditatibus
1707 2584 2094 2649 voluptatibus

447 2679 768 2747 subjectam
801 2676 993 2734 denuo
1021 2679 1172 2749 apud
1195 2675 1523 2733 Jerusalem
1551 2676 1874 2731 habituros.
1904 2679 2093 2746 Atque

446 2782 576 2824 cum
607 2783 908 2822 sacrarum
955 2767 1056 2823 Dei
1086 2767 1518 2838 Scripturarum
1551 2765 1628 2820 sit
1675 2764 1884 2831 hostis,
1918 2765 2096 2820 sedu-

420 2855 870 2913 cere-homines
893 2855 1113 2926 volens,
1135 2854 1294 2910 mille
1323 2864 1513 2910 tamen
1537 2871 1824 2910 annorum
1859 2855 2096 2925 nuptia-

449 2962 582 3001 rum
643 2945 1076 3001 celsbritatibus
1127 2945 1483 3000 destinatum
1543 2946 1714 2999 refert
1763 2943 1866 3014 (l).
1902 2964 1930 2992 »
1963 2945 2098 3012 Ejus

452 3033 632 3089 etiam
661 3033 974 3102 Dionysius
1032 3035 1455 3090 Alexandrinus
1483 3034 1542 3089 in
1573 3034 1830 3089 secundo
1858 3033 2099 3088 Promis-

448 3121 668 3177 sionum
695 3123 767 3178 de
793 3121 1040 3179 Joannis
1064 3123 1408 3195 Apocalypsi
1437 3122 1586 3178 libro
1617 3121 1914 3178 meminit:
1939 3145 1967 3173 «
1992 3121 2096 3178 Ce-

449 3210 730 3274 rintbum,
761 3211 981 3277 dicens,
1015 3211 1116 3282 qui
1147 3217 1204 3266 et
1233 3229 1266 3266 a
1296 3227 1358 3266 se
1389 3211 1751 3266 nominatam
1783 3211 2099 3266 Cerinthia~

449 3315 586 3355 nam
637 3301 903 3356 haeresim
961 3301 1244 3371 instituit,
1301 3301 1656 3373 condignum
1698 3302 2094 3374 idoneumque

2204 2041 2384 2113 ἄλλης
2451 2042 2710 2116 αἱρέσεως
2786 2043 3034 2122 ἀρχηγὸν
3120 2047 3282 2108 Γάῖος
3366 2041 3849 2114 ἐκκληστιαστικός

2207 2134 2342 2208 ἀνὴρ
2374 2133 2580 2209 ἱστορεῖ
2598 2137 2840 2210 γενέσθαι
2867 2155 2880 2167 ·
2917 2158 2942 2190 α
2973 2134 3148 2194 Ἀλλά
3170 2135 3261 2191 καὶ
3289 2135 3554 2209 Κήρινθος
3575 2134 3603 2188 ὁ
3625 2130 3697 2186 δι’
3719 2133 3848 2186 ἀπο-

2206 2225 2494 2300 καλύψεων
2527 2227 2602 2289 ὡς
2653 2227 2756 2282 ὑπὸ
2803 2226 3120 2283 ἀποστόλου
3168 2227 3410 2300 μεγάλου
3458 2223 3847 2301 γεγραμμένων

2204 2314 2596 2392 τερατολογίας
2626 2319 2763 2388 ἡμῖν
2793 2317 2867 2378 ὡς
2901 2315 2972 2372 δι’
3001 2315 3251 2394 ἀγγέλων
3281 2317 3430 2388 αὐτῷ
3463 2313 3849 2390 δεδιδαγμένας

2208 2403 2543 2480 ψευδόμενος
2596 2404 2884 2483 ἐπεισάγει,
2945 2407 3142 2482 λέγων,
3207 2407 3342 2478 μετά
3402 2409 3502 2474 τήν
3562 2406 3848 2460 ἀνάστασιν

2211 2495 2446 2570 ἐπίγειον
2481 2495 2614 2550 εἶλαι
2657 2497 2718 2552 τὸ
2763 2495 3035 2570 βασίλειον
3085 2496 3186 2550 τοῦ
3234 2499 3506 2572 Χριστοῦ·
3558 2494 3649 2549 καὶ
3689 2494 3844 2550 πάλιν

2208 2583 2522 2660 ἐπιθυμίαις
2577 2586 2668 2642 καὶ
2727 2585 2948 2657 ἡδοναῖς
3005 2587 3058 2643 ἐν
3113 2587 3484 2662 Ἰερουσαλὴμ
3537 2589 3636 2658 τὴν
3687 2587 3848 2659 σάρκα

2211 2675 2648 2749 πολιτευομένην
2701 2674 2977 2731 δουλεύειν
3009 2696 3020 2708 ·
3065 2677 3155 2730 καὶ
3205 2675 3369 2750 ἐχρὸς
3419 2676 3688 2751 ὑπάρχων
3735 2679 3844 2736 ταῖς

2211 2770 2448 2839 Γραφαῖς
2500 2769 2598 2820 τοῦ
2657 2769 2812 2832 Θεοῦ,
2871 2765 3100 2840 ἀριθμὸν
3170 2763 3480 2842 χιλιοετίας
3557 2765 3608 2820 ἐν
3675 2767 3844 2840 γάμου

2209 2855 2370 2929 ἑορτῇ
2411 2854 2586 2910 θέλων
2631 2853 2839 2926 πλανᾷν
2892 2855 3041 2930 λέγει
3083 2855 3347 2932 γενέσθαι.
3384 2877 3408 2908 a
3461 2860 3567 2912 Τοῦ
3599 2852 3644 2910 δ’
3691 2855 3843 2910 αὐτοῦ

2207 2948 2296 3004 καὶ
2347 2947 2629 3011 Διονύσιος
2679 2947 2707 3002 ὁ
2757 2946 3163 3023 Ἀλεξανδρείας
3217 2948 3493 3022 μέμνηται
3538 2947 3594 3003 ἐν
3637 2945 3840 3018 δευτέρᾳ

2209 3041 2318 3094 τῶν
2377 3037 2758 3116 Ἐπαγγελιῶν
2808 3041 2931 3114 περὶ
2976 3047 3076 3110 τῆς
3121 3039 3372 3096 Ἰωάννου
3421 3039 3830 3110 Ἀποκλῦψεωῌ

2216 3148 2240 3180 ι
2270 3130 2561 3202 Κήρινθον,
2594 3128 2791 3204 λέγων,
2821 3129 2912 3184 τὸν
2950 3149 3043 3184 και
3088 3130 3188 3198 τήν
3232 3129 3322 3184 ἀπ’
3373 3127 3586 3184 ἐκείνου
3631 3126 3845 3197 κληθεῖ-

2211 3237 2303 3271 σαν
2347 3219 2715 3290 Κηρινθιανήν
2771 3216 2973 3292 α’ίρεσιν
3035 3218 3440 3292 συστησάμενον
3477 3259 3493 3286 ,
3549 3217 3846 3288 ἀξιόπιστον

2207 3305 2536 3379 ἐπιφημίσαι
2586 3305 2886 3378 θελήσαντα
2943 3313 3023 3380 τῷ
3081 3309 3274 3364 ἑαυτοῦ
3320 3307 3612 3379 πλάσματι
3657 3305 3844 3377 ὄνομα.

445 3389 722 3457 ﬁgmento
751 3409 858 3448 suo
893 3408 1102 3449 nomen
1145 3391 1258 3447 sibi
1296 3391 1470 3463 vulgo
1519 3409 1786 3457 arrogare
1816 3391 2088 3449 voluisse.

2200 3399 2374 3451 Τοῦτο
2419 3397 2520 3472 γάρ
2575 3396 2711 3452 εἶναι
2769 3404 2871 3467 τῆς
2919 3395 3272 3460 διδασκαλίας
3313 3397 3484 3452 αὐτοῦ
3525 3397 3590 3452 τὸ
3637 3393 3842 3470 δόγμα·

439 3479 774 3549 Disciplina
832 3482 1049 3554 quippe
1104 3483 1234 3552 ejus
1291 3481 1452 3536 illam
1503 3481 1686 3538 fuisse
1742 3483 2087 3552 doctrinam,

445 3569 766 3627 Terrenum
793 3571 891 3627 Dei
924 3587 1168 3643 regnum
1195 3571 1349 3628 fore:
1377 3576 1436 3627 et
1451 3589 1700 3644 quarum
1733 3589 1921 3628 rerum
1949 3573 2090 3645 ipse,

443 3659 544 3731 qui
575 3661 833 3733 corporis
851 3661 939 3716 sui
973 3677 1176 3718 amans
1207 3665 1264 3716 et
1291 3662 1606 3718 admodum
1627 3661 1876 3719 carnalis
1907 3667 2082 3730 esset,

441 3749 753 3821 cupiditate
809 3755 1126 3816 teneretur,
1179 3752 1402 3808 ventris
1447 3751 1734 3822 videlicet,
1792 3756 1850 3808 et
1887 3769 2088 3809 earum

448 3855 577 3910 quas
607 3839 716 3895 sub
737 3845 936 3896 ventre
983 3845 1126 3895 sunt
1159 3839 1412 3910 partium
1455 3841 1774 3912 voluptatis
1798 3845 1854 3896 et
1877 3841 2090 3897 exube-

445 3927 667 3994 rantia,
700 3929 762 3983 in
791 3927 876 3984 eis
907 3934 1188 4000 tanquam
1222 3931 1281 3984 in
1307 3929 1528 3985 somnis
1569 3929 1750 3986 vitam
1779 3938 2080 4002 peractum

444 4011 516 4068 iri
542 4029 558 4068 :
588 4014 697 4070 boo
725 4019 833 4080 est,
867 4017 926 4072 in
959 4018 1170 4087 epulis,
1193 4017 1742 4089 compotationibus,
1775 4019 2086 4089 eonjugiis,

443 4105 502 4159 et
529 4103 748 4174 quibus
773 4104 897 4161 hac
919 4104 1322 4176 plausibiliora
1343 4105 1803 4178 gratiosioraqus
1825 4107 1944 4163 fore
1973 4107 2088 4164 lar-

445 4191 693 4263 giusque
723 4197 1074 4264 proventura
1106 4192 1555 4266 pulavit,diebus
1574 4194 2086 4268 festis,sacriﬁciis,

443 4285 503 4338 et
546 4281 915 4338 victimarum
964 4283 1442 4339 mactationibus.
1497 4303 1528 4332 κ
1568 4282 1697 4339 Hec
1752 4283 2085 4356 Dionysius.

441 4375 693 4428 Irenaaus
744 4380 960 4440 autem,
1011 4388 1142 4428 cum
1186 4371 1303 4429 alia
1345 4371 1520 4428 etiam
1576 4371 1744 4444 plura
1789 4374 2089 4446 vertiginis

443 4460 615 4533 plena
644 4460 1030 4518 deliramenta
1060 4461 1193 4534 ejus
1223 4461 1281 4518 in
1310 4461 1498 4533 primo
1531 4461 1736 4518 Contra
1762 4461 1997 4520 har-eses
2027 4463 2090 4520 li-

441 4550 546 4608 bro
579 4551 902 4624 proposuit,
929 4555 1052 4608 tum
1081 4553 1142 4606 in
1172 4551 1341 4608 tertio
1391 4551 1657 4624 ejusdem
1699 4554 1890 4625 operis
1921 4555 1992 4610 de
2020 4571 2088 4612 eo

443 4642 726 4698 memoria
773 4641 1012 4714 dignam
1070 4639 1374 4698 historiam
1423 4645 1709 4713 recenset,
1749 4659 1926 4712 quam
1984 4661 2086 4715 per

440 4731 816 4788 traditionem
857 4731 1155 4804 Polycarpi
1201 4731 1484 4804 Smyrnaei
1535 4733 1793 4806 episcOpi
1821 4750 1884 4792 se
1915 4751 2088 4793 acce-
2116 4716 2163 4780 D

440 4822 598 4894 pisse
635 4821 794 4879 dicit.
826 4823 968 4878 Cum
1000 4838 1252 4894 namque
1289 4822 1600 4893 aliquando
1627 4823 1912 4881 Joannem
1944 4832 2086 4898 apo-

443 4913 648 4969 stolum
697 4913 904 4970 balneo
957 4912 1042 4968 uti
1117 4918 1426 4985 oporteret,
1485 4919 1544 4970 et
1591 4930 1724 4970 cum
1775 4915 1902 4985 jam
1946 4915 2088 4972 illuc

435 5003 810 5076 ingressurus
881 5001 1220 5058 Corinthum
1283 5003 1444 5059 intus
1507 5019 1637 5060 esse
1695 5005 2084 5076 cognovisset,

437 5103 656 5166 quanta
685 5093 874 5166 potuit
902 5091 1352 5150 celeritateinde
1383 5093 1614 5164 refugit,
1645 5110 1714 5149 ne
1739 5094 1851 5149 sub
1879 5096 2085 5152 eodem

438 5183 676 5254 quidem
733 5185 886 5238 tecto
937 5198 1054 5238 una
1110 5197 1245 5236 cum
1305 5180 1403 5238 illo
1436 5197 1672 5238 manere
1695 5181 1924 5253 justum
1955 5199 2086 5240 esse

2195 3483 2430 3561 ἐπίγειον
2488 3480 2700 3541 ἔσεσθαι
2758 3487 2870 3555 τὴν
2925 3490 3020 3541 τοῦ
3063 3491 3200 3542 Θεοῦ
3253 3484 3534 3561 βασιλείαν
3569 3504 3583 3518 ·
3633 3485 3725 3538 χαί
3773 3484 3843 3537 ὧν

2193 3573 2354 3637 αὐτὸς
2399 3573 2664 3651 ὠρέγετο,
2709 3574 3103 3655 φιλοσώματος
3144 3576 3216 3632 ὥν
3258 3574 3349 3632 καὶ
3385 3577 3523 3631 πάνυ
3576 3574 3840 3647 σαρκικὸς,

2193 3662 2244 3718 ἐν
2299 3661 2516 3725 τοῦτοις
2573 3663 2960 3738 ὀνειροπολεῖν
3021 3661 3230 3720 ἔσεσθαι
3283 3665 3516 3739 γαστρὸς
3587 3665 3678 3719 καὶ
3736 3666 3837 3718 τῶν

2195 3751 2298 3807 ὑπὸ
2353 3751 2587 3827 γαστέρα
2673 3751 3042 3826 πλησμονῶν,
3102 3755 3246 3809 τοῦτ’
3304 3752 3415 3809 ἔστι
3475 3751 3672 3814 σιτίοις
3751 3751 3834 3805 καί

2191 3848 2385 3906 ποτοῖς
2425 3841 2514 3897 καὶ
2561 3844 2802 3919 γάμοις’
2857 3844 2948 3898 καὶ
2997 3841 3068 3898 δι’
3115 3844 3189 3898 ὦν
3246 3843 3620 3920 εὐφημότερον
3674 3845 3831 3896 ταῦτα

2193 3929 2350 4005 ᾤήθη
2411 3934 2742 4006 ποριεῖσθαι,
2803 3933 3016 4008 ἑορταῖς
3067 3935 3159 3988 καὶ
3229 3934 3438 3998 θυσίαις
3487 3933 3578 3990 καὶ
3624 3930 3823 4003 ἱερείων

2192 4026 2460 4097 σφαγαῖς.
2498 4047 2528 4074 ››
2582 4023 2684 4078 Καὶ
2734 4023 3014 4087 Διονύσιος
3062 4024 3156 4096 μὲν
3203 4028 3405 4079 ταῦτα·
3442 4024 3723 4097 Εἰρηναῖος
3751 4019 3820 4091 δὲ,

2190 4109 2282 4165 καὶ
2327 4109 2502 4174 ἄλλας
2553 4111 2778 4187 ἰλίγγου
2828 4111 3060 4187 πλήρεις
3111 4113 3397 4192 φαντασίας
3451 4110 3505 4168 ἐν
3532 4115 3601 4186 τῇ
3647 4111 3822 4185 πρώτῃ

2189 4203 2298 4255 τῶν
2341 4201 2519 4273 Πρὸς
2567 4202 2684 4262 τὰς
2731 4201 3029 4275 αἱρέσεις
3075 4201 3434 4276 προθέμενος,
3466 4200 3520 4257 ἔν
3556 4205 3632 4273 τῷ
3668 4199 3820 4269 τρίτῳ

2190 4296 2292 4360 τῆς
2322 4289 2488 4345 αὐτοῦ
2540 4290 2913 4368 πραγματείας
2957 4291 3047 4346 καὶ
3096 4289 3276 4362 ἄλλην
3323 4293 3458 4362 ἡμῖν
3507 4291 3628 4366 περὶ
3674 4288 3819 4344 αὐτοῦ

2192 4375 2372 4450 λήθης
2405 4379 2647 4453 ἱστορίαν
2704 4380 2808 4435 οὐκ
2858 4378 3007 4453 ἂξίαν
3056 4379 3296 4459 ἐπιφέρει
3323 4399 3335 4412 ·
3389 4381 3456 4452 ἢν
3501 4381 3560 4436 ἐκ
3601 4373 3818 4451 παραδόο

2192 4487 2328 4530 σεως
2385 4465 2755 4544 Πολυκάρπου
2807 4469 2910 4525 τοῦ
2971 4471 3298 4544 Σμυρναίων
3347 4466 3642 4526 ἐπισκόπου
3683 4465 3813 4540 ἔχειν

2191 4557 2392 4638 φησίν
2444 4557 2518 4620 ὡς
2566 4557 2753 4634 χρείας
2793 4563 3114 4634 γενομένης,
3164 4564 3253 4614 τὸν
3305 4557 3609 4615 ἀπόστολον
3653 4556 3810 4614 Ὶωᾶν-

2191 4665 2290 4716 νην
2327 4646 2595 4720 βαλανείῳ
2633 4650 2942 4722 χρήσασθαι
2973 4667 2987 4679 ·
3019 4647 3212 4722 γνόντα
3244 4645 3320 4719 δὲ,
3360 4645 3454 4722 [ἐν]
3493 4651 3570 4720 τῷ
3611 4643 3808 4720 μέλλειν

2195 4733 2438 4805 εἰσιέναι,
2500 4738 2768 4810 Κήρινθον
2827 4733 2974 4792 ἔνδον
3033 4732 3180 4799 ὄντα,
3239 4735 3434 4810 θύραζε
3483 4735 3607 4792 ὅσον
3658 4736 3809 4812 τάχος

2197 4825 2352 4888 αὗθις
2389 4824 2760 4897 ἀναπηδῆσαι,
2815 4823 2957 4901 μηδὲ
2999 4833 3102 4896 τῆς
3147 4825 3313 4881 αὐτοῦ
3359 4827 3557 4902 στέγης
3601 4821 3810 4898 μεταλα-

2198 4921 2319 4995 χεῖν
2354 4913 2544 4990 ἐκείνῳ
2603 4914 2808 4972 ’δίκαιον
2859 4916 3146 4991 κρίναντα·
3199 4915 3594 4993 εἰσηγήσασθαί
3638 4934 3693 4968 τε
3732 4911 3809 4966 καὶ

2193 5010 2312 5067 τοῖς
2347 5006 2465 5078 μετ’
2497 5007 2664 5061 αὐτοῦ
2695 5010 2878 5076 τοῦτο,
2926 5005 3222 5082 Φῦγωμεν,
3271 5005 3610 5071 ἐπειπόντος,
3649 5003 3716 5076 μὴ
3758 4999 3814 5054 τὸ

2200 5093 2490 5170 βαλανεῖον
2521 5096 2656 5169 ἡμῖν
2714 5095 2988 5172 συμπέσῃ,
3040 5092 3191 5152 ἔνδον
3240 5089 3396 5158 ὄντος
3448 5094 3704 5170 Κηρίνθου
3731 5091 3816 5145 τοῦ

2193 5190 2294 5254 τῆς
2327 5183 2587 5254 ἀληθείας
2617 5185 2842 5260 ἐχθροῦ.

443 5272 762 5344 opinatus:
796 5273 950 5344 quod
1003 5273 1178 5329 etiam
1211 5273 1282 5328 iis
1335 5273 1432 5344 qui
1461 5289 1594 5329 cum
1648 5289 1714 5329 eo
1771 5277 1938 5331 erant
1991 5275 2328 5348 persuasit:
2382 5276 2721 5350 Fugiamus,
2753 5278 3042 5351 inquiens,
3085 5294 3156 5334 ne
3218 5278 3494 5335 balneum
3553 5273 3817 5338 concidat,

439 5364 501 5420 in
533 5381 648 5436 quo
687 5365 944 5422 veritatis
971 5363 1250 5422 inimicus
1278 5363 1588 5421 Corinthus
1617 5363 1792 5423 lavat.

507 5550 590 5624 (l)
612 5549 1010 5609 Chiliastarum
1033 5550 1154 5609 sive
1181 5550 1644 5609 Millenariorum
1667 5551 1853 5625 origo.
