4032 6282
166 430 305 489 925

818 566 1081 622 ΚΕΦΑΛ.
1125 570 1223 622 ΙΕ’.

170 669 353 749 Περῌὶ
393 676 511 749 τῆς
550 670 866 749 αςιρέσεως
905 676 1031 749 τῶν
1079 671 1461 749 λεγομένων
1493 672 1833 749 ΔΝικολαΐ-

244 743 412 832 τςὺν,
455 743 539 804 ὡς
576 743 700 833 diri:
741 744 1104 811 Νικολάου,
1147 743 1290 807 ε’νὸς
1329 750 1454 800 τῶν
1492 744 1651 800 ἒπτά
1690 743 1832 800 δια-

246 835 492 878 κονων,
533 835 833 886 συνεστη.

246 921 403 994 Πρὸς
444 920 659 984 τούτοις
713 921 941 992 τετάρτη
1000 921 1106 977 ἀπὸ
1166 921 1415 996 Σίμωνος
1473 922 1560 977 ἐπὶ
1617 922 1827 997 βραχὺν

165 1010 392 1083 χρόνον
418 1011 507 1064 καὶ
538 1013 574 1081 ἡ
618 1010 958 1066 Νικολαϊτῶν
1012 1009 1286 1087 λεγομένη
1319 1011 1522 1087 αἶ’ρεσις
1568 1012 1829 1087 ἀνεφάνη,

163 1101 238 1168 ἧς
271 1099 369 1153 καὶ
424 1100 677 1170 Ἰωάννης
724 1100 775 1156 ἑν
810 1105 878 1174 τῇ
929 1101 1298 1175 Ἀποκαλύψει
1342 1101 1525 1173 μνείαν
1571 1106 1826 1156 ποιεῖται.

165 1186 462 1261 Ἀρχηγὸς
493 1185 549 1241 δὲ
578 1189 780 1258 ταύτης
825 1187 1095 1250 Νικόλαος
1126 1189 1216 1259 ἦν,
1250 1188 1330 1249 εἷς
1375 1192 1483 1243 τῶν
1516 1190 1648 1260 μετὰ
1699 1193 1829 1241 Στε-

164 1276 356 1353 φάνου
385 1276 472 1331 ἐπὶ
519 1280 588 1350 τῇ
620 1283 727 1333 τῶν
776 1276 967 1332 ἐνδεῶν
1017 1277 1270 1348 θεραπείᾳ
1302 1276 1353 1331 ἐν
1403 1281 1521 1339 ταῖς
1571 1278 1828 1351 Πράξεσιν

167 1365 421 1438 ἱστορίας
466 1365 735 1438 ἀξιωθείς.
787 1368 956 1427 Οὗτος
1011 1370 1327 1443 τοιγαροῦν,
1379 1365 1455 1428 ὡς
1507 1366 1536 1420 ὁ
1575 1364 1830 1435 Ἀλεξαν-

166 1451 338 1529 δρεὺς
372 1452 605 1528 Κλήμης
636 1455 688 1510 ἐν
720 1460 799 1527 τῷ
829 1456 997 1532 τρίτῳ
1028 1457 1158 1535 φησί
1193 1455 1825 1530 Στρωματεῖ,ὡραίαν

165 1540 326 1618 ἔχων
360 1550 589 1618 γυναῖκα
621 1544 755 1620 μετᾶ
800 1548 899 1616 τήν
930 1550 1030 1600 τοῦ
1078 1549 1339 1620 Σωτῆρος
1371 1542 1641 1618 ἀνάληψιν
1688 1545 1825 1619 πρὸς

163 1638 283 1688 τῶν
344 1632 666 1689 ἀποστόλων
723 1634 1058 1705 ζηλοτυπίαν
1114 1632 1449 1703 ὀνειδισθεὶς,
1506 1632 1595 1688 ἐπὶ
1656 1634 1826 1705 μέσης

166 1721 350 1793 αὐτὴν
406 1724 644 1801 ἀγαγὼν,
674 1732 852 1801 γῆμαι
909 1724 1069 1781 παντί
1123 1746 1203 1799 τῳ
1261 1723 1629 1799 προύτρέπετο
1664 1743 1678 1757 ο
1732 1724 1823 1778 καὶ

165 1812 339 1889 ῥῆσιν
396 1817 465 1887 τῇ
522 1813 707 1885 τοιᾷδε
762 1816 951 1888 πράξει
1024 1814 1380 1885 κατάλληλον
1457 1813 1675 1888 ἐπῆγεν,
1738 1812 1819 1868 ὅτι

164 1905 560 1979 παραχρᾶσθαι
593 1901 675 1959 δεῖ
718 1908 789 1969 τῆ
821 1903 980 1979 σαρκί
1013 1923 1025 1937 ·
1075 1904 1229 1979 ὅπερ,
1270 1904 1345 1967 ὡς
1394 1902 1631 1980 ἐγῷμαι,
1666 1899 1816 1957 ούδεν

163 1988 359 2068 ἕτερον
419 1995 574 2067 εἶναι,
626 1995 662 2064 ἢ
720 1996 782 2050 τὸ
860 1996 937 2069 μὴ
995 1997 1365 2069 καταχρᾶσθαι
1433 1994 1769 2068 εἰσηγεῖσθαι
1804 2016 1817 2028 ν

164 2083 343 2138 οἳονεὶ
389 2084 454 2138 τὸ
514 2086 591 2157 μὴ
638 2081 902 2139 ἐνδιδόναι
952 2088 1020 2157 τῇ
1072 2083 1242 2159 ὀρέξει
1296 2089 1404 2139 τῶν
1458 2090 1561 2153 τῆς
1623 2084 1818 2159 σαρκὸς

165 2170 524 2245 θελημάτων.
570 2174 634 2229 Οἱ
683 2170 741 2229 δὲ
783 2176 881 2243 τήν
931 2171 1138 2247 α’ίρεσιν
1191 2172 1353 2228 αὐτοῦ
1407 2173 1697 2246 μετιόντες,
1737 2177 1818 2245 τῷ

158 2263 518 2337 γεγενημένῳ
559 2263 649 2318 καὶ
700 2266 779 2336 τῷ
833 2262 1106 2338 εἰρημένῳ
1161 2261 1337 2338 χωρίς
1381 2283 1524 2324 τινος
1582 2262 1817 2337 βασάνου

161 2350 765 2424 κατακολουθήσαντες,
839 2349 1033 2422 ἀνέδην
1108 2356 1178 2426 τῇ
1250 2351 1474 2426 πορνείᾳ
1551 2356 1811 2426 χρῶνται.

162 2441 359 2496 Καίτοι
389 2462 452 2517 γε
480 2440 645 2517 λόγος
692 2442 783 2498 τὸν
817 2440 1091 2497 Νικόλαον
1124 2443 1200 2513 μή
1248 2463 1352 2497 τινι
1393 2439 1547 2517 ἑτέρᾳ
1595 2442 1720 2516 παρ’
1749 2441 1811 2510 ἣν

162 2526 373 2606 ἔγημεν
427 2531 694 2603 ὁμιλῆσαι
730 2552 744 2565 ο
804 2530 951 2587 ἀλλά
996 2532 1084 2587 καὶ
1143 2532 1196 2587 οἱ
1245 2529 1297 2602 ἐξ
1356 2529 1555 2586 ἐκείνου
1603 2531 1811 2608 φύντες,

163 2620 218 2673 αἱ
274 2622 376 2694 μὲν
436 2621 652 2691 θήλειαι
706 2625 1020 2697 κατεγήρων
1065 2621 1352 2693 παρθενίαν
1404 2621 1659 2676 ἀσκοῦσαι
1695 2641 1709 2655 ο
1756 2621 1808 2676 ἐν

161 2709 402 2787 ἆφθορίᾳ
448 2708 504 2765 δὲ
554 2712 644 2767 καὶ
700 2712 794 2768 τὸν
843 2712 1047 2767 ἐκείνου
1106 2713 1219 2767 υἱὸν
1278 2716 1604 2786 παραμεῖναι
1646 2707 1811 2785 ἔγνω-

165 2819 286 2869 μεν.
319 2800 546 2857 Τούοων
592 2798 638 2855 δ’
688 2799 1180 2876 ὁμολογουμένων,
1229 2799 1399 2857 ἔοικεν
1428 2802 1502 2862 ὡς
1551 2796 1804 2871 ἀποϐολὴ

163 2886 368 2950 πάθους
398 2889 464 2958 ἦν
500 2891 535 2959 ἡ
585 2889 638 2952 ἐς
696 2889 856 2963 μέσον
903 2895 1011 2946 τῶν
1056 2888 1380 2946 ἀποστόλων
1428 2896 1528 2959 τῆς
1575 2888 1810 2960 ζηλοτυ-

163 2979 444 3053 πουμένης
496 2979 827 3055 ἒγκύκλησις
870 2982 1124 3056 γυναικός
1157 2997 1172 3012 '
1220 2981 1310 3036 καὶ
1360 2984 1468 3035 τῶν
1512 2978 1602 3035 διὰ
1646 3001 1809 3036 σπου-

161 3063 260 3136 δῆς
314 3066 528 3138 ἡδονῶν
588 3069 873 3146 ἐγκράτεια
935 3071 998 3125 τὸ
1063 3071 1447 3146 παραχρᾶσθαι
1502 3074 1572 3145 τῇ
1648 3070 1808 3144 σαρκὶ

158 3154 414 3213 ἐδίδασκε
447 3176 461 3190 ⁸
495 3160 572 3231 μὴ
604 3159 707 3233 γὰρ
744 3158 1037 3233 βούλεσθαι
1075 3156 1195 3214 δυσὶ
1242 3161 1453 3230 κυρίοις
1505 3157 1804 3231 δουλεύειν,

155 3249 292 3303 κατὰ
322 3250 425 3317 τὴν
474 3252 571 3304 τοῦ
621 3254 886 3322 Σωτῆρος
935 3247 1187 3319 ἐντολὴν,
1236 3246 1409 3321 ἡδονῇ
1458 3249 1548 3304 καὶ
1598 3250 1803 3323 Κυρίῳ.

159 3339 297 3392 Φασὶ
337 3335 396 3392 δὲ
422 3337 511 3392 καὶ
552 3338 643 3393 τὸν
677 3338 950 3394 Ματθαίαν
1001 3340 1148 3394 οὕτω
1197 3334 1403 3411 διδάξαι
1437 3358 1450 3372 ο
1502 3338 1656 3413 σαρκί
1709 3339 1801 3410 μὲν

161 3426 433 3503 μάχεσθαι
482 3428 571 3482 καὶ
613 3430 996 3507 παραχρᾶσθαι
1050 3427 1219 3501 μηδὲν
1280 3425 1416 3502 αὗτῇ
1475 3429 1612 3499 πρὸς
1665 3425 1803 3499 ἡδο-

154 3518 252 3586 νήν
313 3512 599 3573 ἐνδιδόντα
632 3536 644 3549 ·
706 3520 892 3593 ψυχὴν
939 3515 998 3572 δὲ
1052 3517 1227 3586 αὔξειν
1286 3514 1374 3571 διὰ
1431 3515 1664 3579 πίστεως
1712 3518 1803 3573 καὶ

154 3608 436 3679 γνώσεως.
483 3611 657 3661 Ταῦτα
719 3607 811 3679 μὲν
871 3606 996 3681 περὶ
1051 3610 1159 3662 τῶν
1215 3605 1493 3681 καταρχὰς
1543 3626 1803 3681 παραχα-

156 3700 372 3769 ράττειν
399 3696 493 3750 τὸν
538 3694 718 3766 ἀληθῆ
750 3702 851 3766 τῆς
900 3695 1133 3761 πίστεως
1164 3694 1333 3770 λόγον
1382 3694 1801 3771 ἐπικεχειρηκό-

151 3804 281 3849 των,
336 3786 528 3841 θᾶττον
571 3784 628 3840 δὲ
684 3783 1060 3860 διαρρυέντων,
1114 3783 1393 3857 ἐπιτόμως
1448 3784 1744 3860 εἰρήκαμεν
1781 3806 1795 3821 ο

151 3875 289 3931 κατά
312 3875 505 3951 καιρὸν
536 3872 593 3930 δὲ
620 3896 710 3930 και
735 3876 859 3937 τοὺς
892 3874 1180 3938 λείποντας
1211 3876 1469 3949 θήσομεν.

1200 430 1820 495 ECCLESIASTICJE
1860 432 2255 496 HISTORle
2295 434 2440 498 LIB.
2490 433 2594 497 Ill.

1869 571 1922 637 Α
2485 570 2640 626 244
2673 568 2907 627 CAPUT
2944 570 3054 627 XV.

3476 436 3595 500 926

1940 680 2017 733 De
2046 677 2245 735 haeresi
2290 693 2502 748 eorum,
2534 680 2628 749 qui
2673 678 2959 735 Nicolaitz
3014 679 3295 746 dicuntur,
3330 684 3387 735 ut
3442 697 3509 736 ea
3560 698 3595 739 α

2010 751 2256 817 Νίεοιαο,
2288 765 2398 807 uno
2426 767 2496 806 ea:
2521 759 2725 822 septem
2755 753 3023 821 diaconis,
3054 758 3172 808 orto
3201 752 3476 809 exstiterit

2011 933 2222 989 Pratter
2251 933 2377 997 has,
2409 938 2619 1005 quarta
2652 950 2875 1006 quoque
2904 952 2938 991 a
2970 935 3205 991 Simone
3237 935 3392 991 brevi
3432 945 3586 993 tem—

1941 1038 2095 1093 pore,
2151 1040 2278 1095 qua
2330 1023 2751 1080 Nicolaitarum
2806 1025 3021 1080 dicitur
3070 1026 3330 1095 haeresis,
3355 1026 3587 1097 viguit:

1938 1116 2108 1181 cujus
2136 1112 2471 1169 etJoannes
2538 1114 2595 1169 in
2653 1115 2999 1186 Apocalypsi
3060 1115 3346 1170 meminit.
3374 1118 3593 1171 Auctor

1936 1200 2064 1268 ejus
2098 1200 2204 1255 fuit
2232 1200 2528 1269 Nicolaus,
2560 1216 2758 1256 eorum
2790 1217 2943 1257 unus
2971 1201 3072 1273 qui
3116 1218 3231 1257 una
3270 1217 3405 1257 cum
3448 1201 3581 1258 Ste-

1940 1289 2129 1354 phano
2150 1289 2219 1343 ad
2255 1306 2576 1360 pauperum
2608 1306 2806 1345 curam
2827 1296 2883 1345 et
2914 1290 3306 1346 ministerium
3337 1290 3396 1345 in
3428 1291 3586 1346 Actis

1937 1377 2275 1449 apostolicis
2310 1387 2446 1434 sunt
2504 1377 2728 1436 delecti.
2765 1381 2836 1445 Is,
2869 1385 2934 1435 ut
2990 1380 3415 1436 Alexandrinus
3463 1379 3588 1437 Cle-

1935 1482 2104 1522 mens
2135 1470 2191 1522 in
2224 1468 2396 1523 tertio
2427 1467 2845 1525 Contsxtionum
2875 1469 3022 1526 libro
3053 1472 3154 1538 ait,
3187 1485 3314 1526 cum
3368 1469 3581 1525 formo-

1935 1570 2061 1609 sam
2109 1553 2345 1611 haberet
2398 1572 2658 1624 uxorem,
2689 1558 2859 1629 eique
2923 1561 3055 1628 post
3112 1557 3435 1612 Servatoris
3480 1573 3583 1613 as-

1932 1644 2349 1714 sumptionem,
2383 1646 2454 1700 ab
2486 1644 2762 1717 apostolis
2807 1643 3103 1718 zelotypia
3157 1646 3380 1703 crimen
3418 1646 3583 1718 obje-

1931 1735 2088 1787 ctum
2114 1739 2284 1801 esset,
2309 1735 2365 1788 in
2398 1734 2654 1791 medium
2680 1734 3386 1807 productam,quicunque
3414 1734 3590 1791 vellet

1931 1820 2136 1877 ducere
2167 1839 2294 1878 eam
2320 1824 2499 1893 jussit
2527 1840 2541 1892 ;
2575 1826 2742 1895 eique
2772 1825 2919 1881 facto
2959 1840 3291 1896 congruens
3349 1840 3582 1897 quoque

1932 1911 2146 1981 adjecit
2201 1913 2445 1977 dictum,
2494 1916 2866 1970 Abutendum
2915 1929 3045 1970 esse
3110 1928 3283 1969 carne
3341 1914 3441 1985 (l),
3488 1915 3579 1968 in-

1928 2001 2154 2071 quiens.
2198 2001 2320 2065 Quu
2353 2002 2710 2074 quidemille
2756 2005 2954 2071 verbo,
2984 2007 3049 2057 ut
3094 2018 3200 2074 ego
3257 2008 3417 2074 puto,
3462 2018 3576 2058 non

1929 2087 2109 2156 aliud,
2139 2106 2315 2160 quam
2355 2107 2528 2146 carne
2571 2092 2641 2146 ad
2688 2090 3022 2164 illegitimas
3079 2093 3406 2163 voluptates
3462 2107 3577 2147 non

1928 2180 2232 2247 utendum,
2269 2195 2457 2251 neque
2498 2181 2777 2251 appetitui
2826 2181 3135 2236 libidinum
3191 2181 3317 2251 ejus
3378 2179 3579 2235 indul-

1924 2268 2177 2338 gendum
2210 2284 2338 2324 esse
2369 2268 2713 2325 insinuavit.
2748 2269 2855 2335 Qui
2897 2272 3089 2324 autem
3134 2269 3400 2324 haeresim
3452 2270 3581 2340 ejus

1922 2356 2207 2427 complexi
2235 2362 2393 2425 sunt,
2429 2357 2646 2413 factum
2681 2357 2858 2413 simul
2892 2358 3229 2429 dictumque
3270 2360 3396 2424 ejus
3451 2356 3578 2413 sine

1915 2444 2141 2515 judicio
2176 2447 2380 2507 secuti.
2442 2446 2815 2518 impudenter
2882 2445 3259 2502 fornicatione
3308 2451 3575 2503 utuntur.

1921 2534 2031 2589 Sed
2063 2534 2217 2590 enim
2246 2535 2544 2591 Nicolaum
2578 2552 2714 2592 cum
2746 2535 2905 2593 nulla
2932 2534 3047 2591 alia
3098 2535 3342 2593 muliere
3396 2552 3576 2607 quam

1920 2625 2165 2697 conjuge
2212 2642 2322 2681 sua
2376 2626 2746 2682 consuevisse
2797 2626 2951 2681 fama
3016 2633 3103 2681 est
3157 2641 3172 2680 :
3240 2642 3311 2682 ex
3376 2624 3578 2683 liberis

1920 2729 2089 2784 quos.
2120 2715 2344 2787 genuit,
2377 2716 2604 2771 feminas
2635 2716 2870 2787 quidem
2902 2716 2961 2770 in
2990 2714 3327 2787 virginitate
3364 2730 3578 2772 conse-

1920 2808 2195 2873 nuerunt,
2229 2804 2413 2859 tilium
2446 2810 2637 2860 autem
2670 2806 2728 2859 in
2760 2804 3094 2873 incorrupto
3125 2803 3396 2859 caelibatu
3428 2821 3579 2876 quo-

1919 2907 2033 2962 que
2055 2895 2445 2963 permansisse
2492 2894 2727 2949 scimus.
2763 2894 2897 2958 Quae
2955 2909 3085 2949 cum
3133 2894 3283 2948 citra
3338 2903 3575 2949 contro-

1917 2982 2162 3037 versiam
2191 2984 2273 3039 ita
2300 2999 2363 3039 se
2386 2982 2659 3050 habeant,
2677 2985 2821 3038 satis
2846 2986 3107 3054 apparet,
3130 2981 3284 3052 quod
3315 2980 3410 3038 ille
3434 2998 3570 3037 uxo-

1916 3086 2061 3138 rem,
2095 3076 2329 3143 propter
2358 3089 2532 3144 quam
2572 3074 2870 3145 zelotypus
2917 3074 3078 3127 visus
3132 3075 3307 3138 esset,
3339 3071 3395 3126 in
3452 3086 3570 3127 me-

1916 3158 2078 3215 dium
2112 3162 2504 3233 apostolorum
2530 3163 2893 3234 produxit,id
2927 3162 3080 3217 velut
3104 3160 3568 3233 repudiationem

1914 3250 2235 3307 aﬂectionis
2282 3252 2534 3309 carnalis
2582 3254 2763 3308 fuisse
2795 3268 2809 3306 :
2843 3267 3095 3321 eumque
3152 3266 3252 3320 per
3307 3252 3559 3308 abusum

1835 3324 1878 3391 C
1916 3340 2110 3395 carnis
2169 3341 2587 3398 continentiam
2645 3348 2702 3398 et
2785 3344 3113 3397 accuratam
3198 3341 3559 3410 voluptatum

1915 3432 2409 3499 compressionem
2443 3431 2730 3499 docuisse,
2765 3431 2982 3502 quippe
3014 3428 3112 3500 qui
3135 3430 3325 3500 juxta,
3358 3429 3563 3485 Serva-

1915 3520 2053 3575 loris
2112 3526 2487 3592 praeceptum,
2520 3520 2752 3576 duobus
2807 3520 2983 3588 heris,
3015 3516 3293 3589 voluptati
3340 3517 3564 3573 scilicet

1913 3616 1967 3662 et
2015 3609 2282 3675 Domino,
2315 3610 2595 3665 inservire
2653 3608 2929 3677 noluerit,
2990 3606 3209 3663 Ferunt
3252 3611 3446 3661 autem
3506 3612 3564 3664 et

1913 3698 2218 3755 Matthiam
2250 3699 2551 3754 docentem
2584 3698 2667 3754 ita
2708 3696 3019 3753 tradidisse
3049 3715 3061 3749 :
3098 3696 3560 3767 Expugnandam

1910 3790 2146 3862 quidem
2193 3805 2323 3845 esse
2374 3804 2631 3856 carnem,
2664 3804 2840 3857 eaque
2878 3787 3258 3853 abutendum,
3292 3801 3481 3857 neque
3506 3786 3559 3843 ei

1908 3878 2223 3949 quidquam
2274 3877 2348 3933 ad
2394 3876 2745 3948 voluptatem
2793 3874 3254 3947 indulgendum;
3303 3875 3554 3930 animam

150 3976 350 4025 autem
384 3984 486 4039 per
509 3969 705 4025 ﬁdeim
735 3973 795 4025 et
819 3970 1210 4041 cognitionem
1236 3985 1427 4025 veram
1460 3967 1730 4024 alendam
1762 3972 1938 4041 atque
1965 3969 2313 4040 augendam.
2349 3968 2479 4025 Haec
2508 3971 2578 4025 de
2617 3967 2751 4035 illis,
2776 3970 2877 4039 qui
2908 3983 2943 4023 a
2964 3966 3246 4038 principio
3276 3981 3473 4021 veram
3504 3969 3563 4022 et

149 4061 443 4115 sinceram
476 4058 607 4114 ﬁdei
633 4060 962 4115 doctrinam
993 4059 1319 4116 adulterare
1348 4074 1479 4115 cum
1506 4058 1695 4115 conati
1728 4065 1943 4127 essent,
1972 4059 2172 4115 statim
2197 4062 2391 4116 tamen
2420 4058 2819 4125 difﬂuxerunt,
2853 4056 3258 4127 compendiose
3280 4055 3560 4123 diximus,

148 4163 252 4204 suo
283 4149 410 4205 loco
441 4149 611 4205 etiam
646 4149 717 4206 de
746 4149 985 4221 reliquis
1016 4149 1246 4206 dicturi.

756 4261 1012 4314 ΚΕΦΑΛ.
1055 4258 1183 4333 ις.

147 4342 715 4421 Ὠς-ἐμαρτύρησε
771 4346 1038 4419 Συμεὼν
1098 4348 1127 4400 ὁ
1182 4351 1297 4421 τοῦ
1358 4346 1632 4403 Κλοπᾶ’
1685 4345 1794 4400 καὶ

220 4417 369 4473 ὅθεν
415 4417 478 4493 ai
534 4417 829 4493 αἱρέσεις
867 4417 1292 4493 τοκαταᾲρχὰς
1349 4423 1426 4493 τῇ
1464 4423 1579 4473 τοῦ
1638 4424 1793 4491 Χρι-

220 4494 379 4545 στοῦ
419 4489 908 4569 είσεφθάρησαν
949 4489 1332 4560 Ἐκκλησία.

216 4597 407 4671 Νέρων
437 4599 530 4670 μὶν
565 4593 632 4665 δὴ
665 4600 879 4672 πρῶτος
908 4602 1006 4653 τοῦ
1048 4598 1184 4654 κατὰ
1226 4598 1464 4673 Χριστὸν
1511 4597 1792 4670 ἇπήρξατο

148 4682 398 4762 διωγμοῦ
432 4707 446 4720 '
509 4688 836 4760 Δομετιανὸς
886 4685 932 4742 δ’
989 4687 1077 4743 ἰπὶ
1133 4688 1311 4761 τούτῳ
1360 4685 1606 4761 δεύτερος
1636 4704 1650 4717 ·
1697 4687 1785 4741 καὶ

143 4775 329 4851 τρίτος
361 4773 523 4839 οὗτος
552 4778 816 4853 Τραϊανός
850 4798 863 4811 ·
897 4776 978 4856 ἐᾷ
1011 4775 1072 4833 οὗ
1120 4778 1209 4833 καὶ
1245 4782 1482 4850 μερικῶς
1511 4777 1602 4833 καὶ
1649 4776 1787 4833 κατᾶ

145 4866 338 4931 πόλεις
381 4864 574 4941 δήμων
621 4867 1057 4941 ἐπανισταμένων
1104 4869 1196 4923 τὸν
1243 4871 1358 4924 καθ’
1402 4870 1562 4940 ¹ἡμῶν
1614 4864 1788 4944 διωγ-

149 4955 248 5027 μὸν
279 4956 457 5012 πολύν
489 4978 609 5013 τινα
652 4958 897 5035 γενέσθαι
928 4956 1096 5033 λόγος
1143 4956 1377 5033 ἀρχαῖος
1429 4954 1787 5029 διαθρυλλεῖ-

143 5047 259 5099 καθ’
309 5047 370 5101 ’ὀν
416 5047 605 5121 καιρὸν
654 5048 742 5102 καὶ
798 5052 1063 5119 Συμεῶνα
1106 5047 1194 5102 τὸν
1246 5046 1305 5102 ἐκ
1349 5051 1446 5102 τοῦ
1494 5047 1644 5102 θείου
1689 5051 1786 5101 τοῦ

143 5133 324 5207 Ἰησοῦ
381 5136 573 5193 Κλοπᾶ
625 5136 964 5214 γεννηθέντα,
1024 5138 1112 5193 καὶ
1183 5137 1390 5211 Μαρίας
1447 5139 1545 5207 τῆς
1621 5136 1785 5193 αὐτοῦ

198 5345 287 5414 ⁶(ί)
310 5341 391 5399 De
419 5340 611 5397 carnis
630 5339 968 5414 hujusmodi
1000 5341 1186 5396 abusu
1219 5339 1465 5398 illustris
1495 5345 1584 5396 est
1611 5341 1784 5397 etiam

143 5413 432 5489 sententia
463 5413 615 5483 apud
648 5415 827 5489 (_Iicer.
861 5413 962 5489 lib.
988 5431 1005 5470 ι
1030 5415 1100 5489 De
1121 5414 1261 5484 legib
1292 5430 1361 5469 :«
1384 5414 1528 5489 Cum
1553 5415 1786 5489 animus

142 5484 388 5556 cognitis
428 5484 829 5555 perceptisque
854 5486 1169 5542 virtutibus
1216 5502 1248 5540 a
1307 5486 1565 5555 corporis
1613 5486 1785 5539 obse-

142 5560 270 5621 quio
354 5558 835 5628 indulgentiaque
898 5556 1252 5624 discesserit,
1311 5558 1784 5627 Voluptatemque

140 5629 286 5686 sicut
332 5627 540 5685 labem
569 5627 836 5700 aliquam
903 5628 1204 5685 dedecoris
1259 5630 1632 5700 oppresserit,
1658 5644 1782 5685 om-

140 5715 389 5774 namque
408 5699 614 5757 mortis
659 5699 994 5774 dolorisque
1030 5700 1297 5774 timorem
1327 5699 1643 5774 _eli‘ugerit,
1691 5715 1781 5756 so-

137 5769 519 5844 cietatemque
544 5770 734 5828 carnis
762 5769 1016 5845 ejecerit,
1027 5773 1156 5830 tum
1181 5769 1458 5829 omnibus
1475 5769 1546 5829 'se
1574 5774 1784 5828 natura

2422 4258 2573 4315 245
2617 4256 2852 4313 CAPUT
2891 4255 3037 4313 XVI.

1909 4346 1993 4419 Ut,
2036 4346 2278 4419 Symeon
2345 4347 2591 4417 CleOphse
2638 4350 2980 4419 martyrium
3035 4343 3555 4419 subierit:_ct_unde

1975 4415 2206 4476 haereses
2272 4435 2306 4474 a
2356 4415 2608 4492 principe
2659 4421 2718 4475 in
2764 4415 3056 4475 Ecclesium
3118 4415 3327 4473 Christi
3388 4417 3556 4472 inva-

1821 4491 1870 4556 D
1972 4494 2117 4547 scrin
2126 4497 2165 4545 τ.

1974 4597 2124 4654 Nero
2194 4598 2434 4669 quidem
2486 4598 2716 4671 primus
2787 4598 3057 4670 persequi
3111 4595 3407 4653 Christum
3466 4598 3558 4651 est

1902 4702 2169 4753 exorsus,
2203 4687 2569 4743 Domitianus
2615 4689 2929 4757 secundus,
2961 4687 3161 4743 tertius
3209 4684 3302 4740 hic
3350 4683 3556 4754 Traja-

1897 4792 2049 4843 nus;
2082 4776 2193 4832 sub
2216 4791 2331 4847 quo
2382 4781 2439 4833 et
2496 4777 2768 4849 privatim
2827 4781 2885 4833 et
2935 4775 3187 4848 publice,
3220 4790 3323 4847 per
3375 4773 3552 4829 urbes

1896 4865 2188 4921 universis
2248 4867 2694 4937 insurgentibus
2727 4866 2981 4937 populis,
3014 4863 3341 4937 antiquitus
3371 4861 3556 4918 tradi-

1896 4963 2022 5011 tum
2060 4959 2150 5011 est
2204 4954 2503 5028 ingentem
2551 4961 2754 5013 contra
2800 4973 2908 5012 nos
2962 4954 3308 5012 concitatam
3374 4952 3553 5008 fuisse

1898 5044 2380 5113 persecutionem.
2413 5045 2536 5110 Quo
2579 5050 2839 5117 tempore
2894 5045 3235 5115 Symeonem
3296 5055 3552 5114 quoque,

1897 5138 2105 5206 patruo
2136 5133 2201 5191 Je
2214 5151 2282 5191 su
2307 5134 2583 5208 Cleopba,
2616 5149 2673 5192 et
2702 5134 2881 5193 Maria
2909 5136 3160 5207 conjuge
3198 5134 3348 5206 ejus,
3374 5146 3550 5203 quam

1896 5336 2272 5403 coniunctum
2306 5334 2557 5403 duxerit,
2591 5334 2930 5403 cultumque
2961 5330 3059 5387 Dei
3091 5334 3148 5385 et
3172 5343 3376 5403 puram
3410 5325 3547 5382 reli-

1894 5397 2124 5484 gionem
2167 5408 2509 5484 susceperit,
2534 5397 2596 5484 et
2616 5397 2907 5484 exacuerit
2936 5403 3097 5484 illa_m
3132 5397 3193 5484 ut
3222 5397 3545 5484 oculorum,

1894 5470 1981 5532 iic
2016 5480 2231 5544 Ingenii
2264 5470 2549 5534 aciem-ad
2583 5478 2736 5533 bona
2780 5475 3105 5547 deligenda,
3140 5480 3195 5528 et
3233 5470 3547 5547 rejicienda

1895 5542 2209 5621 contraria,
2242 5566 2375 5620 quas
2407 5551 2587 5605 virtus
2614 5566 2684 5604 ex
2732 5542 3102 5621 providendo
3123 5547 3209 5600 est
3248 5542 3545 5621 appellata

1891 5613 2226 5746 gigantis,
2259 5613 2406 5694 quid
2437 5636 2505 5678 eo
2562 5622 2678 5678 dici
2709 5613 2812 5680 aut
2866 5615 3106 5689 cogitari
3164 5613 3374 5688 poterit
3413 5613 3543 5671 bea-

1940 5707 2109 5747 UB?)
