4032 6282
377 339 495 400 927

1671 345 2096 409 NICEPHOBI
2137 337 2485 407 CALLlSTl

3662 336 3806 400 928

380 476 442 528 et
464 487 722 529 sororem
752 473 988 544 (quippe
1015 473 1193 530 veluti
1241 490 1631 548 eonsponsam
1671 485 1843 550 atque
1883 481 2025 535 adeo
2057 533 2063 544 ε

2171 477 2414 545 ὐναικὸς,
2463 476 2526 543 ἦν
2575 471 2642 540 δὴ
2688 472 2778 529 καὶ
2825 470 3067 550 ἀδελφὴν
3123 478 3224 540 τῆς
3271 473 3537 526 Θεοτόκου
3597 469 3802 546 φασὶν,

380 558 587 632 ﬁliam)
621 561 716 617 Dei
749 560 1060 618 Genitricis
1103 564 1287 620 fuisse
1315 565 1540 631 dicunt,
1573 584 1689 622 non
1738 584 1806 622 ex
1863 572 2032 624 Anna

383 653 443 706 et
469 650 794 720 Joachimo,
827 653 927 707 sed
953 668 1020 708 ex
1052 653 1281 710 Salome
1319 661 1378 710 et
1408 655 1664 728 Jusepho
1693 657 1935 718 editam.
1966 662 2032 713 ut

384 738 607 794 dictum
665 745 775 807 est,
835 741 1222 812 progenitum,
1258 745 1517 812 martyrii
1551 763 1790 802 cursum
1835 747 2031 802 absol-

381 825 536 882 visse
565 832 791 882 constat
823 845 836 882 :
867 829 959 884 cui
991 831 1164 886 etiam
1207 838 1340 903 post
1391 833 1673 890 Jacobnm
1719 835 2033 908 Hierosoly-

384 916 619 974 mitauts
640 919 906 976 Ecclesia:
945 923 1115 978 sedes
1170 925 1489 981 commissa
1540 927 1749 982 fuerat.
1782 928 2028 1000 Symeon

381 1006 495 1064 iste
531 1025 566 1064 a
595 1010 949 1081 quibusdam
1010 1013 1323 1083 hereticis,
1354 1015 1511 1072 velut
1551 1034 1702 1073 unus
1770 1025 2030 1089 postero-

383 1111 518 1154 rum
576 1097 812 1155 Davidis
891 1103 1049 1169 (nam
1092 1104 1163 1158 ad
1225 1103 1472 1175 idusque
1503 1111 1738 1176 tempus
1771 1108 2032 1179 inquire-

384 1187 714 1258 hantur)et
768 1190 981 1262 regalis
1037 1191 1224 1247 tribus
1289 1193 1475 1262 Juda,
1529 1195 1834 1266 ipsiusque
1889 1195 2032 1250 adeo

387 1275 602 1334 Christi
634 1283 901 1348 agnatos,
938 1279 1167 1336 delatus
1196 1287 1283 1337 est
1318 1299 1332 1336 :
1365 1289 1418 1338 et
1444 1289 1676 1354 prapter
1704 1301 1856 1354 eum,
1876 1285 2030 1355 quod

389 1365 567 1420 libere
601 1364 901 1434 pulchram
945 1369 1359 1438 professionem
1416 1372 1802 1442 profiteretur,
1843 1373 2032 1440 gravis

385 1455 678 1510 emulatio
709 1461 766 1509 et
796 1455 1011 1512 invidia
1060 1459 1416 1529 principibus
1452 1462 1712 1516 incessit.
1748 1461 1851 1516 Hic
1894 1477 2030 1517 cum

389 1541 596 1597 diebus
627 1542 894 1614 pluribus
923 1545 1068 1600 dura
1091 1549 1346 1615 verbera,
1381 1567 1506 1620 quis
1556 1550 1607 1605 ei
1665 1550 1890 1606 Atticus
1933 1567 2034 1621 per

388 1633 684 1684 tormenta
714 1631 1017 1700 inferebat,
1051 1635 1274 1691 fortiter
1331 1637 1684 1709 pertuliSset,
1720 1637 1841 1708 pari
1895 1654 2030 1692 cum

392 1717 621 1774 Christo
651 1719 932 1790 supplicio
962 1725 1049 1777 est
1084 1723 1347 1781 affectus.
1379 1725 1638 1797 Namque
1691 1725 1750 1782 in
1801 1742 2029 1782 crucem

2137 564 2213 628 ὡς
2264 585 2571 636 συννυμφον
2629 563 2798 632 αὐτῆς
2848 560 3010 617 οὖσαν
3071 562 3161 616 καὶ
3218 563 3502 636 θυγττέρα,
3555 559 3658 613 οὐκ
3748 557 3805 626 ἐξ

2139 654 2336 722 ’Δννης
2369 653 2458 707 καὶ
2487 657 2585 707 τοῦ
2615 652 2896 724 Ἰωακείμ,
2927 649 3076 705 ἀλλά
3105 649 3387 720 Σαλώμης
3421 649 3512 703 καὶ
3558 649 3802 721 Tuis-9,33,

2140 749 2216 808 ὡς
2273 745 2506 819 εἶ’ρηται,
2563 746 2628 799 τὸ
2682 749 2779 798 τοῦ
2859 743 3159 817 μαρτυρίου
3231 739 3449 795 στάδιον
3505 737 3802 794 ὑπελθεῖν.

2138 834 2326 905 Τούτῳ
2379 835 2472 888 καὶ
2522 835 2551 888 6
2599 841 2699 902 τῆς
2758 832 3157 907 Ἱεροσολύμων
3213 828 3542 902 Ἐκκλησίας
3595 829 3806 895 θρόνος

2143 924 2279 997 μετά
2335 917 2593 978 Ἰάκωϐον
2650 921 2945 997 ἐπιτράπη.
3005 921 3174 981 Οὗτος
3227 919 3408 975 τοίνυν
3469 920 3499 973 6
3559 916 3804 987 Συμεὼν

2141 1015 2245 1070 ὑπό
2291 1037 2456 1070 τινων
2497 1015 2856 1088 αἱρεσιωτῶν,
2901 1012 2978 1074 ὡς
3023 1009 3294 1086 ἀπόγονος
3339 1007 3415 1062 ὢν
3461 1011 3562 1062 τοῦ
3622 999 3804 1061 Δαόὶδ

2139 1103 2549 1178 κατηγορηθεὶς
2607 1103 2720 1176 (καὶ
2777 1101 2882 1178 γὰρ
2941 1101 3076 1178 ἄχρι
3133 1099 3199 1166 ὸὴ
3257 1099 3346 1152 καὶ
3403 1101 3513 1151 τῶν
3571 1095 3805 1169 χρόνων

2139 1191 2345 1248 ἐκείνου
2377 1191 2729 1266 ἀνιχνεόοντο
2770 1191 2823 1244 οἱ
2875 1188 2923 1259 ἐξ
2956 1186 3134 1246 Ἰούδα
3178 1195 3278 1256 τῆς
3329 1184 3627 1260 βασιλικῆς
3673 1204 3806 1237 κατ-

2142 1281 2368 1354 ηγμένοι
2401 1281 2629 1356 φυλῆς),
2656 1281 2746 1334 καὶ
2777 1279 2850 1340 ὡς
2890 1283 2972 1348 τῷ
3015 1278 3234 1350 Χριστῷ
3279 1276 3416 1349 πρὸς
3449 1271 3643 1350 γένους
3695 1269 3803 1339 ὧν,

2142 1367 2212 1424 δι’
2243 1371 2299 1424 ὃν
2333 1370 2422 1424 καὶ
2454 1371 2519 1424 οὐ
2556 1367 2770 1442 μέτριος
2801 1369 2828 1421 6
2875 1365 3046 1436 ζῆλος
3085 1371 3201 1426 τοῖς
3251 1363 3516 1442 ἄρχουσιν
3563 1361 3657 1429 ἧν,
3692 1361 3801 1427 τήν

2139 1457 2315 1529 καλὴν
2372 1457 2676 1532 ὁμολογίαν
2735 1456 3270 1532 παρρησιασάμενος,
3325 1452 3420 1508 καὶ
3481 1451 3570 1506 ἐπὶ
3633 1449 3796 1502 πλεί-

2142 1568 2269 1608 στας
2324 1553 2432 1601 τῶν
2491 1549 2715 1620 ἡμερῶν
2769 1544 2947 1607 αἰκίας
3001 1545 3339 1618 καρτερήσας
3387 1540 3614 1614 συχνὰς.
3666 1539 3803 1592 Ἀτ-

2138 1640 2292 1691 τικοῦ
2324 1638 2419 1704 τὴν
2469 1634 2694 1690 κόλασιν
2739 1633 3108 1713 ἐπιφέροντος,
3139 1635 3358 1705 Χριστῷ
3402 1627 3804 1700 παραπλήσιον

2137 1727 2201 1779 τὸ
2258 1723 2420 1786 τέλος
2480 1726 2688 1780 παθεῖν.
2738 1727 2964 1796 Σταυρῷ
3018 1721 3122 1796 γὰρ
3182 1719 3453 1793 μετέωρος
3511 1715 3814 1789 ἐπαρθεὶς,

391 1804 685 1872 sublatus,
709 1807 780 1862 ad
815 1806 980 1864 illum
1008 1811 1260 1867 moriens
1321 1814 1568 1882 transiit,
1600 1830 1733 1870 cum
1790 1816 2029 1886 quidem

2171 1813 2278 1887 τρὸς
2335 1813 2495 1866 αὐτὸν
2568 1809 2817 1883 ἐκδτ,μεῖ,
2872 1808 3044 1864 εἶ’κοσι
3099 1809 3188 1862 καὶ
3263 1807 3450 1862 ἑκατὸν
3523 1803 3800 1873 διαζήσας

392 1901 620 1949 centum
654 1900 710 1949 et
765 1895 968 1967 viginti
1027 1901 1342 1970 peregisset
1387 1920 1594 1959 annos.
1629 1904 1843 1960 Scribit
1897 1921 2034 1958 sane

393 1980 774 2054 Hegesippus,
803 2000 934 2041 cum
967 2001 1034 2042 eo
1066 1997 1318 2060 tempore
1345 1991 1529 2048 Judaei
1564 1993 1729 2059 regia
1750 1994 1952 2065 stirpis
1982 2000 2040 2050 ct

395 2069 582 2126 tribus
615 2072 1062 2144 inquirerentur,
1093 2077 1272 2148 ipsius
1319 2095 1550 2152 quoque
1606 2082 1910 2154 Symconis
1945 2097 2040 2136 ac.

398 2164 715 2228 onsatores,
756 2163 909 2234 quod
994 2165 1263 2222 videlicet
1315 2185 1384 2224 ex
1431 2173 1516 2225 eis
1580 2176 1792 2237 essent,
1843 2175 2042 2240 captos

397 2263 546 2304 esse.
571 2250 733 2315 Quod
766 2251 816 2306 si
847 2253 982 2324 quis
1012 2271 1154 2310 verae
1185 2257 1393 2313 rationi
1425 2265 1600 2330 atque
1657 2258 2045 2314 observationi

408 2335 666 2404 insistat,
723 2345 877 2397 recte
922 2346 1178 2412 profecto
1238 2346 1579 2418 Symeonem
1623 2349 1782 2404 hunc
1817 2365 1886 2403 ex
1933 2347 2050 2402 illis

409 2425 592 2482 fuisse
621 2428 794 2498 dicat,
826 2431 924 2502 qui
955 2431 1264 2488 Dominum
1288 2437 1412 2490 suis
1436 2439 1698 2509 ipsorum
1747 2436 1933 2493 oculis
1967 2437 2049 2490 vi-

411 2514 624 2577 derint.
679 2523 737 2572 et
783 2519 1024 2576 auribus
1082 2524 1395 2580 audierint.
1435 2529 1716 2596 Apertum
1775 2529 2052 2580 nimirum

410 2599 698 2658 indicium
747 2613 828 2660 est
884 2604 1226 2679 longaevitas
1259 2611 1491 2682 ipsius:
1527 2620 1584 2668 et
1614 2615 1765 2685 quod
1828 2614 2056 2668 divino-

409 2705 541 2746 rum
599 2691 1036 2765 Evangeliorum
1092 2702 1382 2772 scriptura
1428 2703 1617 2758 Marias
1667 2702 1956 2774 Cleophe,
1989 2717 2060 2758 ex

416 2793 532 2850 quo
567 2779 720 2836 hunc
751 2791 1097 2855 prognatum
1128 2804 1258 2844 esse
1288 2807 1464 2860 supra
1507 2791 1784 2858 diximus,
1819 2794 2060 2847 mentio-

417 2883 552 2924 nem
593 2868 755 2927 l'acit.
813 2873 968 2930 idem
1039 2875 1353 2934 historicus
1423 2880 1660 2936 alterius
1727 2883 2058 2950 cujusdam,

418 2957 597 3014 unius
623 2976 688 3016 ex
723 2961 817 3031 iis,
851 2963 954 3034 qui
983 2981 1048 3020 ex
1079 2981 1290 3036 genere
1344 2975 1453 3024 orti
1504 2975 1670 3024 erant
1725 2969 2061 3034 Salvatoris,

419 3047 706 3104 cuiJudae
755 3068 967 3108 nomen
1027 3056 1221 3123 fuerit,
1257 3058 1543 3127 meminit,
1569 3074 1742 3129 quem
1802 3059 1876 3114 ad
1935 3073 2063 3113 eam

419 3161 651 3219 quoque
681 3155 906 3206 etatem
946 3153 1158 3208 vixisse
1203 3155 1388 3210 dicit:
1423 3165 1546 3226 post
1595 3157 1678 3224 id,
1718 3157 1871 3227 quod
1932 3161 2066 3211 ante

421 3238 708 3308 exposuit,
742 3242 1125 3310 quorumdam
1174 3244 1282 3299 sub
1326 3243 1655 3301 Domitiano
1710 3262 1810 3318 pro
1863 3246 1976 3300 ﬁde
2007 3248 2064 3300 in

2143 1902 2440 1964 ἐνιαυτοὺς.
2490 1906 2716 1973 Ἱστορεῖ
2771 1920 2834 1973 γε
2893 1901 3002 1970 μὴν
3062 1899 3090 1952 ὁ
3134 1899 3503 1972 Ἡγήσιππος,
3549 1894 3630 1955 ὡς
3689 1891 3802 1964 ἄρα

2141 1992 2388 2053 καὶτοὺς
2438 1989 2780 2063 κατηγόρους
2828 1989 3016 2053 αὐτοῦ,
3069 1985 3414 2057 ζητουμένων
3462 1985 3798 2052 τοτηνικαῦ·

2143 2102 2209 2136 τα
2233 2085 2338 2134 τῶν
2389 2079 2495 2134 ἀπὸ
2541 2086 2640 2147 τῆς
2695 2077 2983 2151 βασιλικῆς
3031 2073 3212 2152 φυλῆς
3257 2071 3552 2135 Ἰουδαίων,
3607 2071 3682 2132 ὡς
3731 2069 3796 2122 ἂν

2150 2167 2203 2238 ἐξ
2259 2168 2439 2222 αὐτῶν
2494 2162 2674 2234 ὄντας,
2731 2166 2937 2220 ἁλῶναι
2988 2159 3181 2232 συνὲϐη
3219 2181 3232 2194 ·
3283 2159 3544 2236 λογισμῷ
3583 2156 3631 2212 δ’
3691 2156 3804 2230 ἄρα

2150 2256 2244 2312 καὶ
2303 2257 2395 2309 τὸν
2450 2259 2706 2326 Συμεῶνα
2760 2253 2930 2308 εῗκότι
2987 2253 3277 2328 χρώμενος
3340 2255 3452 2304 τῶν
3511 2247 3801 2302 αὐτοπτῶν

2153 2345 2244 2399 καὶ
2300 2343 2585 2413 αὐτηκόων
2645 2341 2788 2396 εἷ’ποι
2847 2341 2908 2396 ἄν
2966 2361 3047 2400 τις
3114 2345 3211 2394 τοῦ
3271 2337 3471 2410 Κυρίου
3535 2335 3809 2408 γενέσθαι,

2157 2435 2442 2509 ἀκραιφνεῖ
2493 2431 2777 2504 τεκμηρίῳ
2853 2435 2932 2502 τῷ
3005 2433 3198 2502 μακρῷ
3263 2431 3362 2492 τῆς
3421 2432 3566 2494 ζωῆς
3640 2423 3809 2478 αὐτου

2159 2522 2680 2596 προσχρησάμενος,
2727 2519 2818 2575 καὶ
2874 2524 2952 2590 τῷ
3014 2518 3196 2590 μνείαν
3254 2523 3486 2582 ποιῆσαι
3541 2515 3647 2575 τὴν
3699 2517 3808 2566 τιξιν

2163 2613 2322 2667 θείων
2379 2609 2715 2685 Εὐαγγελίων
2761 2609 2971 2686 γραφὴν
3027 2605 3235 2679 Μαρίας
3288 2611 3390 2673 τῆς
3447 2607 3546 2658 τοῦ
3598 2599 3810 2665 Κλοπί,

2165 2700 2221 2772 ἐξ
2251 2701 2314 2756 οὗ
2346 2703 2502 2774 φῦναι
2549 2697 2752 2767 ταύτην
2781 2699 2872 2751 καὶ
2922 2695 3188 2769 πρότερον
3220 2695 3249 2748 6
3296 2692 3462 2768 λόγος
3504 2691 3813 2764 ἱστόρησεν.

2168 2797 2225 2847 '0
2257 2788 2302 2845 δ’
2353 2790 2514 2850 αὐτὸς
2564 2786 2900 2865 συγγραφεὺς
2941 2787 3032 2841 καὶ
3081 2786 3266 2856 ἑτερου
3312 2789 3422 2838 τῶν
3475 2783 3584 2837 ἀπὸ
3630 2780 3814 2857 γένους

2169 2877 2482 2958 φερομένων
2517 2875 2764 2954 ἀδελφῶν
2792 2880 2888 2930 τοῦ
2919 2882 3174 2949 Σωτῆρος
3207 2874 3345 2940 ἑνὸς,
3378 2873 3428 2944 ᾧ
3477 2868 3654 2942 ὄνομα
3683 2867 3806 2924 Ἰοῦυ

2173 2969 2289 3038 δας,
2325 2969 2507 3040 μνείαν
2557 2971 2842 3022 ποιεῖται·
2877 2964 2934 3019 ὃν
2967 2985 3098 3040 φησι
3147 2963 3236 3019 καὶ
3280 2963 3450 3036 μέχρι
3498 2968 3600 3029 τῆς
3649 2963 3798 3024 m1;

2173 3053 2458 3114 ἐπιϐιῶναι
2493 3056 2668 3130 ἀρχῆς
2719 3055 2854 3126 μετὰ
2883 3055 2980 3122 τήν
3029 3051 3138 3122 ἤδη
3190 3053 3454 3125 πρότερον
3507 3049 3804 3120 ἱστορηθεῖ-

2175 3161 2269 3204 σαν
2318 3145 2466 3216 αὐτῷ
2519 3145 2650 3218 ὑπὲρ
2697 3146 2795 3212 τῆς
2844 3143 2920 3206 εἷς
2971 3143 3202 3215 Χριστὸν
3249 3139 3485 3200 πίστεως
3537 3137 3628 3192 ἐπὶ
3659 3146 3814 3206 Aetas-

2171 3240 2359 3292 τιανοῦ
2408 3255 2571 3290 τινων
2623 3232 2942 3307 μαρτυρίαν.
2996 3231 3192 3304 Γράφει
3243 3226 3300 3283 δὲ
3349 3226 3526 3288 οὕτως
3562 3247 3575 3258 ·
3620 3250 3650 3277 ις
3701 3229 3816 3296 Ἕρ-

423 3323 718 3382 Christum
753 3338 1044 3399 peractum
1090 3335 1449 3405 martyrium.
1483 3312 1934 3390 Scribit'autem
1995 3334 2063 3390 ad

2175 3345 2369 3402 χονται
2421 3321 2510 3378 οὖν
2563 3321 2654 3377 καὶ
2699 3325 3072 3396 προηγοῦνται
3127 3319 3304 3386 πάσης
3366 3315 3703 3384 Ἐκκλησίας
3744 3312 3816 3370 ὡς

427 3413 587 3473 hunc
625 3420 865 3474 modum

917 3435 932 3474 :
970 3441 1000 3470 ‹‹
1037 3418 1202 3477 246
1255 3421 1554 3478 Venerunt
1600 3423 1779 3496 igitur
1815 3434 1870 3480 et
1928 3440 2068 3494 prte-

430 3504 668 3562 l'uarunt
705 3506 968 3564 Ecclesiae
1001 3511 1184 3578 omni,
1215 3511 1364 3568 velut
1417 3519 1704 3585 martyres
1758 3518 1816 3568 et
1873 3519 2070 3578 testes,

431 3594 681 3666 gentiles
698 3612 928 3668 quoque
953 3599 1179 3655 Domini
1212 3617 1226 3656 :
1259 3606 1317 3658 et
1345 3618 1484 3674 pace
1525 3602 1796 3658 Ecclesiis
1827 3602 2070 3670 reddita,

432 3691 618 3746 usque
675 3677 747 3732 ad
798 3678 1115 3749 Trajanum
1145 3683 1423 3739 Caesarem
1485 3689 1860 3741 manserunt:
1893 3685 2076 3739 donce

433 3763 634 3834 etiam,
664 3779 840 3836 quem
870 3769 1140 3840 diximus,
1173 3771 1420 3844 Symeon
1453 3772 1716 3844 Cleophis
1761 3772 1942 3840 ﬁlius,
1975 3789 2074 3843 pa-

434 3853 548 3908 trui
571 3851 826 3922 Domini,
859 3871 962 3926 per
998 3859 1358 3917 calumniam
1417 3863 1491 3917 ab
1533 3861 1823 3918 hareticis
1871 3863 2075 3917 eodem

438 3941 614 3997 modo
651 3945 807 4014 apud
842 3947 1096 4002 Atticum
1127 3949 1496 4005 consularem
1542 3949 1758 4018 delatu,
1812 3957 1921 4006 est.
1971 3949 2080 4014 Qui

439 4028 565 4086 dies
597 4030 810 4089 multos
829 4039 1034 4105 tortus,
1057 4037 1138 4092 ita
1169 4039 1512 4110 martyrium
1544 4041 1710 4107 obiit,
1735 4045 1800 4095 ut
1853 4055 2082 4108 omnes,

442 4121 620 4190 atque
678 4119 802 4192 ipse
840 4123 1014 4178 etiam
1063 4125 1306 4194 Atticus,
1365 4127 1738 4194 mirarentur,
1787 4129 2082 4184 hominem

445 4213 682 4264 centum
713 4213 770 4264 et
800 4209 1002 4282 viginti
1043 4229 1230 4269 anuos
1287 4221 1487 4270 natum
1544 4221 1776 4271 tantum
1834 4215 2087 4288 perferre

443 4298 744 4354 tormenti.
775 4298 846 4354 Et
876 4301 922 4355 is
951 4301 1187 4357 tandem
1221 4303 1279 4358 in
1311 4320 1540 4360 crucem
1571 4309 1660 4376 agi
1693 4311 1785 4360 est
1807 4306 2032 4374 jussus.
2055 4325 2089 4356 »

442 4385 750 4444 Paululum
781 4394 976 4446 autem
1007 4389 1322 4450 historicus
1353 4394 1674 4466 digressus,
1706 4395 1805 4450 ubi
1841 4411 1910 4451 ea
1965 4412 2088 4466 qua:

443 4483 903 4536 commemorata
957 4487 1096 4536 sunt
1151 4481 1317 4550 dixit,
1359 4484 1569 4540 deinde
1623 4493 1678 4539 et
1733 4483 1832 4538 illa
1879 4485 2087 4540 addit:

2181 3415 2448 3488 μάρτυρες
2476 3412 2567 3466 καὶ
2617 3412 2668 3466 οἱ
2713 3410 2820 3464 ἀπὸ
2868 3409 3057 3484 γένους
3087 3411 3183 3462 τοῦ
3235 3405 3437 3480 Κυρίου
3471 3425 3484 3438 ·
3535 3403 3626 3458 καὶ
3668 3422 3818 3477 γενο-

2184 3501 2345 3576 μένης
2405 3502 2627 3574 εἰρήνης
2685 3497 2739 3554 ἐν
2787 3502 2932 3573 πάσῃ
2992 3495 3312 3566 Ἐκκλησία,
3377 3495 3596 3566 μένουσι
3658 3489 3817 3564 μεχρι

2179 3593 2443 3665 Τραϊανοῦ
2473 3589 2742 3663 Καίσαρος
2778 3607 2790 3618 ·
2823 3585 2986 3662 ἄχρις
3019 3586 3080 3640 οὗ
3120 3587 3147 3640 6
3179 3583 3240 3638 ἐκ
3269 3583 3422 3637 θείου
3460 3586 3558 3636 τοῦ
3597 3579 3812 3652 Κυρίου,

2183 3681 2213 3736 6
2257 3681 2655 3753 προειρημένος
2706 3676 2932 3749 Συμεὼν
2978 3674 3095 3736 υἱὸς
3146 3671 3356 3740 Κλοπᾶ,
3399 3667 3813 3746 συκοφαντηθείς

2185 3769 2288 3824 ὑπὸ
2325 3772 2436 3823 τῶν
2485 3768 2792 3840 αἱρετικῶν,
2825 3763 3094 3824 ὡσαῦπως
3141 3761 3498 3836 κατηγορήθη
3530 3758 3618 3812 καὶ
3659 3755 3811 3816 αὐτὸς

2183 3861 2264 3929 τῷ
2295 3857 2442 3929 αὐτῷ
2490 3855 2644 3930 λόγῳ
2691 3853 2778 3909 ἐπὶ
2813 3855 3059 3910 ’Δττικοῦ
3096 3855 3194 3906 τοῦ
3241 3850 3504 3904 ὑπατικοῦ
3539 3869 3551 3880 ·
3595 3845 3686 3900 καὶ
3733 3843 3812 3898 ἐπὶ

2187 3944 2426 4008 πολλαῖς
2499 3947 2730 4017 ἡμέραις
2806 3940 3177 4014 αἰκιζόμενος,
3261 3938 3629 4012 ἐμαρτύρησεν
3664 3955 3676 3966 ·
3745 3933 3812 3994 ὡς

2190 4035 2394 4097 πάντας
2455 4034 2906 4108 ὑπερθαυμάζειν,
2937 4031 3026 4085 καὶ
3081 4029 3174 4084 τὸν
3237 4026 3494 4083 ὑπατικόν
3528 4045 3540 4057 ·
3594 4025 3650 4084 ὃς
3696 4025 3812 4077 ἑκα-

2192 4125 2284 4180 τὸν
2330 4121 2506 4178 εἴκοσι
2561 4119 2846 4196 τυγχάνων
2907 4118 3063 4188 ἐτῶν,
3097 4117 3350 4187 ὑπέμεινε
3404 4114 3495 4168 καὶ
3543 4111 3808 4178 ἐκελεύσθη

2195 4215 2593 4288 σταυρωθῆναι.
2635 4233 2666 4262 υ
2725 4209 2930 4282 Μικρὸν
2992 4205 3050 4262 δὲ
3103 4203 3452 4280 παρακατιὼν
3517 4203 3545 4256 ὁ
3603 4219 3810 4275 συγγρα-

2195 4301 2344 4381 φεὺς,
2395 4301 2484 4356 καὶ
2544 4301 2610 4355 τά
2658 4299 2781 4373 περὶ
2837 4301 2946 4352 τῶν
3003 4295 3306 4366 εἰρημένων
3367 4291 3556 4360 εἰπὼν,
3613 4287 3809 4359 ὕστερον

2194 4375 2286 4446 καὶ
2328 4394 2495 4445 ταῦτα
2535 4386 2888 4460 προστίθησιν
2921 4405 2933 4418 ο
2977 4409 3005 4436 (ι
3051 4384 3138 4444 Ὡς
3187 4381 3291 4456 ἄρα
3342 4380 3510 4458 μέχρι
3560 4381 3662 4432 τῶν
3703 4375 3809 4429 τότε

2200 4479 2415 4556 χρόνων
2451 4479 2711 4546 παρθένος
2767 4475 2973 4549 καθαρᾶ
3026 4472 3115 4528 καὶ
3175 4469 3503 4547 ἀδιάφθορος
3551 4465 3805 4556 ἔμεινεν-η

447 4565 600 4636 quod
634 4566 706 4621 ad
736 4582 800 4623 ea
839 4584 1025 4641 usque
1065 4575 1330 4643 tempora
1383 4571 1640 4628 Ecclesia
1687 4589 1832 4645 pura
1887 4577 1944 4628 et
1997 4571 2063 4627 in

2192 4551 2513 4639 Ἐκκλησία,
2544 4565 2596 4622 ἐν
2631 4563 2825 4637 ἀδήλῳ
2874 4584 2977 4618 που
3011 4560 3214 4632 σκοτίῳ
3263 4555 3622 4632 φωλευόντων
3671 4551 3803 4609 sistri

450 4660 727 4726 corrupta
759 4661 1148 4729 permanserit
1201 4663 1382 4733 virgo,
1415 4661 1475 4716 in
1522 4661 1664 4716 locis
1719 4661 1982 4717 obscuris
2038 4667 2096 4716 et

450 4742 1013 4816 oaliginoeisadhuc,
1047 4748 1226 4820 siqui
1272 4761 1395 4806 tum
1444 4749 1796 4808 exstiterunt
1852 4750 1952 4821 qui
1993 4765 2104 4805 .sa-

453 4849 587 4892 nam
619 4836 941 4895 doctrinam
976 4840 1292 4896 salutiferis
1351 4841 1780 4912 praedicationis
1843 4857 2104 4898 corrum-

453 4939 591 4998 pere
631 4938 768 4982 sunt
823 4929 1037 4998 conati,
1070 4930 1568 4988 delitescentibus.
1630 4935 1940 5001 Postquam
2006 4947 2107 4986 au-

452 5018 572 5072 tem
605 5032 766 5074 sacer
804 5019 1196 5092 apostolorum
1231 5021 1446 5078 chorus
1478 5023 1706 5078 diverso
1738 5022 1944 5078 mortis
2000 5037 2104 5094 ge-

454 5121 591 5162 nere
637 5109 818 5164 vitam
866 5109 1038 5176 ﬁniit,
1087 5111 1502 5182 generatioque
1573 5128 1775 5168 eorum
1808 5109 2103 5183 praeteriit;

455 5189 564 5266 qui
585 5197 828 5254 auribus
860 5198 970 5270 ipsi
997 5198 1122 5254 suis
1153 5199 1410 5255 divinam
1468 5200 1819 5272 sapientiam
1877 5199 2104 5255 audive-

457 5291 618 5340 rant:
653 5290 780 5342 tum
810 5287 1061 5358 primum
1097 5289 1410 5360 impiorum
1437 5289 1828 5354 seductorum,
1862 5305 1962 5360 per
1983 5303 2108 5358 per-

450 5389 787 5446 egrinorum
829 5376 1130 5432 doctorum
1183 5377 1612 5448 deceptionem,
1643 5377 1817 5434 coitio
1847 5381 1906 5434 et
1965 5393 2100 5432 con-

458 5461 696 5532 Spiratio
729 5465 958 5520 initium
1019 5467 1192 5538 cepit.
1252 5467 1358 5532 Qui
1401 5466 1634 5536 deinde,
1671 5467 1828 5522 nullo
1869 5467 1992 5536 jam
2041 5479 2110 5519 ex

455 5551 742 5624 apostolis
791 5552 1036 5626 reliquo,
1064 5557 1223 5612 nudo
1265 5557 1353 5628 (ut
1402 5557 1640 5630 dicitur)
1669 5555 1853 5628 capite
1909 5559 2114 5612 contra

2201 4654 2326 4714 τότε
2371 4662 2501 4721 τῶν,
2543 4656 2586 4711 εἰ
2637 4655 2723 4710 καί
2771 4674 2911 4716 τινες
2962 4652 3240 4728 ὑπῆρχον,
3291 4648 3668 4724 παραφθείρειν
3711 4643 3809 4698 ἐπι-

2210 4746 2543 4823 χειρούντων
2591 4745 2682 4800 τὸν
2733 4744 2858 4818 ὑγιῆ
2904 4741 3103 4795 κανόνα
3159 4743 3254 4792 τοῦ
3313 4735 3601 4823 σωτηρίου-
3631 4731 3808 4807 κηρύγ-

2209 4819 2398 4910 ματος.
2433 4839 2521 4896 Ὠς
2555 4831 2651 4888 δ’ὁ
2681 4832 2826 4906 ἱερὸς
2857 4834 2965 4884 τῶν
3004 4824 3328 4883 ἀποστόλων
3363 4825 3533 4899 χορὸς
3583 4819 3806 4900 διάφορον

2205 4909 2421 5000 εἷλήφει
2477 4925 2573 4977 τοῦ
2635 4919 2760 4995 βίου
2817 4917 2998 4988 τέλος,
3059 4912 3430 5010 παρεληλόθει
3487 4932 3544 4966 τε
3680 4909 3809 5010 γενεὰ

2204 4998 2383 5083 ἐκείνη
2441 5015 2548 5066 τῶν
2608 5009 2796 5070 αὐταῖς
2856 5007 3044 5068 ἀκοαῖς
3099 5011 3198 5074 τῆς
3257 5001 3437 5057 ἐνθέου
3487 4998 3666 5078 σοφίας
3708 4998 3810 5051 ἐπα-

2203 5106 2394 5158 κοῦσαι
2441 5096 2890 5172 κατηξιωμένων,
2939 5097 3238 5165 τηνικαῦτα
3280 5097 3380 5160 τῆς
3431 5087 3586 5143 ἀθέου
3631 5083 3812 5172 πλάνης

2211 5189 2389 5264 ἀρχὴν
2437 5168 2738 5260 ἐλάμϐανεν
2784 5186 2820 5254 ἡ
2881 5181 3130 5241 σῦστασις
3179 5176 3270 5234 διὰ
3311 5181 3413 5264 τῆς
3458 5180 3567 5231 τῶν
3611 5168 3810 5264 ἑτεροδιο

2211 5261 2496 5334 δασκάλων
2542 5273 2750 5344 ἀπάτης
2787 5291 2800 5304 ·
2853 5270 2904 5326 οἳ
2953 5271 3043 5325 καὶ
3091 5268 3184 5324 ἅτε
3234 5263 3468 5341 μηδενὸς
3516 5267 3620 5319 τῶν
3667 5261 3807 5316 αὐτῶν

2210 5364 2532 5424 ἀποστόλων
2595 5360 2950 5434 λειπομένου,
3007 5360 3192 5436 γυμνῇ
3251 5355 3446 5411 λοιπὸν
3507 5351 3700 5430 κεφαλῇ
3741 5351 3808 5419 τῷ

2209 5463 2310 5526 τῆς
2365 5451 2626 5522 ἀληθείας
2679 5449 2992 5525 κηρύγματι
3049 5447 3150 5516 τήν
3227 5440 3579 5516 ψευδώνυμον
3647 5443 3809 5513 γνῶσιν

2214 5542 2614 5620 ἀντικηρύττειν
2661 5537 2998 5612 ἐπεχείρουν.
3039 5557 3069 5588 ››
3117 5538 3170 5589 Ὁ
3222 5531 3315 5606 μὲν
3365 5529 3457 5586 οὖν
3509 5530 3807 5607 Ἡγήσιππος
