4032 6282
163 391 322 452 929

1201 388 1819 460 ECCLESIASTICJE
1858 397 2247 464 HISTORIA?
2291 404 2438 467 LIB.
2484 405 2589 468 III.

3474 417 3595 480 930

159 527 368 579 ταῦτα
391 543 404 558 ο
437 525 599 595 ⁴ἡμεῖς
631 521 686 579 δὲ
723 525 785 579 τὸ
826 523 1016 579 λεῖπον
1061 532 1163 595 τῆς
1203 532 1473 601 Τραϊανοῦ
1522 527 1831 594 δυναστείας

1947 535 2209 590 veritatis
2255 539 2720 608 praedicationem
2792 540 2935 598 falso
2986 543 3342 600 nominatam
3394 547 3591 604 scisn-

159 617 245 686 τῇ
285 614 509 688 ἱστορίᾳ
538 615 978 688 ἐπισυνάψωμεν.

824 915 1076 967 ΚΕΦΑΛ.
1119 910 1214 964 ΙΖ’.

217 1001 395 1074 Πλερὶ
423 1004 538 1054 τοῦ
569 1001 734 1055 κατὰ
763 1000 1095 1072 Τραϊανὸν
1125 997 1467 1074 διωγμούξ
1498 998 1609 1074 καὶ
1639 1001 1784 1053 οἷον

270 1070 500 1144 δόγμα
531 1074 643 1126 οὔτ
664 1092 730 1134 ος
760 1070 924 1125 κατά
957 1070 1378 1144 Χριστιανῶν
1411 1071 1751 1144 ἐξήνεγκε.

254 1163 330 1218 Ὀ
376 1169 467 1231 μὲν
501 1159 594 1214 οὖν
633 1159 877 1234 διωγμὸς
924 1158 1099 1221 πολὺς
1146 1160 1236 1213 καὶ
1289 1159 1548 1229 ἀκμάζων
1599 1159 1838 1230 μάλιστα

165 1250 288 1317 ἧν·
341 1249 430 1302 καὶ
478 1253 762 1310 τοσοῦτον,
812 1249 888 1310 ὡς
934 1248 1022 1302 καί
1078 1268 1197 1302 τινα
1248 1246 1468 1302 Πλίνιον
1519 1244 1836 1312 Σικοῦνδον,

167 1337 228 1391 ἐν
265 1343 395 1398 τοῖς
428 1334 662 1410 ἡγεμόσι
697 1335 988 1407 διάσημον,
1027 1339 1089 1390 τὸ
1141 1336 1355 1403 πλῆθος
1396 1341 1504 1389 τῶν
1549 1336 1835 1410 μαρτύρων

167 1426 431 1498 ὁρῶντα,
494 1425 712 1498 βασιλεῖ
768 1427 904 1496 πρὸς
954 1425 1155 1501 λόγους
1203 1423 1400 1491 ἐλθεῖν,
1445 1423 1534 1478 καὶ
1581 1425 1644 1478 τὸ
1691 1423 1836 1479 πολὺ

165 1518 287 1568 ταῦ
352 1513 602 1583 πλήθους
657 1519 764 1568 τῶν
815 1513 948 1587 ὑπὲρ
993 1521 1094 1581 τῆς
1143 1514 1378 1574 πίστεως
1431 1511 1836 1586 ἀναιρουμένων

169 1603 589 1674 ὑποπμῆναιο
647 1601 734 1656 καί
793 1603 905 1671 ἅμα
967 1601 1279 1673 μηνύοντα.
1342 1598 1512 1674 μηδέν
1580 1622 1634 1655 τι
1692 1603 1837 1676 παρὰ

163 1690 319 1752 τοὺς
377 1691 583 1762 νόμους
635 1690 890 1763 πράττειν
948 1690 1308 1765 Χριστιανοὺς
1366 1691 1582 1745 ἀνόσιον
1642 1691 1832 1767 φάναιο

167 1779 342 1849 πλήν
374 1799 436 1854 γε
475 1777 542 1847 δὴ
590 1778 674 1834 ὅτι
719 1779 833 1850 ἅμα
895 1773 970 1851 ἕῳ
1017 1779 1414 1850 ἐξανιστάμενοι
1463 1779 1554 1833 τὸν
1603 1779 1833 1852 Χριστὸν

171 1868 279 1921 υἷα
313 1869 446 1922 Θεὸν
495 1867 840 1946 εὐφημοῦσι·
893 1871 1002 1921 τῶν
1061 1888 1125 1941 γε
1184 1869 1292 1938 μὴν
1349 1867 1616 1938 ἄθεμίτων
1667 1867 1836 1942 ἔργων
1868 1907 1911 1970 Β

173 1957 500 2010 παντάπασι
573 1957 886 2011 καθεστᾶσιν
946 1955 1020 2018 ὡς
1096 1953 1449 2031 πορρωτὲρω.
1508 1957 1732 2018 Τούτοις
1790 1955 1836 2011 δ’

175 2044 594 2101 ὖπεκλασθέντα
655 2049 772 2106 τοῖς
858 2044 1064 2114 ῥήμασι
1132 2047 1223 2100 τὸν
1302 2045 1582 2119 Τραϊανὸν,
1660 2041 1836 2122 δόγμα

175 2138 368 2190 θεῖναι
407 2132 616 2188 τοιόνδε
649 2155 662 2169 ο
715 2131 786 2187 Τὁ
839 2138 1178 2206 Χριστιανῶν
1231 2135 1402 2209 φῦλον
1456 2136 1532 2206 μὴ
1582 2133 1834 2205 ὲκζητεῖ-

176 2226 313 2278 σθαι
376 2223 506 2295 μὶν,
565 2221 799 2292 ἐμπεσὸν
854 2219 911 2277 δὲ
965 2221 1322 2290 κολάζεσθαι.
1397 2224 1686 2278 Κάντεῦθεν
1745 2225 1830 2297 μὲ-

174 2332 347 2385 τριον
409 2311 503 2381 μὲν
559 2311 684 2364 ὅσον
737 2313 829 2365 τὸν
891 2307 1137 2384 διωγμὸν
1204 2310 1652 2385 ἁναχαιτισθῆναι
1686 2330 1699 2342 ·
1755 2315 1830 2384 μή

174 2402 421 2472 πάμπαν
455 2399 512 2454 δὲ
559 2400 648 2454 καὶ
685 2403 800 2460 τοῖς
847 2403 1162 2474 κακουργεῖν
1205 2399 1507 2474 ᾑρημένοις
1557 2400 1834 2476 ἀνεπιχεί-

179 2509 331 2562 ρητα
371 2489 438 2542 τὰ
484 2490 720 2561 ἡμένερα
768 2488 907 2542 εἶναι
951 2493 1071 2551 ταῖς
1118 2487 1335 2542 ἐκείνων
1377 2485 1723 2556 ἐπιϐουλαῖς,
1757 2497 1829 2559 πῆ

181 2579 286 2651 μὲν
348 2583 462 2632 τῶν
514 2575 707 2648 δήμων
756 2577 951 2646 αὐτῶν,
1001 2580 1078 2640 πῆ
1123 2574 1179 2630 δὲ
1226 2577 1315 2631 καὶ
1360 2577 1638 2650 ἀρχόντων
1698 2580 1836 2634 κατὰ

177 2668 384 2742 χώρας
442 2667 576 2736 ἡμῖν
635 2663 1089 2742 ἐπεγειρομὲνων,
1150 2666 1224 2726 ὼς
1276 2665 1365 2718 καὶ
1414 2671 1704 2742 προφανῶς
1755 2670 1830 2740 μὴ

180 2756 695 2827 ἐπικηρυττομένου
759 2752 1055 2808 καθολικοῦ
1121 2749 1417 2826 διωγμοῦ·
1479 2754 1734 2828 μερικοὺς
1786 2753 1835 2809 δ’

182 2845 346 2915 ὅμως
378 2843 495 2897 κατ’
523 2842 793 2916 ἐπαρχίας
830 2844 1092 2897 κινεῖσθαί
1124 2863 1294 2911 τινας,
1344 2843 1418 2904 ὡς
1456 2843 1546 2896 καὶ
1585 2843 1834 2907 πολλοὺς

187 2935 434 2986 liv-remisi:
493 2929 898 2986 ἀναδείκνυσθαι
959 2933 1254 3004 μάρτυρας.
1312 2936 1484 2985 Ταῦτα
1547 2931 1833 3002 Τερτυλια-

183 3024 278 3084 νός
310 3023 519 3094 ἱστορεῖ
550 3021 602 3075 ἐν
632 3026 700 3094 τῇ
742 3023 869 3096 παρ’
916 3019 1082 3076 αὺτοῦ
1131 3021 1494 3096 συγγραφείσῃ
1542 3025 1829 3095 Ῥωμαϊκῇ

181 3109 492 3183 ἀπολογίᾳ,
553 3109 696 3164 οὕτω
754 3107 961 3180 διεξιών
996 3126 1010 3139 ·
1071 3133 1098 3160 ‹‹
1138 3108 1325 3164 Καίτοι
1377 3109 1680 3183 εὑρήκαμεν
1739 3110 1830 3166 καὶ

179 3201 281 3268 τήν
313 3198 398 3261 εἰς
435 3201 583 3271 ἡμᾶς
629 3197 952 3268 ἐπιζήτησιν
995 3197 1401 3268 κεκωλυμένην.
1457 3198 1678 3258 υλίνιος
1726 3201 1830 3274 γὰρ

184 3285 493 3348 Σεκοῦνδος
525 3288 831 3362 ἡγούμενος
881 3285 1169 3362 ἐπαρχίας,
1220 3287 1546 3356 κατακρίνας
1579 3293 1833 3359 Χριστιαο
1859 3267 1911 3334 c

182 3377 310 3440 v03;
360 3397 513 3437 τινας
571 3377 661 3428 καὶ
720 3378 818 3442 τῆς
877 3374 1023 3446 ἀξίας
1082 3369 1352 3444 ἐκϐαλὼν,
1409 3377 1702 3450 ταραχθεές
1753 3382 1832 3451 τῷ

184 3465 420 3533 πλήθει,
483 3461 566 3517 διὸ
621 3464 806 3538 ἠγνόει
853 3463 905 3517 τί
956 3463 1102 3533 αὐτῴ
1159 3464 1350 3518 λοιπὸν
1405 3462 1490 3532 εἷή
1549 3466 1835 3535 πρακτέον,

186 3558 444 3627 Τραϊανῴ
481 3558 559 3624 τῷ
616 3550 830 3624 βασιλεῖ
875 3552 1291 3618 ἀνεκοινώσατο,
1343 3550 1540 3627 λέγων,
1593 3549 1694 3622 ἔξω
1741 3559 1836 3609 τοῦ

195 3643 272 3712 μή
322 3639 617 3715 βούλεσθαι
665 3640 861 3701 αὐτοὺς
910 3638 1354 3714 εἷδωλολατρεῖν,
1407 3637 1576 3711 μηδὲν
1623 3641 1838 3697 ἀνόσιον

195 3730 247 3783 ἐν
281 3731 472 3790 αὐτοῖς
506 3730 808 3802 εὑρηκέναι.
864 3731 1099 3800 Ἐμήνυε
1146 3727 1202 3782 δὲ
1233 3735 1323 3782 και
1367 3731 1528 3782 τοῦτο
1559 3749 1570 3764 ·
1613 3730 1838 3786 ἀνίστα-

196 3821 320 3872 σθαι
390 3814 552 3872 ἕωθεν
620 3818 744 3878 τοὺς
822 3817 1196 3890 Χριστιανοὺς,
1281 3818 1370 3870 καί
1446 3817 1538 3870 τὸν
1606 3819 1836 3890 Χριστὸν

195 3911 334 3960 θεοῦ
370 3903 524 3974 δίκην
559 3905 740 3976 ὑμνεῖν
766 3924 778 3936 ⁶
831 3905 922 3958 καὶ
968 3905 1103 3977 πρὸς
1149 3907 1210 3957 τὸ
1249 3906 1348 3972 τὴν
1402 3903 1710 3976 ἒπ.στήμην
1744 3904 1840 3960 αὖ.

190 3999 301 4048 τῶν
370 3991 778 4068 διαφυλάσσειν,
833 3991 1139 4048 κωλύεσθαι
1211 3998 1475 4069 φονεύειν,
1535 3994 1838 4072 μοιχεύειν,

191 4082 566 4152 πλεονεκτεῖν,
597 4081 936 4155 ἀποστερεῖν,
967 4083 1060 4136 καὶ
1100 4083 1166 4135 τὰ
1210 4083 1426 4144 τούτοις
1479 4083 1664 4155 ὃμοια.
1700 4085 1839 4157 Πρὸς

187 4177 366 4226 ταῦτα
449 4172 742 4246 ἀντέγραψε
823 4172 1108 4246 Τραῖανὸς,
1171 4172 1233 4224 τὸ
1299 4174 1406 4224 τῶν
1497 4177 1834 4246 Χριστιανῶν

190 4255 367 4333 φῦλον
403 4259 479 4328 μὴ
513 4257 855 4328 ἐκζητεῖσθαι
889 4257 1007 4328 μὲν,
1051 4256 1284 4328 ἐμπεσὸν
1317 4253 1374 4311 δὲ
1422 4256 1769 4327 κολάζεσθαι.
1803 4286 1830 4313 ››

1943 627 2086 680 tiam
2122 628 2487 700 promulgare
2517 635 2658 685 sunt
2679 631 2867 686 ausi.»
2906 631 2973 686 Et
3004 631 3126 688 hac
3157 635 3395 706 quidem
3419 637 3596 711 Hege-

1944 715 2170 783 sippus.
2236 715 2350 772 Nos
2401 734 2568 786 porro
2633 719 2922 792 reliquum
2985 721 3221 792 Trajani
3273 723 3586 794 imperium

1947 800 2200 857 historias
2230 803 2327 861 hic
2357 805 2805 878 subjungamus.

2533 912 2766 970 CAPUT
2804 913 3005 972 XVIII.

1949 998 2021 1053 De
2061 999 2437 1069 persecutione
2474 1002 2571 1076 sub
2630 1003 2880 1076 Trajano,
2933 1010 2987 1060 et
3036 1007 3200 1076 quate
3246 1007 3480 1066 edictum
3536 1012 3589 1068 is

2233 1081 2426 1128 contra
2456 1073 2800 1130 Christianos
2827 1073 3276 1148 promuigaverit.

2020 1161 2346 1216 Persecutio
2376 1161 2554 1232 igitur
2585 1169 2712 1217 tum
2764 1165 2834 1218 ad
2867 1180 3164 1221 summum
3201 1175 3540 1237 pervenerat
3570 1188 3585 1228 :

1947 1251 2087 1304 adeo
2123 1256 2185 1304 ut
2231 1251 2402 1306 etiam
2456 1251 2681 1306 Plinius
2739 1254 3062 1321 Secundus,
3098 1255 3247 1312 inter
3276 1259 3585 1327 provinciis

1947 1344 2192 1394 rectores
2230 1339 2582 1410 praecipuus,
2632 1341 2787 1411 quod
2833 1348 3054 1397 tantam
3107 1349 3425 1418 martyrum
3459 1365 3589 1406 esse

1947 1427 2163 1481 videret
2220 1429 2680 1495 multitudinem,
2749 1431 2818 1485 ad
2882 1431 3284 1500 imperatorem
3335 1437 3586 1493 referen-

1945 1517 2110 1585 dum,
2135 1528 2190 1572 et
2240 1517 2472 1572 turbam
2505 1523 2725 1573 tantam
2783 1535 2981 1574 eorum
3043 1521 3142 1592 qui
3175 1539 3278 1594 pro
3308 1523 3421 1580 ﬁde
3449 1527 3584 1582 οξεδί

1944 1614 2162 1670 essent,
2193 1607 2242 1660 ei
2276 1607 2720 1678 signiﬁcandam
2753 1608 3002 1675 duxerit,
3023 1610 3125 1668 illo
3151 1613 3326 1668 etiam
3359 1614 3580 1682 addito,

1945 1711 2059 1752 non
2126 1696 2443 1767 quidquam
2492 1697 2720 1752 sceleris
2763 1703 2960 1753 contra
3018 1699 3176 1771 leges
3221 1701 3583 1760 Christianos

1945 1789 2326 1854 committere,
2386 1793 2767 1856 praeterquam
2819 1789 2970 1858 quod
3020 1806 3154 1846 cum
3209 1793 3394 1863 primo
3437 1794 3589 1850 dilu-

1943 1877 2073 1931 culo
2104 1882 2546 1947 consurgentes,
2588 1878 2887 1934 Christum
2929 1883 3208 1952 tanquam
3246 1887 3422 1938 Deum
3467 1885 3590 1939 lau-

1947 1967 2121 2020 dibus
2177 1965 2486 2030 oelebrent,
2553 1983 2586 2021 a
2643 1968 2940 2022 sceleratis
3009 1971 3284 2026 omnibus
3348 1972 3584 2042 ﬂagitiis

1944 2054 2310 2109 alienissimi.
2369 2055 2590 2118 Quibus
2647 2055 2803 2109 verbi
2859 2056 3145 2124 Traianus
3189 2059 3392 2128 ﬂexus,
3427 2062 3579 2118 τυ

1942 2143 1996 2198 ei
2035 2142 2328 2212 rescripsit
2376 2159 2390 2197 :
2432 2141 2888 2199 Christianorum
2921 2147 3158 2215 quidem
3189 2154 3421 2218 gentem
3465 2167 3582 2206 non

1943 2230 2352 2301 inquirendam
2417 2247 2566 2293 esse,
2623 2231 2848 2288 oblatos
2912 2250 3046 2288 vero
3106 2236 3300 2305 puniri
3350 2239 3584 2292 debere.

1944 2311 2188 2366 Proinde
2217 2313 2302 2366 vis
2358 2317 2417 2367 et
2465 2312 2788 2381 persecutio
2833 2327 2902 2368 ea
2945 2314 3312 2384 aliquatenus
3343 2319 3581 2386 quidem

1943 2399 2196 2454 cohibita
2240 2407 2350 2466 est,
2411 2416 2524 2455 non
2577 2409 2767 2456 tamen
2818 2417 2912 2456 res
2978 2402 3463 2469 Christianorum,
3512 2407 3586 2462 ab

1941 2490 2173 2546 insidiis
2219 2506 2422 2545 eorum
2471 2491 2573 2559 qui
2623 2490 2760 2545 illos
2825 2488 3078 2562 amisere
3128 2493 3587 2566 constituissent,

1943 2585 2080 2632 tutis
2116 2595 2352 2647 prorsus
2411 2579 2590 2633 fuere.
2651 2579 2877 2634 Alicubi
2925 2581 3082 2636 enim
3143 2582 3390 2654 populus
3435 2583 3583 2654 ipse.

1943 2667 2155 2722 alicubi
2185 2682 2318 2720 vero
2357 2674 2410 2719 et
2452 2665 2727 2736 praesides
2775 2666 3034 2722 locorum
3083 2677 3286 2725 contra
3335 2686 3440 2726 nos
3478 2671 3580 2726 in-

1941 2757 2272 2825 surgebant.
2301 2755 2370 2808 Et
2401 2755 2664 2824 quamvis
2695 2755 2920 2824 publica
2959 2758 3017 2811 in
3069 2757 3403 2813 universum
3451 2775 3586 2828 per-

1941 2845 2160 2900 secutio
2202 2846 2476 2899 mandata
2505 2851 2560 2898 et
2592 2843 2956 2914 promulgata
2988 2863 3102 2901 non
3134 2855 3306 2916 esset,
3337 2847 3580 2903 seorsim

1939 2937 2134 2986 tamen
2169 2947 2268 3000 per
2306 2933 2630 3001 provincias
2672 2949 2736 2986 ea
2765 2935 3157 2996 exercebatur,
3209 2935 3386 2990 utsic
3431 2951 3585 3003 quo-

1938 3035 2054 3089 que
2081 3019 2501 3090 quamplurimi
2553 3019 2754 3074 fierent
2784 3029 3080 3092 martyres.
3114 3023 3244 3077 Hac
3277 3022 3586 3078 Tertullia-

1937 3125 2052 3165 nus
2097 3108 2158 3164 in
2197 3107 2534 3164 defensione
2563 3125 2689 3174 sua,
2737 3125 2912 3180 quam
2947 3109 3202 3166 Romana
3228 3113 3579 3182 conscripsit

1938 3197 2157 3269 lingua,
2189 3204 2608 3252 commemorat
2654 3197 2813 3254 hisce
2843 3214 3020 3270 prope
3056 3199 3245 3255 verbis
3280 3216 3294 3256 :
3341 3219 3367 3252 α
3400 3200 3578 3271 Atqui

1943 3286 2272 3342 invenimus
2318 3286 2758 3356 inquisitionem
2797 3303 3032 3358 quoque
3079 3288 3139 3344 in
3173 3305 3278 3345 nos
3310 3289 3582 3360 prohibi-

1943 3379 2086 3430 tam.
2123 3373 2340 3430 Plinius
2367 3373 2527 3429 enim
2558 3375 2883 3442 Secundus,
2914 3392 3048 3431 cum
3074 3377 3428 3447 provinciam
3454 3391 3588 3446 rege

1945 3471 2050 3528 ret,
2081 3463 2373 3517 damnatis
2421 3461 2773 3530 quibusdam
2814 3462 3184 3530 Christianis,
3227 3463 3580 3533 quibusdam

1947 3551 2131 3622 gradu
2157 3550 2364 3620 pulsis,
2397 3551 2526 3620 ipsa
2569 3552 2807 3605 tandem
2867 3551 3242 3608 multitudine
3288 3553 3590 3622 perturba-

1947 3648 2064 3706 tus,
2120 3654 2174 3696 et
2205 3641 2346 3711 quid
2379 3641 2452 3696 de
2483 3648 2688 3694 cetero
2749 3646 2946 3711 ageret
2991 3644 3252 3708 nescius,
3298 3641 3601 3697 consuluit

1948 3737 2087 3787 tunc
2161 3731 2476 3800 Trajanum
2562 3733 2991 3799 imperatorem,
3049 3730 3328 3803 allegans,
3391 3742 3593 3802 praeter

1949 3820 2400 3875 obstinationem
2460 3835 2573 3873 non
2631 3819 3015 3882 sacrificandi,
3048 3819 3195 3874 nihil
3225 3835 3288 3876 se
3325 3820 3589 3876 scelerati

1950 3912 2022 3965 de
2076 3909 2160 3964 eis
2211 3907 2557 3976 comperisse
2603 3925 2615 3974 ;
2666 3909 2974 3964 insinuans
3017 3923 3250 3979 quoque
3308 3913 3366 3964 et
3421 3909 3586 3976 illud,

1950 4013 2189 4068 surgere
2241 4003 2418 4068 atque
2470 3997 2776 4052 convenire
2831 4011 3056 4051 summo
3105 4013 3274 4051 mane
3319 3997 3599 4053 Christia-

1951 4103 2080 4155 nos,
2110 4095 2164 4141 et
2193 4085 2490 4142 Christum
2539 4091 2817 4156 tanquam
2849 4083 3030 4140 Deum
3071 4086 3433 4141 carminibus
3466 4087 3596 4140 lau-

1944 4179 2101 4242 dare,
2159 4180 2218 4230 et
2277 4177 2349 4230 ad
2416 4175 2872 4230 conservandam
2933 4189 3135 4229 eorum
3201 4173 3590 4242 disciplinam,

1945 4264 2350 4329 homicidium,
2409 4263 2786 4328 adulterium,
2847 4263 3132 4329 fraudem,
3177 4262 3510 4333 perﬁdiam,
3541 4268 3602 4317 et

187 4357 403 4404 caetera
469 4350 687 4404 scelera
745 4349 1066 4418 prohibere.
1125 4352 1210 4402 Ab
1268 4365 1396 4417 quae
1463 4349 1746 4418 Traianus
1804 4355 2119 4425 rescripsit,
2185 4353 2543 4409 Christianos
2601 4353 2982 4423 inquirendos
3042 4367 3159 4408 non
3236 4367 3388 4417 esse,
3431 4351 3592 4408 obla-

187 4450 276 4494 tus
307 4445 508 4495 autem
544 4439 890 4508 puniendos.
927 4460 954 4486 υ

798 4550 1067 4602 ΚΕΦΑΛ.
1115 4548 1230 4600 Ill'.

187 4634 724 4708 Μαρτύριοντοῧ
755 4633 949 4706 ἁγίου
981 4633 1368 4708 Κλήμεντος
1401 4633 1688 4708 Ῥώμης,
1723 4633 1827 4689 καί

441 4707 594 4778 περὶ
624 4710 752 4760 τῶν
789 4705 1344 4780 συγγραμμάτων
1374 4705 1606 4763 αὐτοῦ,

257 4796 397 4852 Κατ’
453 4792 623 4848 ἐκεῖνο
699 4791 756 4848 δὲ
828 4797 1020 4866 καιροῦ
1086 4791 1163 4848 ἔτι
1239 4791 1475 4864 Κλήμης
1535 4793 1585 4846 ἐν
1644 4795 1832 4869 Ῥώμῃ

190 4880 493 4959 διέπρεπε·
557 4883 692 4956 πρὸς
750 4879 807 4937 δὲ
881 4885 971 4937 καὶ
1047 4883 1307 4956 Ἰγνάτιος
1373 4884 1472 4950 τὴν
1548 4883 1834 4958 Ἀντιόχου

189 4968 366 5027 διεῖπε
399 4991 410 5004 ·
475 4970 685 5033 Παπίας
736 4992 794 5026 τε
849 4972 916 5039 ἦν
971 4971 1022 5024 ἐν
1078 4969 1382 5044 Ἱεραπόλει
1461 4971 1782 5044 συγγρεὶφων
1816 4989 1830 5003 ⁸

193 5065 535 5139 Ιιαγκρατιός
609 5084 667 5118 τε
743 5064 831 5117 καὶ
910 5065 937 5116 ὁ
1010 5066 1109 5129 τῆς
1170 5062 1494 5134 Σμυρναίων
1569 5059 1833 5136 πρόεδρος

192 5152 555 5226 Πολύκαρπος
580 5173 591 5184 ·
632 5153 704 5206 ῶν
738 5153 791 5206 οἱ
825 5155 918 5222 μὲν
976 5154 1201 5224 ιιὲτρου,
1251 5148 1610 5222 Πολύκαρπος
1653 5148 1710 5206 δὲ
1737 5155 1834 5207 τοῦ

192 5239 510 5312 ἒπιστηθίου
567 5241 704 5308 ἦσαν
761 5240 1053 5312 ὁμιληταί.
1112 5239 1326 5295 Τούτων
1378 5240 1406 5293 ὁ
1454 5240 1548 5312 μὶν
1593 5238 1833 5314 Κλήμης

190 5330 462 5402 Ῥωμαῖος
521 5328 716 5385 ἄνωθεν
775 5330 864 5398 ἦν,
910 5329 1000 5382 καὶ
1047 5332 1116 5400 τῇ
1170 5327 1432 5402 βασιλικῇ
1481 5327 1632 5402 φυλῇ
1696 5329 1836 5384 κατὰ

189 5419 339 5490 γένος
363 5422 684 5494 προσήκων,
733 5418 987 5472 Φαύστου
1036 5419 1184 5478 τινὸς
1213 5417 1305 5470 καὶ
1356 5414 1650 5479 Ματθιδίας
1695 5418 1831 5487 υἱὸς,

190 5512 418 5579 παντοίᾳ
465 5506 524 5563 δὲ
560 5504 782 5578 παιδείᾳ
833 5503 1140 5579 Ἑλληνικῇ
1200 5505 1538 5582 συντραφεὶς,
1589 5505 1679 5560 καὶ
1726 5513 1834 5562 πᾶ-

259 5700 337 5772 (1)
369 5697 481 5755 Alii
515 5698 754 5768 babent,
787 5698 1054 5752 Faustini.

2545 4549 2776 4608 CAPUT
2804 4549 2994 4606 XVIII.

1943 4641 2267 4710 Martyrium
2297 4639 2474 4694 sancti
2533 4638 2852 4722 σιωπωμιέ
2883 4639 3143 4706 Romani,
3201 4643 3260 4692 et
3313 4636 3382 4691 de
3432 4635 3593 4692 libri:

2709 4727 2847 4779 ejus.

2019 4801 2093 4854 Eo
2141 4803 2400 4870 tempore
2466 4800 2658 4854 adhuc
2709 4803 2894 4854 Romae
2944 4798 3209 4853 Clemens
3255 4795 3484 4863 enituit,
3536 4798 3596 4850 et

1944 4888 2202 4958 Ignatius
2235 4887 2547 4942 Ecclesiam
2581 4888 2998 4942 Antiochenam
3035 4889 3200 4940 rexit.
3248 4885 3450 4954 Papias
3481 4901 3589 4938 au-

1942 4986 2060 5032 tem
2095 4971 2384 5048 Hierapoli
2425 4979 2656 5046 scriptis
2685 4978 2926 5031 edendis
2951 4989 3180 5042 operam
3215 4974 3400 5028 dedit.
3439 4972 3598 5027 Vixit

1943 5067 2120 5120 etiam
2175 5065 2531 5131 Pancratius,
2588 5070 2645 5119 et
2688 5064 3103 5135 Smynensium
3136 5063 3388 5117 antistes
3421 5061 3599 5132 Poly-

1942 5170 2157 5224 carpus
2199 5169 2212 5208 :
2261 5169 2504 5223 quorum
2556 5153 2639 5208 illi
2689 5153 2926 5223 quidem
2969 5151 3122 5206 Petri
3150 5150 3446 5219 discipuli,
3493 5149 3597 5204 Po-

1942 5243 2214 5315 lycarpus
2253 5247 2443 5297 autem
2511 5245 2640 5306 ejus
2687 5243 2782 5310 qui
2853 5255 3032 5308 supra
3088 5245 3288 5308 pectus
3363 5237 3594 5293 Domini

1944 5334 2231 5399 recubuit,
2276 5336 2528 5386 sectator
2575 5329 2705 5384 fuit.
2757 5328 3020 5386 Clemens
3063 5343 3234 5398 porro
3283 5325 3476 5382 Romae
3528 5325 3587 5380 il-

1943 5421 2110 5476 lustri
2153 5419 2278 5474 loco
2325 5427 2523 5482 natus.
2569 5432 2868 5490 genusque
2897 5432 3069 5470 suum
3104 5417 3174 5470 ad
3208 5416 3590 5485 imperatores

1943 5513 2236 5565 Romanos
2287 5508 2560 5569 referens.
2624 5507 2819 5562 Fausti
2863 5505 2942 5576 (1)
2989 5504 3290 5574 cuiusdam
3334 5510 3394 5559 et
3443 5504 3590 5558 Mat-
