4032 6282
468 310 583 372 931

1762 306 2186 373 NICEPHORI
2230 310 2542 373 CALLIST
2552 309 2576 369 Ι

3748 306 3857 367 932

469 442 676 499 thidias
705 441 882 510 ﬁlius,
908 439 1081 497 variis
1112 439 1436 495 Grecorum
1465 438 1792 511 disciplinis
1822 441 2113 509 eruditus,

2231 462 2319 497 σαν
2366 442 2465 511 τήν
2503 445 2610 496 τῶν
2658 435 2827 495 ὄντων
2883 442 3081 513 γνῶσιν
3134 438 3209 501 εἷς
3241 438 3405 512 ἄκρον
3466 436 3726 507 ἆσκήσας,
3773 438 3855 491 καὶ

472 536 645 602 atque
677 532 734 585 in
789 529 948 586 omni
1003 544 1213 600 genere
1243 526 1612 583 scientiarum
1646 545 1871 585 summe
1897 531 2114 588 exerci-

467 628 654 690 tatus,
687 618 1078 692 apostolorum
1127 617 1406 690 principis
1439 618 1741 675 familiaris
1775 621 1901 688 fuit,
1944 624 2113 679 sicuti

474 719 645 768 antea
668 728 700 765 ιι
732 726 822 765 me
852 708 1074 764 dictum
1105 712 1195 763 est
1225 724 1238 763 :
1274 724 1307 763 a
1338 724 1452 779 quo
1483 725 1694 764 arcana
1723 709 2117 771 Chrisiisacra

469 805 729 865 edoctus,
782 797 1155 868 Evangalium
1204 797 1610 870 promulgavit.
1653 797 1797 854 Cum
1830 801 1982 857 248
2015 819 2118 858 au-

470 895 587 947 tem
626 889 905 958 imperata
960 886 1195 958 Trajani
1249 902 1365 941 non
1415 888 1646 956 faceret,
1695 888 1753 943 in
1824 891 2115 949 civitatem

471 979 783 1053 quamdam
842 976 1148 1032 obscuram
1221 980 1279 1031 et
1336 975 1651 1031 desolatam
1709 978 1988 1036 Chersoni
2036 982 2115 1052 (1)

468 1070 720 1125 vicinam
761 1070 850 1122 est
894 1066 1173 1138 relegatus
1206 1066 1321 1138 (2);
1357 1064 1676 1138 multisque
1720 1069 1955 1125 casibus
1989 1088 2115 1142 pro-

477 1166 605 1234 pter
633 1155 844 1213 Christi
868 1155 1292 1213 confessionem
1317 1154 1696 1225 conﬂiciatus,
1740 1159 1968 1215 tandem
2010 1177 2116 1216 an-

476 1265 608 1306 cora
638 1248 823 1303 ferrea
867 1262 899 1301 e
947 1244 1092 1300 collo
1124 1245 1250 1316 ejus
1281 1260 1583 1316 suspensa,
1636 1246 1693 1300 in
1726 1247 1907 1303 altum
1958 1266 2117 1305 mare

474 1337 797 1411 projicitur.
860 1335 940 1391 De
994 1351 1106 1404 quo
1191 1351 1367 1404 supra
1421 1334 1755 1405 opinionem
1817 1338 2116 1407 praesentis

469 1426 760 1484 memoriis
796 1424 1075 1498 quiddam
1126 1423 1357 1480 accidit.
1390 1422 1684 1493 Siquidem
1736 1425 1883 1480 mari
1913 1426 2119 1482 diebus

468 1522 691 1589 septem
722 1516 794 1571 ad
856 1514 968 1569 tria
1021 1512 1203 1568 millia
1260 1529 1541 1584 passuum
1596 1513 1802 1581 diviso,
1855 1514 2021 1571 mluti
2052 1533 2117 1572 eo

470 1613 633 1672 eunt,
685 1613 739 1660 et
796 1602 1065 1676 martyris
1140 1619 1351 1673 corpus
1426 1601 1857 1671 exosculantur,
1914 1606 2117 1678 templo

478 1697 672 1754 divina
700 1694 909 1749 virtute
938 1692 1204 1749 excitato.
1236 1692 1306 1746 Et
1345 1707 1475 1747 cum
1509 1693 1823 1763 aliquando
1863 1710 2022 1750 mare
2056 1701 2120 1751 ut

2226 536 2305 602 τῷ
2337 530 2619 609 κορυφαίῳ
2667 533 2775 586 τῶν
2826 526 3151 583 ἀποστόλων
3195 527 3530 603 περιτυχὼν,
3580 529 3721 602 ᾕπέρ
3772 548 3859 599 μοι

2225 619 2461 696 εἴρηται,
2506 623 2596 674 καί
2642 621 2706 674 τὸ
2760 619 2896 673 κατὰ
2952 618 3183 693 Φριστὸν
3244 620 3551 690 μυστήριον
3613 618 3855 691 μηηθεὶς,

2223 709 2477 784 κηρύττει
2519 709 2582 764 τὸ
2628 708 2961 783 Εὖαγγέλιον
3016 708 3278 763 Ἀπειθῶν
3304 704 3349 762 δ’
3381 705 3474 761 οὖν
3517 711 3636 767 τοῖς
3686 705 3859 762 ἐντελ-

2227 799 2486 873 λομένοις
2543 802 2813 871 Τραϊανῷ,
2876 796 3162 872 ὑπερόριος
3221 795 3282 850 ἐκ
3337 796 3560 868 Ῥώμης
3615 795 3690 858 ε’ίς
3745 817 3857 850 τινα

2225 887 2388 944 πόλιν
2431 893 2500 963 τῇ
2552 891 2793 963 Χερσῶνι
2842 886 3244 960 παρακειμένην
3295 881 3501 960 ἔρημον
3535 887 3726 955 πάντη
3774 886 3857 940 καὶ

2226 979 2522 1054 αὐχμηρὰν
2560 977 2781 1053 γίνεται.
2838 975 3086 1037 Πολλοῖς
3135 974 3193 1029 δὲ
3240 972 3438 1037 δεινοῖς
3495 972 3585 1029 διὰ
3642 977 3739 1043 τὴν
3792 974 3859 1037 εἲς

2227 1067 2452 1141 Χριστὸν
2518 1064 2820 1140 ὁμολογίαν
2870 1062 3179 1137 ὡμιληκὼς
3228 1062 3473 1140 ὕστερον,
3522 1061 3734 1138 ἀγκύρᾳ
3783 1083 3857 1117 ei-

2228 1156 2499 1230 δηρᾷτοῦ
2547 1155 2836 1230 τραχήλου
2883 1152 3257 1228 ὲξαρτηθείσῃ,
3312 1156 3393 1224 τῷ
3442 1159 3545 1221 τῆς
3593 1151 3860 1221 θαλάσσης

2229 1248 2379 1321 βυθῴ
2440 1244 2854 1322 ἀπορῥίπτεται.
2916 1241 3224 1317 Παράδοξον
3273 1240 3332 1298 δέ
3385 1264 3440 1298 τι
3488 1246 3591 1307 τῆς
3643 1244 3857 1316 μνήμης

2226 1337 2576 1410 ἐνισταμένης
2634 1335 2784 1407 αὐτῷ
2840 1333 3159 1409 ἐπιγίνεται,
3208 1333 3331 1392 Ἐπὶ
3388 1334 3492 1408 γὰρ
3535 1333 3663 1408 τρία
3716 1332 3861 1405 μίλια

2225 1430 2325 1492 τῆς
2376 1424 2650 1495 θαλάττης
2702 1421 3089 1498 διαιρουμένης
3120 1424 3198 1500 ἐφ’
3230 1421 3463 1499 ἡμέραις
3513 1424 3670 1491 ἑπτὰ,
3703 1443 3860 1497 προσ-

2232 1514 2371 1571 ίασιν
2403 1515 2454 1570 οἱ
2503 1514 2929 1587 ἐπιφοιτῶντες·
2975 1512 3067 1567 καί
3102 1515 3164 1567 τὸ
3207 1520 3405 1582 σκῆνος
3446 1517 3544 1567 τοῦ
3602 1512 3865 1587 μάρτυρος

2227 1605 2686 1675 κατασπάζονται,
2749 1606 2856 1657 νεώ
2931 1601 3101 1659 ἐκεῖσε
3175 1602 3293 1674 θείᾳ
3348 1599 3579 1675 δυνάμει
3651 1600 3863 1677 ἀνεγερ-

2227 1695 2427 1756 θέντος.
2475 1695 2574 1780 Καιί
2609 1713 2741 1748 ποτε
2774 1689 2832 1746 δὲ
2877 1698 2978 1760 τῆς
3027 1690 3306 1767 θαλάσσης
3357 1692 3448 1746 οἷα
3494 1688 3614 1754 ἔθος
3671 1688 3864 1765 διαιρε·

475 1785 707 1853 assolet,
740 1784 993 1837 divisum
1051 1785 1225 1847 esset,
1258 1780 1623 1853 populusque
1654 1787 1809 1837 stata
1840 1784 1919 1839 ibi
1951 1800 2117 1840 sacra

2231 1783 2439 1854 θείσης,
2484 1784 2576 1838 καὶ
2630 1787 2726 1837 τοῦ
2785 1780 2918 1838 λαοῦ
2973 1781 3042 1837 τὰ
3097 1782 3328 1836 εἰωθότα
3379 1782 3727 1853 τελέσαντος,
3781 1783 3863 1836 καὶ

2267 1872 2324 1886 ν-
2450 1873 2464 1886 .
2702 1874 2713 1886 ,
3122 1869 3170 1886 ι..
3382 1882 3385 1883 ν
3421 1872 3435 1886 .
3525 1870 3545 1886 ς
3581 1873 3624 1886 ._
3803 1875 3828 1885 -

480 1876 821 1946 peregisset,
873 1877 1049 1943 atque
1092 1869 1229 1926 inde
1286 1886 1487 1925 rursus
1538 1876 1937 1941 reverteretur,
1995 1890 2120 1929 eve-

476 1964 586 2031 nit,
621 1969 683 2017 ut
726 1978 828 2034 per
884 1965 1191 2033 parentum
1244 1958 1592 2016 oblivionem
1639 1960 1758 2016 illic
1810 1979 1953 2033 puer
1984 1964 2120 2034 qui-

475 2054 610 2110 dam
644 2051 1085 2122 relinqueretur.
1134 2049 1449 2121 Atque‘ubi
1483 2066 1642 2104 mare
1678 2050 1738 2105 in
1768 2066 1895 2107 sese
1926 2053 2117 2121 rediit,

476 2158 619 2215 puer
649 2139 894 2196 tenellus
925 2139 1244 2195 etiamnum
1277 2139 1450 2193 undis
1480 2142 1569 2194 est
1602 2140 1863 2196 obrutus.
1899 2141 2118 2198 Deinde

474 2247 608 2288 cum
642 2245 877 2285 rursum
926 2228 1138 2284 ﬂuctus
1189 2228 1588 2297 recessissent,
1624 2235 1891 2300 parentes
1931 2246 1997 2286 eo
2028 2248 2122 2287 ac-

476 2335 723 2388 cessere,
780 2323 839 2374 et
893 2317 1150 2388 puellum
1200 2315 1424 2371 salvum
1485 2321 1544 2372 et
1614 2317 1870 2375 validum
1926 2319 2116 2378 loculo

480 2410 663 2467 sancti
715 2408 990 2477 martyris
1017 2404 1369 2462 assidentem
1405 2413 1757 2477 repererunt.
1793 2411 1913 2475 Qua
1944 2426 2004 2465 re
2034 2428 2118 2467 co-

471 2500 655 2572 gnita,
724 2496 1152 2562 intellexerunt,
1213 2510 1345 2550 eum
1405 2511 1505 2565 per
1559 2495 1983 2554 inhabitantem
2034 2499 2114 2554 ibi

471 2589 718 2661 gratiam
752 2587 960 2653 totum,
992 2591 1050 2641 et
1077 2585 1225 2640 citra
1256 2601 1401 2640 nocu
1416 2589 1679 2640 mentum
1711 2603 1742 2640 a
1775 2587 1911 2643 feris
1935 2590 2114 2643 mari-

471 2678 564 2735 nis
595 2685 997 2733 consveralum
1029 2689 1175 2730 esse.
1210 2674 1574 2745 Quapropter
1602 2676 1902 2747 Apostolo,
1938 2695 2114 2748 quem

475 2766 666 2828 decuit
727 2775 895 2833 atque
926 2763 1201 2836 oportuit,
1237 2764 1455 2818 honore
1509 2764 1729 2830 habito,
1772 2782 1904 2821 cum
1940 2784 2114 2838 puero

475 2872 582 2913 suo
640 2856 875 2911 domum
911 2857 1051 2908 sunt
1100 2852 1332 2909 reversi.
1367 2853 1443 2906 De
1482 2852 1776 2910 Clemente
1810 2855 1916 2911 hoc
1946 2862 2116 2912 antea

475 2960 703 3017 quoque
733 2944 1006 2999 diximus.
1039 2941 1358 3013 Epistulam
1399 2941 1576 3009 hujus
1608 2944 1843 2999 nomine
1873 2946 2114 3016 editam,

475 3049 752 3104 magnam
783 3037 840 3087 et
869 3030 1287 3096 admirandam,
1311 3031 1594 3085 Eusebius
1626 3031 1911 3102 Pamphili
1947 3036 2116 3091 attin-

474 3124 561 3195 git
593 3138 608 3177 :
641 3138 815 3194 quam
852 3120 1123 3176 Romanae
1180 3119 1448 3174 Ecclesiae
1497 3122 1732 3177 nomine
1770 3122 2109 3189 Corinthiis,

474 3186 608 3267 cum
641 3186 793 3281 apud
826 3225 922 3266 eos
968 3217 1086 3263 tum
1119 3208 1323 3263 seditio
1352 3213 1519 3275 esset,
1557 3210 1791 3280 scripsit
1840 3229 1853 3267 :
1896 3230 2022 3268 eam
2056 3186 2113 3270 et
2142 3186 2184 3252 (ἶ

472 3299 794 3372 antiquitus
848 3306 903 3354 et
965 3314 1072 3354 suo
1130 3306 1387 3369 tempore
1463 3298 1692 3370 publice
1748 3301 1807 3357 in
1861 3302 2119 3360 Ecclesia

477 3391 683 3447 lectam
733 3388 892 3455 dicit,
950 3388 1008 3442 in
1069 3403 1185 3458 qua
1241 3385 1438 3442 multis
1497 3390 1803 3446 sententiis
1849 3391 2118 3459 Epistolas

478 3480 639 3537 Pauli
671 3477 917 3551 apostoli
956 3479 1027 3533 ad
1078 3476 1342 3533 Hebraeos
1374 3477 1572 3533 utitur.
1609 3478 1736 3535 Fuit
1774 3485 1831 3536 et
1860 3482 1973 3537 alia
2007 3485 2117 3538 sub

479 3570 660 3641 hujus
702 3567 938 3623 nomine
979 3566 1244 3637 epistola,
1277 3566 1453 3638 priori
1485 3566 1654 3640 longe
1696 3570 1907 3641 impar,
1941 3588 2117 3642 quam

480 3664 702 3715 veteres
751 3657 1073 3729 ignorasse,
1132 3656 1284 3711 idem
1345 3658 1633 3712 Eusebius
1702 3660 1907 3715 scribit
1956 3676 1968 3716 :
2022 3662 2117 3732 qui

477 3764 645 3820 porro
675 3750 733 3801 et
760 3747 967 3818 exigua
1015 3746 1143 3814 ejus
1192 3745 1427 3815 scripta,
1478 3761 1601 3815 que
1651 3746 1797 3803 Petri
1827 3753 1885 3804 et
1913 3751 2123 3820 Appio-

479 3837 574 3892 nis
621 3850 750 3890 esse
798 3835 876 3889 ait
926 3833 1245 3904 dialogum,
1290 3834 1556 3904 reprobat
1604 3852 1618 3890 :
1663 3852 1793 3908 quas
1840 3838 2117 3893 nimirum

478 3925 761 3981 sinceram
819 3929 1145 3994 certamque
1201 3923 1530 3994 apostolica
1587 3926 1946 3982 orthodoxiaa
2013 3930 2124 3984 for-

481 4027 639 4067 mam
688 4010 933 4065 retinere
964 4015 1155 4080 negat.
1199 4010 1312 4080 Ego
1355 4028 1489 4066 vero
1544 4011 1647 4081 illi,
1683 4012 1731 4068 si
1765 4016 1836 4070 de
1866 4016 1949 4069 eis
1996 4032 2118 4086 qum

483 4113 642 4157 nunc
671 4098 823 4169 apud
873 4114 979 4153 nos
1035 4097 1396 4154 Clementina
1444 4100 1739 4169 dicuntur,
1773 4103 1970 4170 sentit,
2004 4121 2119 4160 non

480 4189 767 4247 assentior
798 4210 815 4255 ;
846 4203 914 4242 ea
942 4185 1098 4243 enim
1142 4186 1409 4244 Ecclesiae
1450 4194 1680 4260 recepta
1709 4199 1862 4247 sunt.
1902 4194 1958 4247 Si
1990 4208 2121 4250 vero

483 4284 757 4352 praeterea
813 4276 1009 4347 aliqua
1068 4274 1184 4330 sint
1242 4276 1374 4342 alia,
1434 4278 1582 4333 nihil
1641 4280 1915 4349 refragor.
1956 4284 2122 4337 Hunc

481 4373 674 4426 autem
719 4369 777 4421 et
823 4363 1272 4435 apostolicarum
1313 4366 1823 4438 constitutionum,
1853 4377 1908 4424 et
1935 4386 2119 4426 sacro-

478 4472 612 4513 rum
667 4470 899 4526 quoque
967 4470 1256 4510 canonum
1310 4454 1593 4527 ipsorum,
1643 4462 1939 4514 auctorem
1997 4476 2123 4516 esse

2228 1872 2381 1935 αὖθις
2444 1873 2948 1950 ὑποχωρήσαντος,
3016 1869 3235 1926 παιδίον
3309 1872 3449 1926 κατὰ
3525 1870 3705 1942 λήθην
3763 1875 3863 1925 τῶν

2227 1963 2493 2016 τεκόντων
2564 1960 2735 2015 ἐκεῖσε
2801 1958 2870 2024 δὴ
2936 1958 3393 2036 έναπολειφθῆναι
3479 1956 3692 2034 ἐγένετο
3732 1978 3749 1992 ⁶
3818 1960 3867 2021 ἐς

2228 2052 2394 2106 ταυτὸ
2422 2049 2479 2105 δὲ
2518 2056 2617 2120 τῆς
2668 2049 2943 2119 θαλάσσης
2994 2046 3285 2120 ἐλθούσης,
3327 2049 3417 2104 τὸν
3464 2047 3634 2103 παῖδα
3676 2051 3866 2119 νήπιον

2231 2139 2361 2196 ὄντα
2402 2138 2744 2217 καλυφθῆναι
2790 2144 2906 2203 τοῖς
2953 2138 3189 2212 κύμασιν
3223 2155 3238 2170 ⁸
3285 2137 3556 2193 εἷσέπειτα
3584 2135 3634 2192 δ’
3664 2137 3871 2201 ἐσαῦθις

2227 2230 2725 2307 ἀνακεχωρηκὸτος
2780 2234 2876 2286 τοῦ
2931 2228 3196 2304 κύματος,
3240 2228 3366 2289 τοὺς
3412 2234 3588 2302 γονεῖς
3639 2228 3869 2302 προσελ-

2228 2322 2440 2382 θόντας.
2493 2320 2668 2395 εὑρεῖν
2731 2321 2879 2397 ὑγιὲς
2929 2321 2991 2375 τὸ
3043 2318 3259 2375 παιδίον
3312 2319 3405 2374 καὶ
3462 2318 3748 2395 εὐτραφὲς,
3805 2323 3867 2389 τῇ

2225 2414 2322 2465 τοῦ
2387 2408 2548 2487 ἁγίου
2606 2411 3060 2484 παρακαθήμενον
3118 2408 3367 2484 λάρνακι.
3427 2408 3502 2464 Οὗ
3573 2405 3643 2478 δὴ
3701 2428 3868 2463 πεπυ-

2226 2499 2416 2574 σμένοι
2467 2499 2791 2573 ἐμάνθανον,
2819 2499 2878 2555 ἐκ
2917 2504 3019 2566 τῆς
3063 2504 3161 2555 τοῦ
3211 2499 3610 2572 παρακειμένου
3663 2495 3867 2573 διατρέ-

2226 2592 2414 2671 φεσθαι
2448 2592 2698 2664 χάριτος,
2729 2588 2819 2643 καὶ
2857 2595 2956 2658 τῆς
2996 2594 3107 2644 τῶν
3153 2586 3388 2643 ἓναλίων
3438 2586 3648 2662 θηρίων
3692 2585 3870 2658 διατη-

2228 2682 2436 2756 ρεῖσθαι
2487 2677 2671 2753 λύμης
2728 2679 2998 2754 ἀνώτερον
3028 2699 3040 2712 ·
3090 2676 3143 2734 οἵ
3197 2678 3291 2734 καὶ
3345 2682 3425 2749 τῷ
3474 2677 3770 2751 ἀποστόλῳ
3811 2679 3867 2732 τὸ

2226 2768 2372 2833 εἰκὸς
2443 2771 2909 2842 ἀφοσιωσάμενοι,
2988 2767 3123 2840 μετᾶ
3195 2772 3294 2823 τοῦ
3365 2767 3625 2844 σφετέρου
3686 2766 3867 2827 παιδὸς

2226 2859 2363 2932 πρὸς
2392 2857 2457 2913 τὰ
2488 2858 2663 2912 οἰκεῖα
2704 2856 2997 2931 ἐπανῄεσαν
3051 2857 3185 2926 ἤθη.
3236 2855 3366 2929 Περὶ
3401 2858 3499 2930 μὲν
3534 2855 3629 2911 οὗν
3679 2857 3865 2912 τούτου

2225 2947 2316 3003 καὶ
2373 2946 2574 3002 ἄνωθεν
2639 2941 2988 3017 διελάϐομεν,
3046 2943 3528 3021 Ὀμολογουμένην
3605 2947 3703 3018 μὴ
3776 2943 3862 2998 οὖν

2225 3038 2429 3096 τούτου
2477 3036 2776 3107 ἐπιστολὴν
2816 3031 3076 3098 Εὐσέϐιος
3121 3037 3329 3111 ἱστορεῖ
3357 3038 3385 3091 6
3418 3036 3729 3116 Παμφίλου,
3769 3057 3860 3109 με·

2223 3127 2401 3205 γάλην
2433 3148 2492 3183 τε
2520 3129 2610 3182 καὶ
2643 3127 2791 3197 ἀξίαν
2823 3124 3041 3182 πολλοῦ
3071 3126 3348 3198 θαύματος
3369 3142 3384 3156 ⁸
3415 3128 3479 3194 ἣν
3511 3127 3585 3188 ὡς
3620 3127 3727 3182 ἀπὸ
3770 3130 3862 3194 τῆς

2219 3216 2506 3290 Ῥωμαίων
2555 3214 2878 3280 Ἐκκλησίας
2931 3212 3243 3286 Κορινθίοις
3292 3209 3679 3285 διαπέμπεται,
3738 3213 3864 3267 στα·

2230 3328 2366 3368 σεως
2399 3306 2568 3361 ἐκεῖσε
2606 3303 2863 3374 τηνικάδε
2911 3304 3304 3378 γεγενημένης.
3351 3301 3561 3372 Ταύτην
3612 3301 3672 3357 δὲ
3719 3303 3865 3378 λέγει

2229 3397 2315 3451 καὶ
2358 3390 2593 3451 ἔκπαλαι
2635 3395 2726 3449 καὶ
2771 3393 2853 3448 ἐπ’
2902 3394 3069 3447 αὑτοῦ
3120 3391 3208 3447 ἐπὶ
3254 3396 3336 3464 τῷ
3380 3390 3550 3464 κοινῷ
3589 3399 3695 3461 τῆς
3742 3394 3869 3449 Ἐχ-

2229 3484 2463 3555 κλησίας
2506 3482 2978 3557 δημοσιενομένην
3030 3481 3163 3537 εἶναι
3190 3503 3202 3515 ·
3238 3480 3290 3536 ἐν
3322 3479 3359 3556 ᾖ
3386 3481 3476 3536 καὶ
3523 3479 3710 3536 πολλὰ
3739 3484 3875 3553 νοή-

2241 3599 2383 3653 ματα
2412 3576 2471 3632 ἐκ
2501 3583 2601 3645 τῆς
2650 3576 2789 3649 πρὸς
2841 3569 3126 3648 Ἑϐραίους
3170 3576 3267 3627 τοῦ
3309 3570 3622 3627 ἀποστόλου
3655 3572 3874 3628 Παῦλου

2230 3671 2437 3743 χρῆται
2471 3662 2790 3734 ἐπιστολῆς.
2844 3663 2941 3719 Καὶ
2991 3660 3137 3731 ἄλλη
3173 3659 3229 3717 δὲ
3279 3660 3445 3716 αὑτοῦ
3486 3660 3701 3736 φέρεται
3753 3662 3875 3718 Em-

2233 3757 2401 3826 στολὴ
2433 3763 2533 3826 τῆς
2565 3755 2829 3830 προτέρας
2862 3755 3000 3809 κατὰ
3028 3751 3172 3809 πολὺ
3221 3751 3542 3821 ἂποδέοτσα,
3589 3752 3715 3825 περὶ
3750 3754 3819 3823 ἧς
3848 3754 3874 3807 ὁ

2233 3847 2393 3908 αὑτός
2436 3865 2599 3921 φησιν
2652 3839 2933 3912 Εὐσέϐιος,
2985 3844 3059 3915 μὴ
3095 3841 3146 3896 ἐν
3176 3840 3452 3914 ἐπιστήμῃ
3494 3840 3698 3909 ταύτης
3746 3841 3874 3901 τοὸς

2232 3933 2494 4010 ἀρχαίονς
2553 3933 2712 3988 εἶναι.
2776 3931 3191 4007 Παραγράφεται
3251 3926 3297 3984 δ’
3346 3930 3373 3983 6
3432 3927 3731 4003 Παμφίλου
3781 3931 3873 3985 καὶ

2230 4026 2296 4080 τὰ
2357 4023 2526 4098 μικρὰ
2574 4022 2768 4078 τούτου
2818 4039 3252 4097 συγγραμματα’
3282 4019 3315 4073 ἃ
3344 4040 3474 4097 φησι
3525 4018 3734 4094 Πέτρου
3784 4021 3873 4076 καὶ

2231 4114 2503 4177 Ἀπίωνος
2551 4109 2813 4188 διάλογον
2867 4111 3020 4180 εἶναι,
3054 4108 3086 4164 ἃ
3119 4105 3260 4183 μηδὲ
3308 4110 3498 4179 σώζειν
3525 4109 3617 4163 τὸν
3668 4107 3870 4182 ἀκριϐῆ

2231 4211 2329 4272 τῆς
2377 4201 2749 4268 ἀποστολικῆς
2798 4196 3113 4275 ἀρθοδοξίας
3162 4196 3484 4272 χαρακτῆρά
3525 4218 3714 4276 φησιν.
3747 4201 3875 4274 Εγὼ

2233 4291 2310 4363 δὲ,
2371 4291 2415 4346 εἷ
2468 4291 2562 4363 μὲν
2609 4290 2678 4344 τὰ
2721 4292 2810 4343 νῦν
2867 4288 2993 4362 παρ’
3043 4290 3178 4359 ἡμῖν
3227 4286 3544 4357 Κλημέντια
3599 4286 3877 4359 ὄνομαζὸ-

2237 4402 2365 4457 μενα
2413 4378 2582 4455 λέγει,
2642 4376 2703 4433 οὑ
2747 4379 3044 4450 πείθομαι·
3096 4381 3261 4432 ταῦτα
3302 4376 3405 4448 γὰρ
3454 4380 3523 4449 τῇ
3573 4374 3877 4448 Ἐκκλησία

2230 4471 2318 4527 καὶ
2372 4465 2779 4527 εύπαοάδεκτα·
2823 4465 2869 4520 εἴ
2919 4464 2965 4520 δ’
3010 4462 3167 4540 ἕτερά
3218 4463 3320 4519 εἶσι
3370 4466 3517 4539 παρὰ
3561 4465 3755 4535 ταῦτα,
3788 4464 3873 4521 λέ-

480 4546 792 4602 credimus.
825 4544 1107 4599 Caeterum
1149 4545 1220 4601 de
1258 4545 1497 4617 epistola
1528 4548 1601 4602 ad
1656 4548 1808 4604 249
1853 4549 2118 4607 Hebraeos

2231 4580 2337 4634 γειν
2388 4559 2489 4614 οὑκ
2537 4554 2674 4634 ἔχω.
2725 4557 2929 4613 Τοῦτον
2982 4552 3288 4630 συγγραφέα
3338 4553 3429 4608 καὶ
3475 4557 3583 4608 τῶν
3636 4554 3875 4610 artos-co-

479 4650 693 4705 anceps
741 4639 829 4689 est
859 4633 1074 4704 opinio,
1126 4633 1350 4690 hiccine
1410 4651 1483 4690 an
1535 4635 1719 4693 Lucas
1771 4640 2120 4711 evangelista

481 4740 609 4780 eam
643 4721 1028 4790 transtulerit,
1063 4739 1096 4777 a
1127 4722 1322 4794 Paulo,
1364 4725 1532 4796 cujus
1576 4727 1770 4784 nativa
1806 4732 1861 4784 et
1889 4729 2124 4801 propria

482 4821 591 4883 est,
623 4815 880 4884 primum
912 4811 1208 4869 dictatam.

1104 5084 1332 5143 CAPUT
1368 5086 1503 5144 XIX.

488 5176 551 5235 Ut
601 5174 822 5231 divinus
852 5174 1103 5250 Ignotius
1154 5192 1228 5250 ex
1269 5177 1555 5250 Antiochia
1607 5179 1839 5235 Romam
1892 5179 2124 5250 delatus,

553 5256 779 5323 propter
829 5249 1106 5323 Christum
1147 5247 1335 5305 bestiis
1371 5250 1721 5307 devorandas
1749 5251 1987 5323 objecta:
2008 5256 2079 5309 sit
2108 5247 2126 5309 ὲ

556 5328 606 5375 et
644 5318 711 5373 de
755 5318 996 5389 epistolis
1023 5320 1159 5388 eius.

558 5405 686 5462 Divi
715 5405 1029 5463 Clementis
1079 5424 1166 5464 res
1212 5408 1293 5464 sic
1340 5425 1403 5465 se
1433 5409 1707 5468 habuere.
1737 5411 1823 5468 Ah
1852 5412 2129 5470 omnibus

562 5546 639 5618 lt)
668 5547 1122 5618 Cbersonensem
1153 5551 1252 5608 alii
1298 5558 1523 5612 vocant.

558 5616 639 5693 (2)
659 5616 927 5677 Clemens
950 5624 1123 5693 jussu
1157 5624 1394 5696 Trajani
1424 5626 1484 5684 in
1515 5628 1769 5689 insulam
1797 5633 1888 5689 est
1919 5631 2127 5705 depor-

2232 4647 2401 4704 λικῶν
2437 4645 2749 4716 διατάξεων,
2801 4642 2947 4700 ἀλλὰ
2986 4640 3173 4713 δήκαὶ
3214 4646 3323 4697 τῶν
3361 4643 3523 4718 ἱερῶν
3570 4643 3753 4698 αὐτῶν
3785 4665 3871 4699 κα-

2230 4739 2397 4793 νόνων
2443 4735 2792 4807 πιστεύομεν.
2845 4733 2974 4806 Περὶ
3022 4731 3209 4805 μένθοι
3252 4738 3353 4801 τῆς
3399 4731 3538 4806 πρὸς
3584 4727 3872 4807 Ἑϐραίους

2234 4827 2579 4901 ἀμφήριστος
2619 4825 2647 4878 6
2685 4823 2848 4895 λόγος
2908 4821 3068 4892 ἐστὶν,
3130 4818 3237 4877 είίτε
3291 4821 3448 4883 οὗτος
3497 4819 3610 4875 ε’ίτε
3660 4827 3874 4883 Λουκᾶς

2231 4918 2260 4970 6
2296 4911 2679 4990 εὐαγγελιστής
2710 4909 2921 4983 ἐξέδοτο
2950 4910 3176 4981 ταύτην,
3211 4909 3431 4965 Παύλου
3462 4908 3687 4987 γνησίαν
3717 4908 3877 4967 οὖσαν

2236 5006 2322 5059 καὶ
2358 5003 2594 5079 πρώτως
2630 5002 3112 5078 ὑπαγορεύσαντος.

2861 5095 3115 5146 ΚΕΦΑΛ.
3155 5090 3257 5146 ΙΘ’.

2234 5186 2329 5258 Ὠς
2363 5182 2481 5258 καὶ
2524 5180 3294 5258 ὁ-θεοφόλροςᾎγνάτιος-
3329 5175 3389 5250 ἒξ
3415 5178 3882 5258 ’,Ανῖιοχςίας

2308 5253 2414 5327 ἐπὶ
2457 5249 2744 5327 *Ῥώμηέ
2790 5249 2897 5327 διὰ
2943 5249 3223 5327 Χριστὸν
3264 5249 3527 5327 θηρίων
3574 5249 3883 5327 ἐγεγόνει

2308 5320 2473 5397 ϐορά
2497 5345 2510 5358 ·
2542 5319 2826 5396 καὶπερὶ
2861 5319 3394 5379 τῶν’έπιστολῶν
3426 5319 3664 5381 αὐτοῦ’.

2307 5413 2385 5469 Τὰ
2429 5413 2523 5487 μὲν
2581 5411 2671 5468 οὗν
2734 5416 2832 5467 τοῦ
2889 5411 3034 5468 θείου
3084 5409 3399 5484 Κλήμεντος
3446 5413 3643 5466 τοῦτον
3681 5409 3881 5488 ἳσχετο

2236 5563 2413 5629 tatus,
2454 5559 2515 5614 in
2541 5574 2657 5632 qua
2685 5558 2801 5614 duo
2829 5554 3483 5632 milia_Christianorum
3518 5557 3591 5613 ad
3625 5559 3887 5617 secanda

2236 5627 2530 5690 marmora
2558 5627 2970 5688 damnatorum
2999 5627 3240 5685 invenit.
