4032 6282
162 365 284 431 933

1157 366 1779 432 ECOLESIASTIC/E
1820 367 2218 431 HISTORIE
2259 369 2402 432 LIB.
2449 369 2558 431 III.

3444 371 3566 434 934

163 503 258 557 τὸν
303 501 528 578 τρόπον,
570 501 627 556 Ὀ
676 499 732 556 δὲ
770 496 1101 576 περιϐόητος
1144 504 1326 558 πᾶσιν.
1364 501 1650 578 Ἰγνάτιος,
1686 499 1802 556 δεύ-

1923 508 2109 560 autem
2133 502 2452 560 celebratus
2481 502 2759 576 Ignatius,
2793 503 3084 562 secundus
3115 503 3176 561 in
3199 505 3563 564 Antioohena

163 613 322 668 τερος
371 589 445 646 ὢν
501 594 600 658 τῆς
657 591 792 646 κατὰ
851 590 1186 666 Ἀντιόχειον
1245 591 1451 665 Πέτρου
1512 588 1802 668 διαδοχῆς,

165 684 422 756 Τραϊανῷ
451 680 526 742 εἰς
554 682 653 750 την
687 681 1027 756 Ἀντιόχειαν
1066 678 1361 757 γενομένῳ,
1395 678 1510 734 ἐπεὶ
1555 678 1804 757 ἐλέγχων

169 771 268 826 οὐκ
305 769 441 824 ἀνίει
486 771 586 840 τήν
638 767 1062 841 δεισιδαιμονίαν
1111 767 1359 843 τάνδρὸς,
1410 766 1630 842 δέσμιον
1674 768 1808 824 ἐκεῖο

169 862 255 916 θεν
327 859 403 920 εἷς
475 860 696 931 Ῥώμην
771 857 1036 930 ἐκπέμπει
1120 855 1307 912 λέουσι
1381 854 1803 933 παραϐληθῆναι

173 951 357 1025 βοράν,
396 950 470 1021 μή
518 949 617 1016 τήν
672 947 746 1010 εἷς
789 950 1015 1022 Χριστὸν
1070 947 1430 1022 έξομνύμενον
1475 948 1673 1004 πίστιν.
1711 949 1806 1004 Καὶ

167 1039 342 1094 τοίνυν
399 1035 619 1112 δέσμιος
680 1035 748 1093 δι’
811 1038 992 1100 Ἀσίας
1051 1038 1145 1092 ίὼν
1208 1039 1326 1111 μετ’
1381 1037 1656 1116 ἀσφαλοῦς
1708 1041 1809 1104 τῆς

170 1132 428 1207 φρουρᾶς,
459 1128 547 1182 καὶ
577 1133 695 1190 ταῖς
742 1127 878 1182 κατὰ
925 1125 1086 1182 πόλιν
1138 1134 1450 1201 παροικίαις
1497 1126 1804 1200 ἐπιδημῶν,

168 1223 502 1294 προτροπαῖς
570 1217 660 1272 καὶ
737 1215 984 1289 ὁμιλίαις

169 1307 280 1364 έπεί
311 1311 389 1379 τῷ
436 1304 692 1378 τηνικάδε
738 1304 860 1378 ἄρτι
903 1307 1136 1382 πρώτως
1185 1307 1415 1381 αἱρέσεις
1468 1307 1649 1382 ἠρέμα
1691 1328 1809 1371 πως

170 1396 651 1474 ἐπαρρησιάζοντο,
711 1395 1072 1470 φυλάττεσθαι
1147 1397 1343 1459 ταύτας
1417 1395 1806 1472 προύτρέπετο,

167 1495 254 1542 καί
312 1493 414 1556 τῆς
486 1484 858 1554 ἀποστολικῆς
935 1484 1284 1559 παραδόσεως
1359 1491 1476 1549 τοῖς
1544 1485 1694 1559 ὅροις
1753 1484 1806 1550 ἒς

170 1569 382 1648 ἀκριϐές
437 1573 684 1647 ἐμμένειν
719 1593 733 1606 ⁸
788 1571 1060 1651 τάσφαλὲς
1112 1571 1169 1628 δὲ
1219 1573 1670 1648 μνηστευόμενος,
1719 1575 1806 1629 καὶ

169 1664 448 1742 ἐγγράφως
515 1661 628 1718 δεῖν
685 1665 876 1738 ἡγεῖτο
931 1662 1340 1718 διατυποῦσθαι.
1376 1664 1476 1719 Καί
1531 1665 1581 1740 γ’
1637 1662 1688 1718 ἐν
1737 1668 1805 1738 τῇ

169 1754 490 1828 Σμυρναίων
531 1753 838 1828 γενόμενος,
889 1749 1012 1808 ἔνθα
1071 1751 1434 1828 Πολῦκαρπός
1481 1755 1640 1830 ἱερῶς
1684 1755 1806 1826 ἐξη-

1063 1215 1370 1290 έπερῥώννυ
1425 1217 1643 1280 ταύτας.
1707 1217 1804 1273 Καὶ

169 1849 334 1918 γεῖτο,
386 1842 513 1916 μίαν
571 1841 863 1910 έπιστολήν
1050 1842 1310 1916 Ἐφεσίων
1362 1841 1654 1918 διέπεμπεν
1716 1844 1806 1899 ἐκ·
1839 1879 1888 1945 Β

169 1931 389 2003 κλησίᾳ,
447 1932 752 2004 Ὀνησίμου
803 1933 1150 2007 μεμνημένος
1205 1936 1487 2006 ποιμένος.
1550 1935 1644 1989 Καὶ
1704 1933 1812 1990 ἅλ-

173 2021 272 2092 λην
330 2018 386 2077 δὲ
441 2026 512 2096 τῇ
569 2023 706 2098 πρὸς
783 2019 1079 2097 Μαιάνδρῳ
1149 2022 1433 2098 Μαγνησίᾳ
1497 2022 1806 2094 ἐπέστελλε,

174 2111 320 2184 Δάμα
347 2111 499 2173 τινὸς
547 2110 843 2166 ἐπισκόπου
879 2110 1058 2185 μνείαν
1107 2111 1436 2186 ποιούμενος
1472 2132 1482 2144 ⁸
1532 2112 1709 2185 ἄλλην
1753 2111 1810 2170 δὲ

169 2208 277 2265 τοῖς
309 2202 359 2258 έν
410 2201 704 2276 Τράλλεσι,
757 2199 1034 2258 Πολυϐίου
1085 2202 1336 2275 τηνικάδε
1387 2201 1664 2270 διέποντος
1709 2207 1807 2274 τήν

173 2293 368 2368 ἀρχήν.
419 2293 692 2368 Τετάρτην
725 2291 812 2348 ἒπί
863 2293 1080 2356 τούτοις
1127 2297 1195 2359 τῇ
1245 2293 1528 2368 Ῥωμαίων
1579 2293 1810 2365 Ἐκκλη-

172 2380 253 2451 σία
305 2401 525 2459 γραφει,
597 2383 941 2457 παράκλησιν
1017 2381 1339 2456 προτείνων,
1403 2385 1479 2456 μή
1557 2381 1809 2456 ἐμποδὼν

171 2468 311 2541 αὐτῷ
337 2471 586 2543 γενέσθαι
631 2470 727 2524 τοῦ
781 2471 1101 2544 μαρτυρίου,
1146 2471 1235 2526 καὶ
1289 2473 1652 2547 μικροψύχως
1694 2469 1807 2526 δια-

171 2559 428 2629 τεθέντας,
476 2565 577 2626 τῆς
628 2557 1088 2633 προσδοκωμένης
1139 2558 1364 2623 ἐλπίδος
1409 2563 1808 2636 παρασκευάσαι

176 2643 455 2704 διαπεσεῖν.
514 2649 697 2721 ’Ἄξιον
748 2645 805 2703 δὲ
858 2649 947 2704 καί
999 2670 1119 2704 τινα
1176 2650 1394 2724 ῥήματα
1451 2653 1547 2718 τῆς
1601 2649 1809 2706 ἒκείνου

175 2735 414 2809 γλώττης
455 2738 596 2812 πρὸς
654 2732 873 2808 ἔνδειξιν
932 2746 1031 2807 τῆς
1095 2739 1355 2816 μεγίστης
1418 2737 1634 2816 ἀνδρίας
1677 2739 1813 2795 ἐκεί-

175 2845 261 2878 νου
315 2827 398 2880 καὶ
457 2825 695 2888 πίστεως
751 2831 820 2900 τῇ
881 2832 1164 2902 συγγραφῇ
1223 2831 1558 2902 παραθεῖναι.
1611 2831 1809 2907 Γράιρει

183 2911 235 2967 δὲ
262 2914 421 2978 οὕτως
457 2935 470 2948 ⁸
513 2940 541 2968 ιι
571 2916 704 2971 Ἀπὸ
757 2915 953 2992 Συρίάς
991 2919 1155 2990 μέχρι
1205 2920 1424 2990 Ῥώμης
1475 2919 1810 2995 θηριομαχῶ

182 3001 262 3058 διὰ
307 3012 408 3081 γῆς
459 3007 556 3062 καὶ
613 3003 909 3076 θαλάσσης,
957 3008 1147 3069 νυκτὸς
1202 3009 1290 3062 καὶ
1349 3007 1558 3082 ἡμέρας
1603 3007 1808 3064 ἐνδεδε-

184 3093 329 3164 μένος
362 3095 488 3152 δέκα
522 3093 849 3170 λεοπάρδοις
886 3118 897 3130 ·
943 3096 973 3151 ὅ
1004 3095 1116 3152 ἐστι
1144 3096 1328 3169 τάγμα
1376 3099 1760 3171 στρατιωτικόν
1793 3117 1806 3132 ⁸

1915 592 2172 650 Ecclesia
2226 593 2378 648 Petri
2430 607 2751 663 successor,
2797 609 2929 648 cum
2988 593 3243 665 Traiani,
3275 595 3376 669 qui
3433 601 3558 654 tum

1915 681 2237 738 Antiochia
2292 685 2437 748 erat,
2461 699 2576 738 non
2634 681 2918 738 desineret
2975 684 3398 755 reprehendere
3455 703 3558 742 su-

1918 774 2590 843 perstitionem.vinctus
2630 774 2873 830 Romam
2908 779 2973 830 ut
2998 776 3079 832 ibi
3118 775 3382 834 leonibus
3429 793 3564 835 esca

1917 863 2285 936 objiceretur,
2318 863 2367 918 si
2407 864 2578 919 fidem
2613 863 2823 919 Christi
2847 881 2963 920 non
3004 866 3320 936 abjuraret,
3353 867 3565 924 missus

1917 961 2039 1010 est:
2073 958 2132 1007 et
2161 952 2362 1008 Asiam
2385 969 2511 1008 cum
2548 953 2714 1008 ﬁrma
2746 953 2996 1009 militum
3027 955 3295 1012 custodia
3335 957 3560 1014 vinctus

1917 1059 2250 1114 peragrans,
2284 1041 2676 1114 ecclesiasque
2722 1043 3041 1114 oppidatim
3086 1045 3308 1116 adiens,
3341 1062 3567 1102 sermo-

1917 1132 2092 1188 nibus
2121 1131 2510 1188 familiaribus
2540 1138 2596 1187 et
2627 1132 3126 1188 cohortationibus
3156 1135 3562 1203 confirmabat,

1915 1224 1972 1276 et
2001 1223 2276 1292 quoniam
2309 1226 2433 1276 tum
2465 1221 2722 1292 primum
2748 1223 2994 1278 haereses
3019 1222 3295 1290 paulatim
3321 1225 3562 1281 liberius

1917 1324 1976 1364 se
2008 1311 2260 1381 proferre
2291 1311 2591 1370 auderent.
2628 1316 2682 1364 ut
2713 1309 2823 1364 sibi
2865 1311 2937 1366 ab
2976 1311 3062 1366 eis
3107 1318 3393 1381 caverent,
3425 1313 3562 1370 doc-

1917 1397 2199 1470 trinaque
2259 1397 2481 1469 apostol
2532 1415 2732 1454 carum
2791 1399 3169 1456 traditionum
3228 1408 3566 1460 constanter

1916 1487 2274 1556 insisterent,
2307 1489 2671 1544 admonebat.
2709 1489 2870 1553 Quod
2905 1495 2967 1544 ut
2999 1489 3115 1545 illis
3155 1492 3375 1548 certius
3433 1509 3566 1564 per-

1917 1577 2209 1646 suaderet,
2243 1578 2300 1632 in
2332 1577 2553 1635 litteras
2593 1578 3023 1636 cohortationes
3053 1596 3186 1636 suae
3239 1583 3569 1639 referenda

1917 1684 2045 1724 esse
2075 1668 2254 1723 duxit.
2291 1667 2492 1738 Itaque
2539 1669 2798 1740 Smyrna
2847 1685 2981 1724 cum
3020 1680 3195 1739 esset,
3229 1671 3329 1727 ubi
3393 1672 3568 1745 Poly-

1915 1773 2125 1828 carpus
2179 1756 2479 1812 ecclesiam
2539 1759 2794 1828 regebat,
2862 1758 3169 1830 epistolam
3246 1776 3422 1816 uuam
3493 1764 3564 1819 ad

1921 1848 2298 1920 Ephesiorum
2332 1848 2634 1904 ecclesiam
2663 1848 3106 1913 dedit,0nesimi
3142 1851 3390 1923 pastoris
3409 1869 3566 1909 men-

1920 1938 2133 1992 tionem
2168 1937 2407 1993 faciens.
2438 1939 2626 1994 Aliam
2660 1942 2852 1994 autem
2898 1940 3205 2011 Magnesia
3233 1947 3290 1996 et
3319 1941 3565 1999 Masau-

1920 2026 2090 2081 drum
2115 2027 2240 2082 sita
2263 2026 2518 2098 scripsit,
2537 2028 2594 2082 in
2617 2044 2731 2100 qua
2751 2031 3004 2100 episcOpi
3037 2031 3336 2100 cujusdam
3369 2031 3564 2088 Dama

1921 2115 2203 2172 meminit.
2236 2117 2423 2172 Aliam
2456 2117 2596 2172 item
2629 2117 2698 2172 ad
2731 2118 3039 2174 ecclesiam
3091 2137 3222 2192 qua
3265 2120 3566 2178 Trallibus

1923 2203 2050 2272 fuit,
2088 2204 2268 2272 misit,
2321 2204 2414 2260 cui
2463 2209 2590 2260 tum
2648 2205 2921 2276 Polybius
2979 2209 3228 2278 praefuit.
3288 2211 3564 2276 Quartam

1921 2309 2089 2366 porro
2129 2295 2198 2348 ad
2233 2293 2554 2350 Romanam
2587 2294 2822 2367 scripsit
2853 2295 3187 2365 Ecclesiam,
3211 2314 3343 2353 cum
3370 2298 3566 2372 ampla

1919 2382 2335 2450 exhortatione,
2395 2399 2467 2440 ne
2514 2385 2669 2456 quod
2728 2387 3004 2458 martyrio
3062 2387 3190 2457 ejus
3246 2387 3567 2458 objicerent

1919 2469 2422 2544 impedimentum,
2475 2488 2616 2528 neve
2648 2479 2880 2544 propter
2909 2475 3237 2530 animorum
3296 2475 3561 2532 imbecil-

1920 2559 2140 2615 litatem
2173 2559 2496 2631 quidquam
2532 2567 2790 2632 agerent,
2815 2569 2880 2618 ut
2922 2563 3048 2634 ipse
3076 2571 3352 2638 concepta
3399 2573 3563 2637 cpta-

1919 2657 2089 2720 taque
2113 2665 2218 2721 spe
2247 2666 2352 2704 sua
2407 2649 2710 2705 excideret.
2734 2651 2930 2721 Opera
2963 2653 3210 2720 pretium
3263 2669 3396 2710 vero
3453 2660 3559 2721 est,

1917 2738 2095 2792 verba
2125 2738 2319 2810 aliqua
2349 2738 2560 2810 lingua
2586 2740 2765 2808 illius,
2797 2741 2869 2796 ad
2922 2741 3279 2798 fortitudinis
3309 2747 3368 2799 et
3426 2744 3558 2800 ﬁdei

1919 2829 2049 2898 ejus
2103 2828 2564 2898 magnitudinem
2629 2829 3059 2897 declarandam,
3113 2831 3367 2887 historia
3429 2831 3564 2888 huic

1919 2932 2228 2987 apponere.
2288 2916 2503 2972 Scribit
2547 2917 2703 2972 enim
2760 2919 2830 2973 ad
2884 2919 3038 2974 hunc
3097 2921 3372 2978 modum:
3413 2939 3436 2969 ι
3470 2921 3558 2976 Ab

1918 3007 2043 3079 ipsa
2071 3007 2236 3079 Syria
2278 3007 2516 3063 Romam
2551 3025 2760 3081 usque,
2808 3015 2961 3065 terra
2991 3013 3274 3083 marique,
3308 3013 3406 3068 diu
3457 3029 3568 3069 no-

1919 3102 2130 3168 ctuque
2161 3111 2296 3151 cum
2329 3096 2532 3152 bestiis
2568 3097 2712 3152 mihi
2775 3099 3236 3170 depugnandum
3288 3105 3395 3166 est,
3429 3117 3564 3156 cum

183 3181 231 3236 οἳ
256 3183 340 3238 καὶ
386 3187 829 3261 εὐεργετούμενοι
879 3183 1098 3260 χείρους
1148 3185 1406 3262 γίνονται.
1458 3188 1541 3242 Ἐν
1590 3185 1646 3243 δὲ
1693 3193 1808 3251 τοῖς

193 3267 242 3288 ’λ
321 3276 330 3288 Ι
606 3273 618 3288 ν
671 3277 694 3288 ν
845 3273 937 3288 ~\\
1147 3277 1170 3288 Λ
1292 3273 1304 3288 Ι
1573 3275 1692 3288 σκιῇ
1791 3276 1802 3288 ι

1923 3185 2116 3240 decem
2147 3184 2413 3241 videlicet
2449 3186 2756 3258 leopardis,
2791 3187 2900 3242 hoc
2954 3197 3060 3258 est,
3093 3189 3331 3246 militari
3376 3190 3563 3246 mani.

1567 3275 1692 3332 ἀλλ’
1751 3276 1812 3331 οὐ

1088 3365 1346 3438 Ὀναίμην
1420 3371 1527 3421 τῶν
1605 3369 1668 3437 θη
1680 3387 1707 3437 ρ
1719 3365 1812 3420 ίων

181 3456 280 3505 τῶν
309 3453 428 3526 ἐμοὶ
463 3453 703 3527 ἑτοίμων
739 3474 752 3488 ⁸
786 3453 819 3509 ’ἁ
847 3455 936 3508 καὶ
976 3453 1237 3530 εὔχομαι,
1271 3455 1508 3528 σύντομά
1543 3477 1636 3528 μοι
1664 3458 1812 3530 εὐρε-

184 3267 502 3347 ἆδικημασιν
560 3273 738 3328 αὐτῶν
800 3273 1014 3346 μᾶλλον
1069 3273 1444 3349 μαθητεύομαι
1481 3295 1492 3308 ⁸

183 3364 318 3436 παρὰ
381 3369 550 3420 τοῦτο
631 3362 1009 3439 δεδικαίωμαι.

183 3539 331 3607 θῆναι
363 3563 375 3576 ⁸
410 3544 444 3598 ἃ
491 3545 581 3598 καὶ
629 3541 968 3610 κολακεῦσω,
1003 3545 1282 3618 συντόμως
1335 3566 1400 3617 με
1444 3551 1764 3624 καταφαγεῖν
1797 3564 1811 3578 ⁸

179 3629 266 3684 κᾶν
322 3633 450 3689 αὐτὰ
516 3632 571 3688 δὲ
628 3632 828 3689 ἄκοντα
887 3637 961 3707 μὴ
1018 3634 1190 3704 θέλοι,
1249 3637 1358 3710 ἐγὼ
1416 3631 1813 3712 προϐιάσομαι.

187 3722 516 3796 Συγγνώμην
576 3743 668 3794 μοι
723 3720 895 3798 ἔχετε.
946 3722 1004 3778 Τί
1065 3745 1160 3796 μοι
1218 3725 1516 3803 συμφέρει;
1568 3726 1671 3800 ἐγὼ
1713 3725 1814 3800 γάρ

184 3811 446 3880 γινώσκω,
478 3810 525 3866 εί
579 3813 654 3886 μή
685 3816 776 3866 νῦν
827 3810 1070 3888 ἄρχομαι
1107 3815 1356 3884 μαθητὴς
1406 3816 1670 3890 γενέσθαι,
1707 3837 1818 3888 μη-

187 3891 268 3950 δέν
345 3921 410 3973 με
487 3901 734 3972 ζηλῶσαι
801 3906 908 3956 τῶν
964 3901 1206 3977 ἀοράτων
1274 3905 1362 3958 καὶ
1442 3903 1668 3977 ὁρατῶν,
1724 3903 1818 3959 ’ίνα

186 3984 360 4054 Ἰησοῦ
406 3993 644 4066 Χριστοῦ
693 3988 963 4069 ἐπιτύχω.
1009 3995 1121 4064 Πῦρ
1169 3993 1259 4046 καὶ
1309 3993 1558 4066 σταυρὸς,
1609 3992 1813 4067 θηρίων

187 4094 242 4129 τε
288 4082 583 4146 συστάσεις,
634 4080 964 4154 σκορπισμοὶ
1022 4081 1244 4148 ὀστέων,
1287 4083 1556 4158 συγκοπαί
1609 4081 1814 4154 μελῶν,

188 4161 410 4236 ἀλεσμοὶ
468 4166 605 4222 ὅλου
659 4173 756 4223 τοῦ
815 4169 1088 4240 σώματος,
1119 4169 1370 4232 κολάσεις
1430 4166 1692 4226 διαϐόλου
1743 4171 1819 4234 εἷς

189 4246 279 4320 ἐμὲ
308 4253 649 4330 ἐρχέσθωσαν
687 4274 701 4286 ⁸
756 4256 921 4330 μόνον
970 4259 1151 4327 Ἰησοῦ
1201 4263 1438 4333 Χριστοῦ
1487 4258 1753 4336 ἐπιτύχω.
1789 4281 1818 4312 n

186 4345 351 4397 Ταῦτα
399 4347 494 4419 μὲν
545 4347 650 4401 ἀπὸ
700 4354 799 4416 τῆς
848 4349 1167 4422 Σμυρναίων
1215 4347 1508 4404 ἐπέστελλε
1553 4349 1768 4411 πόλεως
1803 4367 1816 4382 ⁸

189 4425 270 4482 ἐπὶ
318 4429 373 4488 δὲ
425 4433 683 4508 Τρωάδος
739 4436 1047 4512 γενόμενος,
1095 4440 1378 4512 γράμμασι
1434 4442 1503 4512 τῇ
1550 4437 1819 4495 Φιλαδελ-

189 4519 319 4589 φέων
364 4521 631 4596 ἐκκλησίᾳ
673 4525 1012 4600 προσομιλτῖ
1043 4546 1056 4559 ⁸
1108 4529 1199 4582 καὶ
1258 4528 1589 4602 Σμυρναίοις
1641 4528 1819 4599 ἄλλην

1925 3273 2082 3346 pulo,
2113 3274 2211 3346 qui
2243 3275 2540 3331 beneficiis
2568 3275 2754 3331 aﬂ‘ecti
2811 3276 2982 3350 longe
3021 3279 3192 3334 etiam
3251 3279 3569 3337 deteriores

1925 3363 2092 3418 ﬁunt.
2113 3363 2573 3434 Veruminjuriis
2602 3381 2802 3422 eorum
2837 3367 3024 3437 magis
3056 3369 3230 3423 etiam
3265 3369 3570 3440 magisque

1925 3453 2175 3509 crudior.
2211 3453 2622 3510 Verumtamen
2654 3471 2720 3509 ea
2751 3457 2822 3510 de
2842 3473 3018 3511 causa
3040 3457 3394 3526 justiﬂcatus
3453 3475 3567 3514 non

1925 3555 2080 3594 sum.
2117 3537 2280 3595 εει)
2309 3542 2492 3607 Quam
2524 3541 2692 3596 velim
2723 3542 2860 3596 mihi
2903 3543 3029 3614 jam
3078 3543 3302 3612 adesse,
3333 3560 3460 3615 qua
3510 3545 3568 3600 in

1927 3644 2019 3682 me
2048 3629 2357 3684 destinata
2374 3636 2699 3700 parataque
2722 3631 3254 3704 suntbestia,quas
3283 3635 3457 3689 etiam
3502 3638 3569 3690 ut

1927 3717 2360 3787 quamprimum
2385 3719 2666 3786 reperiam
2692 3723 2846 3789 opto.
2865 3719 2971 3775 Eas
2993 3737 3090 3791 per
3111 3721 3565 3778 assentationem

1926 3812 1981 3860 et
2013 3805 2399 3878 palpationem
2433 3809 2791 3878 demulcebo,
2829 3815 2892 3862 ut
2922 3825 3013 3863 me
3044 3825 3216 3881 quam
3266 3809 3566 3867 celerrime

1929 3897 2218 3951 devorent.
2252 3898 2440 3967 Atque
2461 3896 2632 3952 etiam
2667 3897 2714 3952 si
2745 3898 2802 3952 id
2839 3899 3020 3954 facere
3073 3899 3290 3967 nolent,
3321 3915 3424 3972 ego
3467 3916 3566 3956 eas

1925 3985 2044 4039 vim
2073 3985 2189 4040 illis
2214 3987 2466 4041 inferens
2495 3987 2773 4043 incitabo.
2805 3986 2948 4042 Date
2978 3987 3146 4050 mihi,
3179 4006 3394 4061 quaso,
3419 3989 3570 4046 hanc

1927 4076 2175 4130 veniam.
2223 4075 2366 4138 Quid
2418 4075 2561 4130 mihi
2634 4078 2918 4148 expediat,
2974 4079 3124 4134 novi.
3179 4078 3344 4136 Nunc
3413 4079 3570 4136 enim

1927 4165 2163 4220 demum
2195 4164 2417 4220 discere
2447 4163 2683 4237 incipio,
2719 4166 2862 4220 nihil
2886 4171 3083 4236 optare
3111 4173 3213 4222 aut
3242 4169 3570 4225 desiderare

1931 4269 2124 4307 rerum
2156 4255 2420 4308 omnium
2452 4260 2508 4308 et
2530 4253 2912 4310 invisibilium
2944 4260 3002 4310 et
3030 4256 3372 4320 visibillum.
3407 4263 3469 4312 ut
3499 4257 3568 4313 ad

1927 4341 2124 4397 Jesum
2159 4342 2449 4398 Christum
2485 4346 2730 4400 veniam.
2764 4347 2955 4416 ignes,
2987 4362 3212 4412 cruces,
3246 4347 3566 4404 bestiarum

1931 4435 2213 4498 cohortes,
2247 4432 2666 4502 dissipatioues
2712 4435 2963 4500 ossium,
2995 4435 3386 4491 membrorum
3431 4453 3571 4492 con-

1933 4522 2205 4589 cisiones,
2237 4523 2410 4577 totius
2439 4524 2698 4594 corporis
2730 4524 3214 4588 commolitiones,
3241 4530 3298 4579 et
3353 4524 3574 4580 diaboli

190 4602 528 4684 διαχαράττει
563 4633 576 4646 ·
609 4615 698 4670 καὶ
748 4615 898 4686 αὖτῷ
942 4612 998 4670 δὲ
1037 4613 1149 4689 ἰδίᾳ
1195 4621 1274 4688 τῷ
1317 4615 1568 4691 προέδρῳ
1615 4617 1812 4687 ταύτης

1927 4617 2214 4666 tormenta
2241 4617 2296 4667 et
2326 4611 2608 4681 supplicia
2637 4614 2696 4667 in
2723 4629 2814 4668 me
2833 4613 3295 4685 progrediantur,
3320 4619 3381 4668 ut
3403 4615 3572 4669 modo

191 4694 529 4775 Πολυκάρπῳ
587 4701 766 4772 ἑτέραν
829 4702 1168 4775 ἐπέστελλεν,
1227 4707 1366 4777 ὁμοῦ
1437 4707 1530 4778 μέν
1583 4706 1671 4760 καὶ
1751 4707 1822 4768 ὡς

192 4784 324 4839 θεῖον
371 4788 535 4866 ἄνδρα
585 4796 786 4866 τιμῶν,
832 4792 903 4854 ὡς
955 4789 1001 4847 δ’
1044 4793 1406 4850 ἀποστολίκὸν
1447 4796 1700 4867 ποιμένα,
1733 4795 1823 4848 οἷα

194 4867 258 4940 δὴ
310 4879 394 4932 καὶ
454 4880 616 4942 αὐτὸς
674 4888 883 4955 ποιμήν
944 4881 1145 4957 ἀγαθὸς
1197 4884 1295 4952 τὴν
1355 4884 1596 4958 ποίμνην
1645 4882 1822 4956 τούτῳ

194 4969 610 5044 παρατιθέμενος
647 4991 660 5005 ⁸
730 4971 1028 5049 φροντίζειν
1097 4993 1156 5028 τε
1229 4973 1396 5044 αὐτῆς
1473 4973 1655 5044 ἀξιῶν,
1732 4976 1818 5028 καί

196 5047 513 5130 εἰσηγεῖσθαι
567 5061 736 5136 ταύτῃ
795 5061 863 5116 τὰ
919 5061 1221 5134 κρείττονα.
1283 5063 1368 5118 Ἐν
1429 5059 1487 5118 δὲ
1540 5066 1609 5137 τῇ
1689 5061 1824 5135 πρὸς

197 5142 526 5216 Σμυρναίους
577 5147 668 5204 καί
713 5170 823 5204 τισι
871 5157 1075 5225 χρῆται
1122 5150 1313 5226 ῥητοῖς
1367 5151 1490 5225 περὶ
1539 5155 1634 5206 τοῦ
1694 5156 1824 5223 Χρι-

194 5234 335 5301 στοῦ,
367 5235 469 5293 οὐκ
510 5237 614 5294 οἷδ’
659 5239 852 5294 ὁπόθεν
899 5238 1276 5314 έρανισάμενος
1310 5257 1323 5271 ⁸
1379 5265 1406 5294 ιι
1438 5242 1584 5316 Ἐγὼ
1630 5238 1685 5295 δὲ
1731 5240 1822 5296 καὶ

197 5321 322 5388 μετά
349 5326 446 5394 τὴν
482 5328 770 5384 ἀνάστασιν
823 5327 876 5384 έν
910 5332 1065 5402 σαρκί
1111 5329 1272 5384 αὐτὸν
1313 5329 1472 5400 εἶδον,
1505 5330 1636 5407 φησί
1671 5349 1683 5363 ⁸
1731 5330 1821 5384 καὶ

192 5418 420 5497 πιστεύω
450 5415 574 5474 ὄντα
607 5438 621 5453 ⁸
663 5419 751 5473 καί
799 5417 889 5473 ὅτε
917 5419 1053 5490 πρὸς
1103 5421 1230 5482 τοὺς
1274 5421 1397 5492 περὶ
1448 5422 1648 5497 Πέτρον
1679 5418 1820 5491 ἐλή-

194 5490 336 5587 λυθε,
358 5506 446 5559 καὶ
476 5505 574 5586 ἔφη
609 5507 812 5572 αὐτοῖς,
837 5503 1104 5578 Λάϐετε,
1135 5490 1580 5587 ψηλαφήσατέ
1611 5533 1686 5585 με
1713 5490 1821 5565 καὶ

195 5579 387 5672 ἴδετε,
424 5593 524 5650 ὅτι
561 5595 678 5651 οὐκ
716 5595 858 5669 εἶμὶ
897 5594 1248 5670 δαιμόνιον
1289 5596 1642 5672 ἀσώματον
1676 5617 1689 5631 ⁸
1735 5599 1820 5654 καὶ

197 5669 344 5738 εὐθὺς
401 5681 561 5739 αὐτοῦ
617 5685 825 5758 ἥψαντο
889 5684 980 5740 καὶ
1055 5682 1390 5745 ἐπίστευσαν.
1426 5711 1454 5740 ››
1535 5688 1820 5765 Εἰρηναῖος

1933 4704 2000 4756 ad
2033 4700 2226 4756 Jesum
2252 4701 2544 4756 Christum
2574 4703 2924 4772 perveniam.
2960 4723 2989 4753 κ
3022 4705 3205 4774 Atque
3233 4703 3350 4759 hac
3371 4704 3576 4774 Smyr-

1931 4809 2018 4846 na
2050 4791 2303 4862 scripsit.
2333 4791 2480 4846 Cum
2514 4797 2701 4846 autem
2734 4793 2955 4848 Troade
2986 4799 3162 4860 esset,
3203 4808 3305 4864 per
3349 4793 3572 4850 litteras

1931 4895 2066 4936 cum
2099 4879 2509 4951 Philadelphia
2539 4880 2783 4936 ecclesia
2823 4879 3145 4937 collocutus
3192 4887 3300 4938 est.
3352 4881 3576 4952 Episto-

1931 4969 2050 5026 lam
2109 4985 2344 5040 quoque
2383 4969 2454 5024 ad
2511 4973 2838 5044 Smyrnaea
2899 4971 3080 5038 dedit,
3111 4973 3170 5026 et
3226 4968 3406 5026 aliam
3439 4971 3578 5028 item

1933 5058 2179 5114 seorsim
2211 5058 2284 5114 ad
2325 5059 2660 5131 episcopum
2695 5074 2893 5116 eorum
2951 5059 3358 5132 Polycarpum,
3399 5060 3579 5116 simul

1929 5151 1987 5203 et
2016 5152 2080 5202 ut
2109 5148 2296 5203 virum
2329 5150 2590 5204 divinum
2627 5149 2939 5217 honorans,
2969 5154 3027 5204 et
3055 5148 3214 5204 velut
3259 5148 3575 5220 apostolico

1930 5236 2150 5308 pastori
2181 5237 2418 5310 (quippe
2447 5244 2507 5294 et
2526 5239 2650 5308 ipse
2689 5245 2885 5310 pastor
2911 5237 3120 5310 bonus)
3149 5252 3380 5309 gregem
3411 5254 3580 5293 com-

1933 5327 2214 5382 mendans
2247 5343 2261 5382 :
2294 5327 2507 5383 additis
2529 5343 2760 5399 quoque
2792 5327 3081 5400 precibus,
3105 5333 3170 5382 ut
3195 5343 3398 5383 curam
3421 5327 3578 5384 illius

1931 5414 2162 5476 habere.
2196 5425 2252 5471 et
2281 5432 2405 5486 qua
2438 5417 2659 5488 optima
2697 5421 2916 5485 essent,
2953 5431 3085 5472 eum
3130 5416 3336 5472 docere
3382 5414 3579 5472 vellet.

1931 5502 1994 5560 In
2017 5504 2260 5574 epistola
2298 5507 2369 5560 ad
2403 5506 2730 5578 Smyrnaea
2785 5505 2977 5561 verbis
3016 5505 3374 5578 quibusdam
3434 5505 3577 5562 insi-

1929 5591 2145 5666 gnibus
2175 5595 2245 5650 de
2300 5595 2528 5652 Christo
2587 5595 2960 5668 utitur;qua
3014 5595 3166 5652 unde
3222 5594 3566 5669 desumpse-

1930 5682 2026 5753 rit,
2057 5696 2173 5740 non
2199 5682 2340 5740 satis
2370 5683 2491 5742 scio
2521 5699 2536 5742 :
2569 5705 2598 5736 «
2629 5683 2744 5756 Ego
2771 5699 2904 5742 vero
2935 5684 3109 5741 etiam
3135 5687 3267 5756 post
3303 5699 3570 5741 resurre-
