4032 6282
447 303 566 362 935

1743 295 2166 361 NICEPHORI
2208 296 2561 360 CALLISTI

3740 301 3849 363 938

443 435 696 493 ctionem
729 435 786 491 in
811 451 999 502 carne,
1031 434 1244 507 inquit,
1280 449 1413 490 eum
1453 432 1590 501 vidi,
1620 433 1910 503 credoque
1965 446 2094 488 eum

2211 426 2269 483 δὲ
2324 428 2414 484 καὶ
2470 430 2533 484 τὸ
2596 427 2893 504 μαρτύριον
2951 428 3116 485 αὐτοῦ
3168 427 3301 499 οἶδε,
3358 430 3451 486 καὶ
3505 434 3618 485 τῶο
3649 429 3829 485 ἐπιστο

446 539 588 579 esse.
624 525 689 578 Et
719 540 847 578 cum
873 524 940 576 ad
971 527 1205 577 Petrum
1235 528 1292 577 et
1322 537 1422 577 eos
1482 520 1577 590 qui
1617 536 1753 574 cum
1810 535 1876 574 eo
1931 524 2099 574 erant

450 614 626 679 venit,
653 613 854 682 eisque
883 610 1079 666 dixit:
1123 612 1402 682 Accipite,
1463 614 1837 676 contrectato,
1896 615 1954 663 et
2009 609 2096 663 vi-

447 703 578 756 dete
609 717 696 756 me
727 717 842 755 non
873 716 1001 755 esse
1032 699 1391 754 daamonium
1422 700 1868 768 incorporeum;
1901 699 2094 753 statim

445 806 578 846 eum
611 789 944 861 tetigerunt,
979 795 1037 844 et
1065 790 1460 846 crediderunt.
1496 808 1525 837 ››
1556 788 1665 844 Sed
1711 793 1766 841 et
1814 789 1943 859 Ipse
1983 788 2095 842 fre-

446 896 610 934 nasus
632 879 973 950 martyrium
1033 880 1159 948 ejus
1217 879 1392 944 novit,
1424 883 1481 933 et
1537 875 1914 948 epistolarum
1971 878 2097 945 ejus

443 967 802 1023 mentionem
827 967 987 1021 facit:
1017 986 1046 1017 ‹‹
1077 966 1580 1031 Quemadmodum
1611 969 1934 1020 nostrorum
1964 966 2096 1035 qui-

443 1058 576 1112 dam
608 1056 773 1121 dixit,
808 1061 1043 1126 prOpter
1069 1055 1489 1124 professionem
1523 1058 1699 1124 atque
1742 1053 2097 1108 testiﬁcatio-

444 1160 578 1200 nem
608 1147 679 1200 de
711 1149 821 1198 Deo
850 1145 919 1197 ad
954 1144 1168 1198 bestias
1199 1143 1623 1197 condemnatus
1657 1159 1670 1197 z
1717 1142 2096 1196 Frumentum

449 1250 580 1290 sum
620 1233 739 1301 Dei,
780 1238 837 1287 et
886 1249 984 1302 per
1033 1230 1349 1286 bestiarum
1408 1230 1611 1286 dentes
1661 1231 2000 1299 commolor,
2036 1239 2103 1288 ut

449 1338 638 1392 purus
696 1321 1078 1390 sincerusque
1131 1320 1397 1374 inveniar
1439 1318 1624 1389 panis.
1672 1340 1700 1368 »
1750 1319 2098 1390 Polycarpus

446 1417 667 1477 autem,
700 1410 758 1464 in
782 1408 1029 1480 epistola
1044 1424 1151 1462 sua
1167 1409 1238 1462 ad
1265 1407 1687 1478 Pbilippenses,
1712 1407 1872 1463 hisce
1903 1408 2096 1463 verbis

445 1501 575 1569 ejus
608 1499 898 1553 meminit:
940 1520 959 1546 ι
995 1496 1247 1552 Obsecro
1279 1496 1451 1567 igitur
1483 1512 1582 1550 vos
1610 1512 1836 1565 omnes,
1870 1504 1933 1551 ut
1960 1497 2098 1551 obe-

444 1587 619 1643 diatis
642 1586 856 1659 quibus
870 1586 1428 1652 debetis,etomnem
1455 1583 1796 1655 patientiam
1827 1600 2097 1640 exercea-

444 1677 541 1743 tis,
573 1691 749 1747 quam
783 1674 856 1729 ad
887 1677 1121 1729 oculum
1154 1673 1409 1740 vidistis,
1445 1690 1561 1727 non
1594 1673 1783 1728 solum
1819 1674 1875 1728 in
1912 1674 2097 1729 beatis

2203 515 2314 572 λῶν
2371 517 2537 572 αὐτοῦ
2598 518 2780 591 μνείαν
2841 522 3096 587 ποιεῖται,
3146 519 3370 593 γράφων
3427 519 3600 580 οὕτως
3632 537 3648 550 ·
3685 540 3711 572 ε
3763 520 3847 580 Ὠς

2203 605 2318 661 εἶπέ
2366 627 2449 667 τις
2494 611 2603 661 τῶν
2650 608 2933 680 ἡμετέρων
2987 605 3075 661 διὰ
3120 610 3220 676 τὴν
3272 609 3407 682 πρὸς
3460 609 3590 664 Θεὸν
3646 629 3847 683 μαρτυ-

2203 695 2318 770 ρίαν
2348 698 2693 769 κατακριθεὶς
2745 697 2881 771 πρὸς
2911 696 3076 771 θηρία
3108 716 3122 731 ·
3175 698 3300 755 ’Ότι
3348 699 3499 758 σῖτός
3548 698 3664 770 εἶμι
3697 702 3849 763 Θεοῦ,

2202 783 2292 838 καὶ
2352 782 2422 839 δι’
2493 782 2729 840 ὀδόντων
2802 784 3007 859 θηρίων
3085 786 3388 858 ἀλήθομαι,
3461 783 3551 841 ἵνα
3621 788 3851 858 καθαρὸς

2203 870 2363 945 ἄρτος
2414 874 2643 948 εὑρεθῶ.
2688 896 2717 925 ››
2778 872 3064 946 Μέμνηται
3115 872 3172 928 δὲ
3220 875 3385 929 αὐτοῦ
3429 876 3524 928 καὶ
3574 873 3851 947 Πολύχαρ-

2202 983 2302 1023 πος
2332 962 2384 1016 ἐν
2435 966 2504 1037 τῇ
2553 965 2689 1035 πρὸς
2739 961 3152 1034 Φιλιππησίους
3195 964 3391 1018 τούτου
3420 964 3714 1037 ἐπιστολῇ,
3758 964 3849 1017 οὗ-

2203 1051 2336 1106 τωσί
2384 1072 2501 1113 πως
2548 1050 2758 1121 διεξιών
2793 1072 2806 1084 ·
2861 1077 2888 1103 ‹‹
2940 1051 3247 1126 Παρακαλῶ
3295 1051 3387 1107 οὖν
3430 1053 3635 1114 πάντας
3689 1054 3849 1123 ὑμᾶς,

2201 1144 2520 1217 πειθαρχεῖν
2598 1143 2689 1197 καὶ
2748 1145 2926 1197 ἀσκεῖν
2992 1149 3164 1197 πᾶσαν
3227 1143 3506 1215 ὑπομονὴν
3564 1144 3623 1211 ἦν
3689 1139 3852 1196 εἴδετε

2201 1232 2318 1286 κατ’
2350 1229 2689 1306 ὀφθαλμοὺς,
2723 1231 2784 1285 οὐ
2837 1232 3001 1303 μόνον
3052 1230 3104 1285 ἐν
3147 1237 3268 1289 τοῖς
3317 1230 3625 1305 μακαρίοις,
3677 1232 3852 1303 Ἰγνα-

2201 1318 2304 1392 τίῳ
2350 1321 2437 1374 καὶ
2500 1321 2712 1398 Ῥούφῳ
2760 1319 2850 1374 καὶ
2908 1321 3163 1392 Ζωσίμῳ,
3198 1319 3344 1374 ἀλλᾶ
3398 1320 3488 1373 καὶ
3546 1317 3599 1373 ἐν
3658 1317 3852 1380 ἄλλοις

2205 1414 2327 1468 τοῖς
2358 1406 2407 1477 ἒξ
2449 1410 2636 1481 ⁴ἡμῶν,
2666 1409 2756 1462 καὶ
2806 1408 2858 1463 ἐν
2906 1409 3053 1481 αὐτῷ
3098 1406 3304 1481 Παύλῳ
3333 1409 3422 1463 καὶ
3469 1414 3587 1472 τοῖς
3626 1407 3856 1469 λοιποῖς

2202 1494 2539 1559 ἀποστόλοις
2576 1516 2590 1530 ο
2638 1498 2990 1569 πεπεισμένοι
3041 1496 3124 1552 ὅτι
3169 1497 3325 1552 οὗτοι
3380 1497 3576 1559 πάντες
3628 1495 3728 1550 οὐκ
3776 1496 3853 1557 εἰς

2202 1585 2358 1640 κενὸν
2412 1583 2672 1659 ἔδραμον,
2720 1583 2851 1641 ἀλλ’
2893 1585 2945 1640 ἐν
2990 1587 3171 1641 πίστει
3218 1585 3310 1640 καὶ
3359 1583 3678 1659 δικαιοσύνῃ
3713 1605 3723 1615 ·
3766 1584 3856 1637 καὶ

2205 1674 2289 1728 δτι
2349 1672 2426 1737 εἷς
2474 1675 2566 1728 τὸν
2624 1672 2980 1747 ὀφειλόμενον
3056 1673 3241 1736 αὐτοῖς
3313 1674 3482 1728 τόπον
3538 1673 3641 1728 εἰσὶ
3716 1673 3859 1743 παρᾶ

444 1767 581 1820 viris
610 1764 836 1835 Ignatio
875 1769 931 1818 et
962 1762 1107 1818 Rufo
1132 1769 1189 1817 et
1220 1761 1471 1830 Zosimo,
1502 1762 1602 1817 sed
1649 1763 1823 1817 etiam
1877 1764 1929 1816 in
1968 1762 2094 1818 aliis

2210 1763 2411 1837 Κυρίῳ,
2462 1761 2507 1834 ᾦ
2558 1764 2649 1817 καὶ
2699 1764 3017 1820 συνέπαθον.
3067 1762 3140 1819 Οὐ
3198 1764 3302 1840 γὰρ
3344 1762 3436 1817 τὸν
3490 1766 3584 1816 νῦν
3632 1762 3856 1838 ἡγάπηυ

447 1858 657 1907 nostras
690 1852 1070 1923 professionis
1101 1850 1467 1918 hominibus,
1496 1855 1676 1921 atque
1705 1853 1847 1908 adeo
1882 1853 1939 1907 in
1975 1852 2103 1923 ipso

447 1941 625 1996 Paulo
650 1946 707 1994 et
735 1938 975 2008 reliquis
996 1940 1296 2010 apostolis,
1328 1938 1472 1994 illud
1509 1956 1845 2011 persuasum
1893 1941 2106 1996 haben-

444 2045 535 2085 ses
563 2028 717 2100 quod
750 2028 834 2083 illi
866 2043 1073 2084 omnes
1096 2045 1211 2082 non
1246 2028 1304 2081 in
1341 2044 1555 2082 vanum
1589 2030 1969 2096 cucurrerint,
2003 2030 2103 2084 sed

453 2115 514 2170 in
549 2115 661 2170 fide
689 2119 746 2170 et
767 2114 1087 2185 justitia,et
1109 2116 1258 2185 quod
1291 2113 1352 2168 in
1383 2116 1574 2170 debito
1596 2116 2000 2187 destinatoque
2021 2116 2104 2170 eis

456 2203 583 2260 loco
613 2204 733 2258 sint
763 2206 911 2272 apud
945 2202 1389 2267 Dominum,cui
1410 2206 1586 2258 etiam
1618 2204 1909 2274 compassi
1942 2209 2102 2259 sunt.

457 2284 580 2340 Non
596 2284 754 2339 enim
774 2299 1026 2355 praesens
1038 2300 1163 2338 com
1178 2284 1320 2353 plexi
1339 2285 1968 2340 amaveruntsaeculum
1981 2285 2105 2351 ,sed

456 2389 588 2430 eum
620 2373 718 2443 qui
743 2388 845 2443 pro
869 2373 1037 2427 nobis
1062 2378 1323 2427 mortuus
1346 2382 1449 2440 esl,
1472 2379 1528 2428 et
1557 2374 1651 2441 qui
1677 2381 1907 2445 propter
1940 2392 2043 2429 nos
2073 2392 2106 2429 a

459 2462 574 2519 Deo
603 2465 690 2519 est
712 2462 1109 2517 resuscitatus.
1137 2482 1161 2514 ι
1188 2460 1339 2518 251
1390 2462 1470 2518 De
1508 2464 1761 2533 epistolis
1807 2464 1889 2519 ita
1959 2463 2103 2519 scri-

458 2551 581 2606 bit:
614 2572 642 2600 «
665 2550 993 2619 Scripsistis
1045 2550 1186 2604 mihi
1211 2556 1267 2605 et
1291 2568 1409 2619 vos,
1441 2557 1497 2607 et
1544 2551 1828 2624 Ignatius,
1863 2558 1924 2608 ut
1972 2569 2101 2608 cum

459 2638 592 2711 quis
616 2638 677 2692 in
709 2637 934 2710 Syriam
969 2638 1119 2706 ierit,
1150 2637 1369 2694 litteras
1400 2640 1470 2693 ad
1499 2656 1600 2695 vos
1632 2641 1879 2710 perferat
1909 2658 1922 2697 :
1949 2643 2100 2713 quod

457 2725 690 2798 quidem
723 2726 959 2793 curabo,
992 2731 1384 2798 opportunum
1403 2734 1871 2800 nactustempus,
1895 2732 1979 2783 vel
2000 2744 2104 2800 ego

455 2816 599 2887 ipse,
622 2816 708 2877 vel
739 2816 789 2871 is
817 2832 990 2886 quem
1024 2817 1211 2883 mitto,
1247 2818 1345 2886 qui
1368 2817 1445 2871 sit
1485 2835 1579 2888 pro
1619 2819 1783 2874 nobis
1837 2821 2103 2875 nuntium

449 2904 551 2960 lllo
585 2904 930 2974 perlaturus.
966 2905 1250 2975 Epistolas
1284 2907 1495 2977 Ignatii
1527 2911 1596 2962 ab
1627 2924 1694 2962 eu
1724 2910 1791 2962 ad
1829 2927 1933 2965 nos
1960 2910 2103 2968 mis-

449 3009 568 3061 sas,
592 3001 646 3048 et
677 2992 820 3048 alias
850 2994 1011 3059 item,
1044 3010 1193 3064 quas
1227 2994 1528 3049 nobiscum
1570 2995 1902 3065 habuimus,
1933 2998 2014 3053 ita
2044 3011 2105 3055 ut

2210 1872 2302 1906 σαν
2334 1854 2526 1921 αἰῶνα,
2560 1849 2705 1906 ἀλλᾶ
2748 1852 2840 1907 τὸν
2897 1853 3031 1926 ὑπὲρ
3079 1853 3238 1924 ἡμῶν
3274 1852 3634 1919 ἀποθανόντα,
3666 1853 3756 1905 καὶ
3790 1848 3861 1904 δι’

2210 1941 2357 2011 ἡμᾶς
2416 1939 2519 1993 ὑπὸ
2567 1944 2663 1994 τοῦ
2711 1943 2844 1994 Θεοῦ
2894 1941 3209 1995 ἀναστάντα.
3243 1964 3273 1993 ››
3306 1941 3460 2009 Ἑξῆς
3501 1939 3548 1995 δ’
3577 1938 3819 2015 ἐπιῳὲρει
3844 1955 3861 1972 ο

2210 2054 2238 2080 (ι
2272 2029 2574 2102 Έγράψατέ
2625 2050 2718 2100 μοι
2774 2028 2865 2083 καὶ
2903 2029 3079 2099 ’ὑμεῖς
3138 2028 3227 2083 καὶ
3288 2030 3568 2105 Ἰγνάτιος,
3614 2026 3710 2082 ἵνα
3770 2028 3858 2082 ὲὲν

2207 2138 2291 2179 τις
2344 2118 2651 2193 ὰπὲρχηται
2697 2118 2773 2180 εἰς
2826 2117 3041 2192 Συρίαν,
3094 2118 3181 2172 καὶ
3233 2118 3302 2173 τὰ
3344 2119 3469 2191 παρ’
3517 2119 3680 2188 ἦμῶν
3730 2118 3863 2171 ἀπο-

2210 2206 2414 2281 κομίσῃ
2476 2206 2815 2279 γράμματα·
2871 2206 3005 2281 ὅπερ
3052 2208 3293 2277 ποιήσω,
3326 2206 3415 2261 ἐὰν
3463 2202 3619 2262 λάϐω
3669 2207 3859 2280 καιρὸν

2210 2293 2442 2364 εὔθετον,
2502 2294 2610 2350 εἷ’τε
2669 2295 2797 2369 ἐγὼ,
2857 2295 2963 2351 εἴτε
3036 2296 3095 2351 ’ὀν
3170 2298 3374 2369 πέμπω
3437 2291 3861 2371 πρεσϐεύσοντα,

2210 2384 2298 2439 καὶ
2330 2384 2474 2458 ιπερὶ
2528 2384 2701 2456 ὑμῶν.
2746 2386 2849 2446 Τὰς
2916 2384 3208 2448 ἐπιστολὰς
3259 2384 3515 2460 ἰγνατίου
3572 2385 3670 2447 τὰς
3729 2404 3864 2455 πεμ-

2211 2474 2429 2546 φθείσας
2470 2476 2605 2542 ἡμῖν
2654 2473 2746 2530 ἀπ’
2791 2472 2980 2545 αὺτοῦ,
3010 2475 3099 2529 καὶ
3147 2472 3321 2536 ἄλλας
3374 2474 3437 2536 ἃς
3476 2473 3707 2549 εἴχομεν
3737 2475 3861 2547 παρ’

2209 2566 2369 2635 ἡμῖν,
2417 2561 2735 2637 ἐπέμψαμεν
2797 2564 2944 2636 ὑμῖν,
2994 2564 3175 2625 καθὼς
3235 2563 3604 2619 ἐνετείλασθε”
3664 2561 3857 2623 αἳτινες

2213 2650 2638 2727 ὑποτεταγμέναι
2687 2651 2789 2706 εἶσὶ
2838 2656 2907 2727 τῇ
2956 2652 3220 2723 ἐπιστολῇ
3269 2653 3438 2728 ταύτῃ
3468 2672 3481 2685 '
3537 2653 3591 2723 ἐξ
3630 2654 3709 2706 ὧν
3757 2673 3858 2726 με-

2207 2738 2349 2814 γάλα
2396 2738 2749 2814 ὠφεληθῆναι
2798 2737 3119 2809 δυνήσεσθε·
3156 2743 3475 2816 περιέχουσι
3524 2742 3629 2816 γὰρ
3675 2742 3851 2795 πίστιν

2209 2826 2300 2880 καὶ
2361 2827 2642 2899 ὑπομονὴν
2693 2828 2783 2882 καὶ
2841 2833 3013 2882 πᾶσαν
3069 2826 3370 2903 οἶκοδομὴν
3427 2831 3530 2898 τὴν
3611 2830 3689 2891 είς
3765 2829 3853 2882 τὸν

2210 2918 2408 2992 Κύριον
2468 2921 2629 2990 ἡμῶν
2691 2920 3078 2990 ἀνήκουσαν.»
3131 2921 3216 2975 Ἐν
3275 2918 3333 2975 δὲ
3388 2921 3578 2991 Ῥώμῃ
3633 2922 3852 2994 γενόμε-

2207 3027 2320 3075 νος,
2379 3008 2469 3061 καὶ
2541 3006 2820 3069 ποικίλαις
2905 3008 3160 3082 βασάνοις
3219 3006 3516 3081 ἐξετασθεὶς
3569 3009 3841 3081 πρότερον,

440 3080 724 3151 jussistis,
770 3082 841 3135 ad
903 3097 1000 3136 vos
1059 3083 1368 3151 misimus;
1413 3100 1542 3154 quae
1600 3087 1837 3156 quidem
1897 3089 2094 3141 litieriS

2210 3096 2299 3150 καὶ
2361 3092 2530 3167 μηδέν
2588 3117 2639 3150 τι
2694 3101 2790 3151 τοῦ
2848 3100 3220 3170 προσήκοντος
3266 3098 3522 3173 καθυφεὶς
3572 3099 3850 3175 φρονήμα-

447 3185 619 3225 nesce
640 3171 854 3225 nostris
885 3174 1022 3224 sunt
1049 3171 1358 3241 adjuncta,
1391 3173 1602 3243 quibus
1634 3174 1879 3230 multum
1928 3177 2097 3245 adju-
2128 3171 2170 3188 "

448 3260 569 3316 vari
607 3257 866 3329 poteriis.
917 3260 1400 3331 Compleoluotur
1455 3262 1611 3317 enim
1661 3262 1855 3332 fidem,
1892 3273 1949 3321 et
2008 3284 2098 3337 pa-

446 3347 744 3416 tientiam,
778 3353 834 3403 et
872 3347 1310 3405 aediﬁcationem
1343 3367 1596 3418 omnem,
1628 3368 1750 3421 quae
1798 3356 1865 3409 ad
1900 3354 2093 3410 Domi-

446 3452 586 3493 num
623 3441 885 3493 nostrum
919 3439 1184 3494 refertur.
1220 3460 1248 3488 »
1284 3438 1480 3496 Roma
1511 3457 1681 3510 porro
1736 3459 1870 3499 cum
1931 3444 2094 3514 prius

441 3525 603 3581 varia
658 3531 948 3583 tormenta
1006 3527 1362 3597 pertulisset,
1398 3545 1583 3601 neque
1641 3531 1964 3604 quidquam
2023 3536 2094 3589 de

443 3617 737 3672 constanti
817 3617 1162 3689 decentique
1236 3635 1345 3674 sua
1410 3623 1705 3678 sententia
1766 3623 2093 3680 remisisset

444 3713 740 3775 postremo
771 3707 830 3762 in
866 3708 1052 3763 medio
1085 3710 1310 3765 theatro
1350 3711 1578 3766 duobus
1610 3711 1879 3770 leonibus
1928 3715 2092 3785 obje-

2210 3204 2325 3251 τος,
2352 3183 2509 3246 τέλος
2540 3184 2628 3238 ἐπὶ
2682 3184 2846 3257 μέσου
2893 3186 3119 3259 θεάτρου
3171 3184 3288 3240 δυσὶ
3331 3184 3517 3241 λέουσι
3561 3182 3853 3258 παραϐλη-

2210 3272 2340 3340 Οεὶς,
2382 3273 2529 3328 τέλει
2577 3279 2673 3327 τοῦ
2724 3275 3027 3349 μαρτυρίου
3073 3275 3373 3350 ἐχρήσατο.
3422 3280 3543 3329 Τῶν
3586 3274 3680 3329 οὗν
3727 3295 3854 3348 σαρ-

2206 3365 2315 3415 κῶν
2367 3360 2531 3416 αὐτοῦ
2582 3361 2672 3417 καὶ
2727 3367 2834 3416 τῶν
2895 3362 3259 3437 ἁπαλωτέρων
3325 3363 3525 3418 ὀστέων
3576 3362 3855 3434 καταϐρωο

2208 3449 2423 3512 θέντων,
2485 3452 2583 3505 ὅσα
2656 3456 2764 3505 τῶν
2840 3450 3205 3527 στεῤῥοτέρων
3286 3451 3612 3527 ὑπελείφθη,
3669 3453 3856 3527 χρόνῳ

2204 3536 2403 3610 πολλῷ
2456 3537 2674 3613 ὕστερον
2714 3528 2779 3594 ’ἐκ
2826 3541 3047 3612 Ῥώμης
3097 3540 3171 3603 εἷς
3217 3543 3559 3615 Ἀντιόχειαν
3607 3542 3661 3595 οἱ
3713 3542 3857 3596 ὲκεί-

2201 3650 2295 3683 νου
2326 3630 2586 3685 θιασῶται
2617 3631 2911 3706 ἀνήγαγον.
2935 3633 3175 3689 Τοιαῦτα
3202 3632 3291 3685 καὶ
3321 3632 3387 3685 τὰ
3417 3632 3557 3687 κατὰ
3587 3632 3681 3686 τὸν
3710 3633 3851 3687 θεῖον

2206 3720 2481 3793 Ἰγνάτιον.

440 3800 596 3863 ctus,
630 3797 908 3868 martyrio
938 3801 1028 3852 est
1070 3798 1423 3854 defunctus:
1456 3809 1509 3854 et
1538 3817 1744 3859 carnes
1793 3804 2029 3875 quidem
2093 3809 2220 3878 eius
2278 3817 2455 3881 atque
2507 3828 2641 3867 ossa
2693 3813 2977 3869 teneriora
3016 3814 3216 3868 bestiae
3281 3813 3669 3876 devorarunt:
3703 3829 3850 3883 quaa-

446 3899 681 3954 cunque
713 3890 908 3940 autem
943 3886 1201 3942 ﬁrmiora
1232 3888 1455 3959 reliqua
1488 3889 1662 3958 fuere,
1696 3892 1874 3949 multo
1893 3895 2171 3967 deinceps
2202 3903 2460 3971 tempore
2486 3901 2667 3956 Roma
2698 3902 3061 3957 Antiochiam
3100 3903 3173 3957 ab
3211 3901 3508 3958 sodalibus
3557 3903 3852 3958 sectatori-

439 3970 669 4043 busquo
688 3975 816 4042 ejus
843 3984 981 4030 sunt
1009 3976 1248 4046 perlata.
1281 3978 1410 4033 Haec
1442 3980 1513 4035 de
1536 3982 1660 4052 ipso
1701 3982 1896 4039 divino
1929 3985 2170 4055 lgnatio.

1078 4122 1310 4179 CAPUT
1345 4122 1467 4180 XX.

2828 4141 3082 4193 ΚΕΦΔΛ.
3128 4138 3208 4194 Κ’.

444 4228 516 4283 De
546 4225 731 4317 Ραρίᾳ
756 4226 1146 4317 liter-oportuni:
1172 4239 1225 4286 et
1253 4246 1378 4301 qua
1417 4232 1485 4313 a_b
1542 4249 1639 4317 eo,_
1675 4244 1881 4317 prefer
1935 4253 2089 4294 com-

2204 4241 2356 4315 [ῐερὶ
2395 4242 3286 4317 τοῦΔἹεραπολίτουλῐῐαπία,
3328 4243 3436 4317 διαὶ
3473 4247 3600 4298 τῶν
3644 4263 3840 4317 παρα-

609 4313 828 4353 munem
858 4307 1192 4370 opinionem,
1219 4307 1505 4361 memoriae
1532 4307 1641 4360 sint
1671 4307 1914 4378 prodita.

2292 4307 2301 4315 ’
2514 4307 2718 4387 δόξως
2757 4307 3491 4389 ἱστορηθέντωνάὖτῷ.

511 4423 716 4494 Papias
746 4439 881 4479 vero
916 4425 1376 4496 Hierapolitanus
1414 4434 1472 4486 et
1510 4431 1634 4502 ipse
1670 4433 1788 4489 vita
1844 4437 2076 4503 aposto-

436 4512 550 4570 lica
571 4513 762 4568 clarus
785 4513 916 4581 fuit,
934 4517 1237 4587 multaque
1268 4518 1532 4574 Ecclesia:
1565 4522 1784 4592 scripta
1807 4523 2075 4594 reliquit:

438 4617 687 4672 quorum
723 4602 985 4673 quinque
1025 4608 1277 4673 tantum,
1320 4624 1449 4678 quas
1490 4608 1920 4666 Dominicorum
1981 4630 2091 4667 ser-

2260 4437 2470 4499 Παπίας
2528 4435 2574 4491 δ’
2621 4439 2649 4494 ὁ
2689 4437 3063 4512 Ἱεραπολίτης
3120 4439 3472 4510 ἀποστολικῷ
3541 4441 3633 4495 καὶ
3682 4439 3836 4500 οὗτος

2191 4521 2489 4600 διαπρέψας
2554 4526 2676 4600 βίῳ,
2714 4524 2901 4582 πολλᾶ
2957 4529 3360 4604 συγγράμματα
3407 4532 3477 4602 τῇ
3540 4526 3839 4599 Ἐκκλησία

2198 4615 2494 4668 κατέλιπε·
2547 4615 2705 4670 πέντε
2754 4612 2801 4669 δ’
2852 4615 2945 4671 οὖν
3002 4616 3148 4687 αὐτῷ
3213 4617 3352 4689 μόνα
3402 4617 3643 4690 ἐφέρετο,
3674 4616 3709 4670 ἃ
3757 4616 3819 4671 λο

440 4704 680 4744 monum
725 4690 1141 4761 expositionem
1202 4695 1519 4765 inscripsit,
1573 4697 2089 4756 circumferuntur.

438 4783 646 4834 Eorum
689 4778 941 4835 Irenaeus
976 4799 1204 4853 quoque
1263 4786 1621 4842 mentionem
1679 4789 1838 4857 facit,
1872 4792 1951 4845 ita
2007 4789 2090 4843 in-

436 4868 645 4965 quiens
676 4886 689 4924 :
722 4889 756 4965 κ
790 4868 870 4924 De
896 4869 970 4925 iis
1004 4871 1233 4942 Papias,
1265 4872 1511 4931 Joannis
1542 4877 1784 4947 quidem
1834 4878 2087 4965 auditor,

437 4957 737 5030 Polycarpi
769 4963 963 5016 autem
1009 4961 1248 5030 sodalis,
1282 4963 1371 5018 vir
1429 4965 1674 5036 priscus,
1736 4969 1952 5039 scripto
2000 4957 2086 5025 te;

435 5051 644 5116 statur,
669 5047 726 5102 in
745 5055 953 5119 quarto
975 5051 1291 5109 voluminis
1322 5055 1410 5109 sui
1461 5055 1911 5130 libro.0uinque
1928 5059 2086 5115 enim

430 5138 776 5208 composuit.
815 5159 840 5190 io
874 5139 1081 5211 Papias
1115 5158 1281 5213 porro
1312 5146 1456 5211 ipse,
1517 5145 1576 5201 in
1623 5150 1907 5203 Prommio
1939 5148 2086 5203 scri-

435 5233 670 5297 ptorum
705 5245 972 5297 suorum,
1003 5248 1065 5285 se
1095 5233 1281 5287 oculis
1312 5238 1437 5289 suis
1482 5238 1776 5305 apostolos
1839 5257 1950 5292 non
1997 5238 2084 5293 vi-

436 5314 613 5385 disse,
649 5318 742 5370 serl
775 5316 906 5373 ﬁdei
943 5322 1355 5389 professionem
1402 5325 1473 5378 ab
1532 5327 1614 5381 eis
1647 5327 1747 5398 qui
1793 5327 1912 5382 illis
1961 5326 2085 5382 noti

435 5404 608 5471 atque
655 5404 965 5462 familiares
1000 5409 1255 5475 fuerunt,
1288 5410 1658 5478 addidicisse,
1693 5415 1852 5470 hisce
1891 5414 2086 5470 verbis

434 5488 626 5545 innuit
666 5507 680 5545 :
716 5510 746 5539 «
775 5492 899 5550 Non
944 5497 1224 5567 gravabor
1261 5498 1443 5567 enim,
1474 5499 1683 5573 inquit,
1718 5517 2083 5575 quacunque

433 5591 467 5631 a
497 5579 851 5649 presbyteris
881 5589 1033 5640 recte
1064 5585 1266 5653 didici,
1302 5602 1368 5642 ac
1400 5592 1554 5645 recte
1575 5593 1867 5649 memorie
1907 5607 2079 5649 man-

2198 4701 2330 4775 γίων
2381 4708 2662 4778 Κυριακῶν
2710 4703 3008 4779 ἐπέγραψεν
3064 4704 3394 4780 ἐξηγήσεως.
3435 4710 3530 4759 Ὧν
3596 4706 3687 4759 καὶ
3754 4704 3840 4761 ΕΤ-

2201 4798 2423 4865 ρηναῖος
2469 4793 2653 4865 μνείαν
2698 4800 2959 4863 ποιεῖται,
2991 4795 3138 4850 οὕτω
3182 4797 3433 4872 φάσκων·
3470 4822 3497 4848 α
3539 4800 3712 4851 Ταῦτα
3752 4797 3836 4851 καὶ

2201 4881 2428 4953 Παπίας,
2487 4884 2741 4940 Ἰωάννου
2823 4884 2916 4954 μὲν
2990 4884 3283 4956 ἀκουστὴς,
3357 4885 3722 4958 Πολυκάρπου
3788 4883 3841 4939 δὲ

2198 4967 2407 5043 ἑταῖρος
2461 4972 2721 5045 γεγονὼς,
2773 4971 3005 5046 ἀρχαῖος
3057 4973 3216 5048 ἀνὴρ,
3266 4973 3549 5051 ἐγγράφως
3608 4972 3840 5047 ἐπιμαρ-

2194 5063 2345 5131 τυρεῖ
2393 5056 2443 5112 ἐν
2493 5064 2561 5134 τῇ
2606 5060 2837 5135 τετάρτῃ
2890 5065 2996 5115 τῶν
3041 5061 3234 5116 ἑαυτοῦ
3270 5057 3500 5135 βιϐλίων
3528 5082 3541 5095 ·
3579 5060 3694 5116 ἔστι
3745 5062 3841 5135 γὰρ

2196 5143 2343 5216 αὗτῷ
2391 5149 2545 5202 πέντε
2596 5142 2788 5222 βιϐλία
2845 5149 3260 5225 συντεταγμένα.
3298 5171 3326 5199 ››
3358 5147 3570 5210 Παπίας
3630 5145 3688 5202 δὲ
3748 5147 3845 5202 οὐκ

2195 5232 2468 5304 αὐτόπτην
2525 5236 2710 5290 ἑαυτὸν
2760 5234 2811 5291 ἐν
2861 5240 2942 5307 τῷ
2990 5237 3270 5310 προοιμίῳ
3326 5244 3426 5305 τῆς
3479 5232 3683 5311 βίϐλου
3740 5240 3844 5292 τῶν

2197 5324 2516 5378 ἀποστόλων
2547 5324 2728 5399 λέγει·
2774 5326 2842 5378 τὰ
2872 5322 2929 5378 δὲ
2958 5331 3058 5393 τῆς
3086 5326 3319 5383 πίστεως
3370 5324 3657 5400 εἰληφέναι
3712 5322 3842 5404 φησῖ

2194 5412 2338 5484 παρᾶ
2386 5416 2492 5467 τῶν
2546 5412 2773 5474 ἐκείνοις
2824 5412 3142 5489 γνωρίμων,
3191 5411 3263 5467 δι’
3308 5415 3382 5468 ὧν
3427 5412 3840 5486 ἐπισημαίνεται

2196 5499 2432 5571 λέξεων·
2469 5525 2496 5555 ι(
2528 5502 2641 5558 Οὐκ
2688 5503 2901 5572 ὀκνήσω
2952 5502 3053 5579 γάρ
3097 5523 3205 5566 σοι,
3238 5502 3395 5580 φησὶ,
3425 5503 3517 5558 καὶ
3567 5504 3669 5557 δσα
3715 5501 3844 5557 ποτὲ

2196 5590 2344 5666 παρὰ
2398 5595 2507 5647 τῶν
2578 5587 2959 5665 πρεσϐυτέρων
3016 5589 3199 5655 καλῶς
3258 5586 3460 5667 ἔμαθον
3518 5592 3609 5647 καὶ
3665 5590 3845 5650 καλῶς
