4032 6282
210 380 333 444 937

1216 377 1837 440 ECCLESIASTICIE
1879 376 2272 462 HISTOBIE
2311 377 2464 436 LIB.
2513 376 2618 438 III.

3500 384 3618 442 938

219 514 628 588 ἐμνημόνευσα,
679 511 950 583 συντάξαι,
979 516 1098 575 ταῖς
1147 510 1462 588 ἑρμηνείαις
1512 506 1846 567 διαϐεϐαιοῦ·

1971 513 2123 585 davi,
2154 512 2447 570 veritatem
2470 528 2673 569 eorum
2717 511 3193 584 interpretatione
3240 512 3617 584 confirmans,

211 624 381 677 μενος
436 603 569 676 ὑπὲρ
628 601 806 656 αὐτῶν
865 600 1148 672 ἀλήθειαν.
1210 600 1282 657 0'3
1337 601 1438 678 γὰρ
1496 605 1612 662 τοῖς
1670 599 1857 657 πολλά

206 692 466 767 λεγουσιν
516 687 758 767 ἔχαιρον,
807 687 987 765 ὥσπερ
1036 691 1087 745 οἱ
1135 687 1366 758 πολλοὶ,
1409 688 1555 744 ἀλλᾶ
1593 694 1711 751 τοῖς
1758 689 1856 744 τά-

205 779 361 852 ληθῆ
406 778 786 836 διδάσκουσιν·
831 777 963 834 οὐδὲ
999 783 1116 842 τοῖς
1156 780 1252 842 τας
1291 776 1592 853 ἀλλοτρίας
1633 776 1855 842 ἐντολὰς

207 870 681 944 μνημονεύουσιν,
732 867 877 926 ἀλλᾶ
905 875 1024 934 τοῖς
1069 871 1167 934 τὰς
1203 869 1349 944 παρὰ
1386 873 1482 925 τοῦ
1532 868 1733 944 Κυρίου
1782 873 1852 943 τῇ

205 961 390 1017 πίστει
452 957 760 1032 δεδομένας,
821 959 911 1013 καὶ
967 960 1095 1036 παρ’
1153 960 1324 1030 αὐτῆς
1395 959 1855 1036 παραγινομένοις

204 1056 312 1120 τῆς
365 1049 644 1120 ἀληθείας.
695 1048 760 1106 Εἰ
812 1045 869 1104 δέ
916 1070 1021 1104 που
1069 1050 1159 1104 καὶ
1213 1048 1724 1125 παρηκολουθηκώς
1771 1071 1854 1112 τις

205 1143 330 1200 τοῖς
361 1134 750 1214 πρεσϐυτέροις
782 1131 957 1207 ἔλθοι,
988 1137 1116 1200 τοὺς
1146 1141 1254 1192 τῶν
1303 1133 1680 1212 πρεσϐυτέρων
1729 1137 1857 1193 ἀνέ-

205 1248 394 1300 κρινον
439 1226 636 1304 λόγους
662 1244 675 1256 '
721 1225 774 1281 τί
825 1224 1099 1297 Ἀνδρέας,
1131 1228 1164 1298 ἦ
1196 1227 1248 1281 τί
1281 1226 1484 1302 Πέτρος
1533 1226 1702 1297 εἶπεν,
1734 1227 1768 1296 ἢ
1799 1227 1853 1282 τί

206 1322 435 1390 Θωμᾶς,
467 1317 502 1387 ἢ
536 1315 838 1385 Φίλιππος,
869 1314 904 1384 ἢ
954 1317 1006 1370 τί
1059 1316 1268 1388 Σίμων,
1317 1315 1354 1385 ἢ
1403 1311 1686 1389 Ἰάκωϐος,
1725 1317 1760 1387 ἢ
1801 1315 1853 1371 τί

202 1406 490 1480 Ἰωάννης,
519 1405 554 1474 ἢ
587 1407 866 1469 Ματθαῖος
888 1422 900 1434 ·
935 1405 970 1475 ἢ
1009 1426 1092 1467 τις
1136 1403 1319 1481 ἕτερος
1368 1409 1477 1460 τῶν
1506 1409 1607 1460 τοῦ
1655 1404 1854 1480 Κυρίου

209 1497 497 1569 μαθητῶν,
546 1495 581 1549 ὀί
624 1515 682 1549 τε
731 1492 1018 1568 Ἀριστίων
1068 1495 1157 1550 καὶ
1190 1495 1218 1550 ὁ
1257 1490 1619 1571 πρεσϐύτερος
1668 1496 1853 1552 Ἰωάν-

199 1606 331 1656 νης,
373 1589 470 1640 τοῦ
517 1584 722 1661 Κυρίου
774 1585 1033 1656 μαθηταὶ,
1085 1585 1350 1662 λέγουσιν.
1403 1582 1482 1644 Οὔ
1529 1585 1632 1663 γὰρ
1680 1586 1748 1640 τὰ
1795 1587 1855 1640 ἐκ

198 1679 316 1730 τῶν
354 1670 585 1750 βιϐλίων
613 1674 868 1730 τοσοῦτόν
906 1695 973 1749 με
1003 1673 1233 1751 ὠφελεῖν
1273 1669 1684 1748 ὑπελάμϐανον,
1729 1675 1852 1730 ὅσον

199 1767 272 1820 τὰ
321 1766 467 1841 παρᾶ
518 1765 696 1835 ζώσης
747 1770 934 1840 φωνῆς
983 1763 1073 1819 καὶ
1126 1763 1414 1838 μενούσης.
1458 1788 1486 1815 ››
1534 1763 1848 1838 Ἐπισημή-

199 1854 396 1907 νασθαι
445 1849 500 1906 δὲ
539 1853 676 1931 χρὴ,
717 1852 792 1912 ὡς
835 1849 917 1914 δὲς
965 1853 1064 1921 τήν
1112 1852 1366 1908 Ἰωάννου
1413 1852 1735 1926 ὁμωνυμίαν
1767 1856 1848 1923 τῷ
1884 1899 1929 1966 Β

215 1964 264 1966 ,μ
305 1943 594 1966 ,,_-_’_n_s_--_-
645 1939 933 1966 --_._._\l,._-
969 1961 980 1966 _
1041 1942 1110 1966 .7.-.
1161 1942 1259 1966 __!._
1304 1941 1393 1966 ,κὶμ
1449 1946 1561 1966 --εκ
1613 1941 1816 1966 λ..---1

205 1943 598 2019 συγγράμματι
644 1939 980 2017 καταλέγει·
1037 1942 1111 1996 ὧν
1159 1942 1260 2011 τήν
1301 1941 1394 2013 μὲν
1445 1946 1562 2004 τοῖς
1606 1941 1851 1997 ἀποστό-

204 2032 333 2093 λοις
391 2029 804 2106 συγκαταλέγει,
876 2030 951 2092 ὡς
997 2029 1111 2104 ἰξόν
1169 2030 1306 2085 εἶναι
1353 2027 1445 2086 τόν
1495 2029 1852 2106 ἠγαπημένον

205 2127 387 2177 νοεῖν·
434 2124 504 2194 τῇ
553 2119 610 2175 δὲ
664 2119 1013 2194 προστίθησιν
1075 2120 1416 2195 Ἀριστίωνα,
1463 2121 1550 2175 καὶ
1607 2117 1851 2195 πρεσϐύ-

205 2231 366 2287 τερον
425 2211 723 2284 ἀνομάζειο
781 2211 842 2264 οὗ
900 2230 1042 2272 τινες
1091 2210 1450 2284 ἀγνοήσαντες
1494 2211 1592 2280 τήν
1636 2211 1852 2284 ὁμωνυ-

212 2302 368 2375 μίαν,
407 2301 502 2362 τᾶς
537 2301 672 2374 μετᾶ
695 2301 796 2370 τὴν
829 2299 1050 2374 πρώτην
1085 2297 1180 2354 δύο
1228 2297 1558 2362 Ἐπιστολὰς
1597 2300 1851 2355 Ἰωάννου

205 2390 302 2445 καὶ
334 2390 434 2456 τήν
466 2387 841 2462 Ἀποκάλυψιν
886 2387 1022 2442 εἶναι
1071 2386 1327 2461 ἐνόμισαν
1352 2409 1364 2420 ·
1408 2387 1460 2444 ἐν
1493 2387 1700 2466 Ἐφέσῳ
1746 2388 1848 2464 γὰρ

203 2479 299 2534 καὶ
331 2479 494 2542 οὗτος
525 2479 552 2532 ὁ
595 2472 960 2553 πρεσϐύτερος
1003 2473 1295 2551 διατρίϐων
1324 2479 1414 2548 ἦν,
1467 2474 1586 2533 ἔνθα
1625 2477 1716 2532 καὶ
1749 2474 1848 2532 δύο

206 2571 468 2643 μνήματα
517 2568 678 2645 λόγος
736 2567 894 2622 είσὲτι
955 2568 1218 2637 σώζεσθαι
1269 2566 1548 2648 ἀμφότερα
1596 2566 1848 2625 Ἰωάννου

203 2662 451 2730 μνημεῖα
512 2655 822 2730 ὁμωνύμως
867 2655 1154 2732 λεγόμενα.
1209 2657 1358 2712 Ἐπεὶ
1417 2653 1464 2710 δ’
1495 2657 1522 2710 ὁ
1556 2656 1845 2730 εἰρημένος

206 2748 423 2809 Παπίας
470 2747 556 2801 καὶ
610 2745 755 2801 ἄλλα
811 2745 932 2800 τινὰ
978 2742 1253 2819 παράδοξα
1301 2746 1507 2819 ἱστορεῖ
1553 2749 1672 2810 ταῖς
1714 2745 1845 2800 έαυ-

202 2841 310 2891 τοῦ
340 2833 581 2912 βίϐλοις,
614 2835 690 2896 ὡς
731 2833 790 2890 ix
829 2832 1178 2910 παραδύσεως
1224 2839 1334 2890 τῶν
1381 2835 1488 2910 πρὸ
1532 2832 1738 2890 ἔκείνου
1771 2834 1847 2898 εἷς

205 2925 368 2982 αὐτὸν
409 2923 655 2998 ἐλθόντα,
690 2924 816 2999 φέρε
859 2924 950 2978 καὶ
989 2922 1114 2999 περὶ
1154 2923 1362 2980 τούτων
1407 2925 1616 3000 βραχέα
1655 2921 1846 2996 διαλη-

207 3018 459 3092 ψώμεθα.
509 3015 716 3072 Αὐτίκα
763 3017 867 3092 γὰρ
916 3016 1006 3071 τὸν
1053 3016 1188 3072 κατᾶ
1237 3017 1335 3085 τήν
1379 3014 1687 3090 Ἱεράπολιν
1737 3015 1845 3072 Φί-

202 3105 436 3175 λιππον,
489 3107 549 3160 οὗ
605 3105 694 3160 καὶ
752 3107 848 3168 τὰς
907 3107 1206 3180 θυγατέρας
1261 3102 1600 3182 προφήτιδας
1649 3105 1842 3162 εἶναιὸ

201 3194 378 3270 λόγος
411 3193 710 3268 διείληφεν,
743 3190 833 3249 ἕνα
870 3199 978 3248 -ἇιν
1027 3191 1238 3250 δώδεκά
1284 3216 1446 3274 φησιν
1492 3195 1838 3266 ἀποστόλων,

1962 603 2067 660 tibi
2111 618 2415 675 exponere.
2475 601 2714 659 Minime
2756 601 2913 658 enim
2965 602 3038 658 iis
3095 618 3254 671 sum,
3287 608 3351 659 ut
3408 605 3617 678 vulgus

1963 693 2266 750 hominum
2299 692 2824 760 solet,deletantus,
2850 691 3147 764 quimulta
3197 693 3476 762 dicerent,
3512 697 3614 751 sed

1965 784 2065 855 qui
2117 798 2249 838 vera
2301 783 2832 855 docerentznequs
2885 783 2986 854 qui
3043 781 3253 851 aliena,
3285 784 3386 839 sed
3447 785 3616 857 quia

1967 872 2233 941 Domino,
2257 873 2406 929 etab
2430 872 2514 928 eis
2545 871 2760 944 quibus
2791 887 2920 928 cum
2940 872 3067 946 ipsa
3097 872 3334 929 veritate
3366 890 3614 930 consue-

1964 964 2105 1018 tudo
2139 963 2352 1028 fuit,de
2383 963 2494 1018 fide
2525 961 2736 1018 tradita
2757 971 3034 1034 pracepta
3056 977 3613 1032 commemorarens,

1970 1050 2131 1110 952
2163 1053 2326 1119 Quod
2358 1053 2404 1109 si
2443 1053 2677 1123 quando
2696 1051 2912 1124 aliquis
2933 1053 3407 1125 presbyterorum
3431 1059 3615 1110 secta-

1963 1145 2055 1198 tor
2083 1141 2398 1210 adveniret,
2431 1156 2634 1197 eorum
2665 1141 2927 1213 ipsorum
2972 1142 3334 1212 requirebam
3394 1158 3615 1200 sermo-

1965 1249 2069 1289 nes
2104 1248 2118 1289 :
2162 1232 2294 1305 quid
2329 1232 2545 1288 scilicet
2578 1232 2851 1300 Andreas,
2884 1232 3022 1303 quid
3072 1231 3274 1288 Petrus
3332 1232 3612 1291 dixisset:

1963 1321 2103 1393 quid
2135 1321 2414 1389 Thomas,
2448 1327 2547 1377 aut
2570 1319 2897 1393 Philippus,
2930 1326 3033 1376 aut
3062 1320 3285 1390 Simon,
3309 1325 3410 1378 aut
3446 1325 3608 1378 Jacoo

1968 1414 2075 1468 bus
2107 1428 2122 1468 :
2155 1415 2254 1467 aut
2282 1412 2422 1485 quid
2470 1410 2745 1478 Joannes,
2795 1417 2898 1468 aut
2956 1411 3278 1482 Mattheaus,
3310 1416 3411 1469 aut
3470 1414 3611 1485 quid

1965 1499 2117 1558 alius
2173 1500 2485 1572 quisquam
2544 1499 2773 1556 Domini
2812 1499 3235 1572 discipulorum
3271 1517 3284 1556 :
3317 1504 3420 1557 aut
3477 1501 3612 1573 quid

1963 1590 2136 1646 etiam
2167 1589 2446 1654 Aristion,
2479 1592 2537 1645 et
2563 1589 2810 1646 Joannes
2840 1589 3155 1662 presbyter,
3188 1594 3245 1646 et
3273 1590 3388 1664 ipsi
3445 1590 3617 1647 disci-

1966 1678 2083 1752 puli
2119 1678 2350 1734 Domini
2383 1677 2600 1736 dicant.
2635 1679 2760 1735 Non
2811 1679 2967 1736 enim
3016 1683 3245 1735 tantum
3303 1693 3398 1736 me
3444 1679 3613 1737 libris

1965 1767 2253 1840 adjuvari,
2279 1774 2561 1840 quantum
2592 1768 2722 1824 viva
2759 1772 2817 1824 et
2871 1768 3143 1839 praesnti
3190 1785 3345 1839 voce,
3375 1769 3615 1826 arbitra-

1965 1862 2060 1913 tus
2089 1874 2243 1914 sum.
2280 1880 2309 1908 ››
2338 1858 2667 1915 Notandum
2700 1874 2870 1932 porro
2900 1863 3008 1926 est,
3031 1857 3122 1914 bis
3153 1874 3285 1915 eum
3312 1859 3371 1916 in
3402 1863 3614 1932 scripto

1961 1946 2332 2004 hocJoannis
2355 1949 2594 2005 nomine
2641 1947 2979 2020 utizprimo
3037 1947 3294 2018 quidem,
3327 1949 3427 2005 ubi
3483 1965 3615 2022 apo-

1959 2035 2246 2092 stolorum
2304 2036 2804 2093 nomenclaturam
2872 2038 3148 2104 instituit,
3211 2042 3275 2093 ut
3332 2037 3613 2096 dilectum

1957 2123 2124 2180 illum
2185 2124 2504 2198 intelligere
2564 2124 2792 2182 liceat:
2852 2127 3105 2182 secundo
3190 2130 3384 2182 autem
3462 2125 3610 2195 loco,

1955 2213 2304 2271 Aristionem
2353 2220 2410 2271 et
2453 2215 2743 2272 Joannem
2801 2216 3027 2286 adjicit,
3088 2225 3140 2272 et
3207 2216 3611 2289 presbyterum

1957 2308 2145 2360 vocat.
2175 2303 2353 2375 Cujus
2412 2305 2650 2377 quidam
2717 2306 3057 2378 ignorantes
3115 2321 3429 2362 commune
3477 2323 3612 2363 cum

1957 2395 2218 2465 apostolo
2253 2411 2484 2458 nomen.
2503 2395 2850 2468 posteriores
2869 2397 3014 2450 duas
3045 2396 3288 2453 Joannis
3317 2396 3610 2468 Epistolas

1956 2489 2012 2539 et
2043 2483 2450 2557 Apocalypeim
2484 2485 2744 2556 apostolo
2777 2484 2888 2555 ipsi
2936 2485 3354 2556 ascripserunt.
3389 2485 3604 2558 Ephesi

1955 2588 2212 2645 namque
2270 2575 2563 2647 presbyter
2609 2589 2842 2647 quoque
2899 2573 3006 2630 iste
3062 2573 3225 2644 vixit,
3283 2574 3380 2630 ubi
3429 2575 3604 2633 etiam

1955 2676 2112 2716 nunc
2141 2662 2498 2718 duoexstare
2515 2663 2791 2719 dicuntur
2811 2667 3205 2730 monumenta,
3241 2677 3366 2734 qua:
3405 2664 3608 2722 eodem

1953 2751 2188 2808 nomine
2251 2751 2494 2809 Joannis
2563 2753 2848 2810 feruntur.
2889 2753 3377 2825 Quandoquidem
3408 2758 3600 2811 autem

1952 2839 2107 2896 idem
2139 2841 2348 2914 Papias
2378 2842 2490 2897 alia
2539 2858 2771 2916 quoque
2828 2843 3176 2898 admiranda
3227 2843 3493 2914 quadam
3546 2844 3607 2900 in

1952 2927 2120 2986 libris
2154 2931 2279 2987 suis
2311 2932 2510 2999 refert,
2541 2948 2572 2986 a
2604 2931 3010 2989 decessoribus
3050 2931 3173 2988 suis
3231 2947 3333 3004 per
3392 2948 3606 2990 manus

1952 3018 2064 3075 sibi
2096 3020 2330 3087 tradita,
2365 3023 2610 3094 agedum
2635 3021 2705 3076 de
2726 3021 2811 3077 eis
2839 3037 3072 3094 quoque
3093 3037 3278 3094 pauca
3315 3021 3607 3079 dicamus.

1951 3108 2160 3164 Statim
2193 3109 2349 3164 enim
2386 3109 2746 3182 Philippum,
2777 3125 2915 3166 eum
2970 3111 3068 3180 qui
3126 3109 3414 3182 Hierapoli
3479 3111 3608 3180 fuit,

1952 3201 2008 3253 et
2039 3197 2190 3253 tilias
2213 3197 2633 3269 prophetissae,
2669 3202 2729 3254 ut
2759 3203 2929 3256 antea
2959 3198 3178 3254 dictum
3239 3203 3348 3266 est,
3381 3196 3606 3268 habuit,

201 3285 267 3341 οὗ
291 3262 406 3341 ,τῶν
437 3262 880 3354 έπτᾶνδιακόνων,
930 3285 1004 3348 ὡς
1057 3289 1264 3348 Λουκᾶς
1297 3262 1356 3340 έν-
1396 3286 1652 3361 Πράξεσιν
1687 3262 1835 3342 ἰστοέ

1957 3302 2142 3342 unum
2193 3262 2264 3342 εἰ
2309 3262 2628 3344 duodecim
2665 3287 2966 3360 apostolis,
2999 3304 3113 3344 non
3144 3303 3213 3344 ex
3237 3262 3458 3360 septem
3489 3262 3609 3345 illis

201 3378 308 3451 ρεῖ.
350 3372 712 3447 Ὠμιληκέναι
753 3370 811 3428 δὲ
856 3373 947 3429 καί
996 3378 1112 3436 ταῖς
1156 3372 1359 3429 ἐκείνου
1409 3374 1701 3449 θυγατράσι
1751 3374 1843 3431 λέ-

197 3485 288 3542 γει
323 3482 337 3496 ·
396 3463 524 3538 παρ’
581 3463 654 3517 ὧν
712 3463 915 3539 γνῶσαί
975 3484 1108 3540 φησι
1163 3462 1253 3518 καὶ
1307 3467 1500 3537 νεκροῦ
1556 3463 1843 3519 ἀνάστασιν

195 3559 324 3610 κατ’
365 3552 537 3608 έκεῖνο
595 3551 892 3627 γενομένην
953 3556 1164 3626 καιροῦ.
1228 3550 1358 3627 Περὶ
1423 3553 1519 3625 μὲν
1568 3572 1653 3607 τοι
1705 3559 1848 3628 Βαρ-

201 3636 365 3710 σαϐἆ,
406 3641 465 3703 ’ὀς
524 3638 798 3710 ἐπεκλήθη
858 3642 1114 3708 Ἰοῦστος,
1165 3639 1228 3695 οὗ
1276 3641 1332 3694 αἱ
1376 3641 1600 3715 Πράξεις
1659 3639 1842 3714 μνείαν

195 3730 551 3798 πεποίηνται,
601 3728 764 3804 λέγει,
820 3729 895 3790 ὡς
945 3725 1288 3801 δηλητηρίου
1339 3729 1629 3806 φαρμάκου
1679 3725 1844 3804 ὑπέρ-

193 3840 353 3894 τερος
415 3816 571 3892 ὣφθη
621 3815 709 3872 διὰ
757 3818 854 3887 τήν
910 3821 1007 3872 τοῦ
1054 3817 1261 3892 Κυρίου
1312 3818 1474 3897 χάριν
1523 3819 1690 3874 πιών.
1743 3819 1842 3874 Καὶ

198 3907 346 3964 ἄλλα
378 3905 435 3962 δὲ
478 3907 706 3963 πλεῖστα
756 3907 832 3968 ὡς
879 3906 939 3962 ἐκ
985 3904 1332 3980 παραδόσεως
1378 3909 1620 3986 ἀγράφου
1663 3928 1842 3983 παρα-

197 3993 369 4058 ϐολάς
397 4017 548 4058 τινας
579 3996 669 4050 καὶ
725 3992 1077 4057 διδασκαλίας
1123 4000 1221 4050 τοῦ
1272 4001 1549 4069 Σωτῆρος,
1593 3997 1683 4050 καί
1721 4017 1843 4052 τινα

198 4085 348 4141 ἄλλα
405 4086 480 4148 ὡς
532 4085 593 4140 ἂν
648 4085 1017 4159 μυθικώτερον
1075 4086 1300 4160 ἱστορεῖ.
1362 4085 1460 4141 Καὶ
1521 4083 1753 4161 χιλιάδα
1794 4084 1841 4141 δ’

194 4174 333 4231 ἐτῶν
393 4171 602 4230 ἔσεσθαι
673 4174 808 4248 μετά
864 4175 962 4245 τήν
1022 4173 1080 4230 ἑκ
1135 4180 1338 4250 νεκρῶν
1401 4175 1683 4231 ἀνάστασιν
1739 4182 1842 4247 τῆς

194 4269 432 4341 Χριστοῦ
491 4262 772 4340 βασιλείας
813 4263 1269 4338 σωματικώτερον
1319 4263 1407 4320 ἐπὶ
1460 4265 1688 4337 ταυτησὶ
1739 4273 1839 4336 τῆς

189 4360 295 4430 γῆς
331 4354 786 4427 ὑποστησομένης
811 4372 824 4386 ι
861 4354 894 4408 ἃ
925 4354 1080 4426 οἶμαι
1111 4353 1451 4432 ἀγνοήσαντα
1479 4354 1547 4410 τὰ
1576 4353 1626 4409 έν
1678 4353 1841 4430 ἑπαγ-

188 4439 402 4517 γελίαις
450 4440 713 4519 εἴρημένα
768 4445 1066 4516 μυστικῶς,
1122 4443 1431 4522 παχύτερον
1479 4437 1836 4515 έκλᾳϐέσθαι’

190 4533 285 4586 ἅτε
317 4528 383 4600 δὴ
415 4531 504 4586 καὶ
541 4531 631 4586 τὸν
672 4533 793 4585 νοῦν
832 4535 1106 4598 τοιοῦτος,
1153 4531 1226 4593 ὡς
1277 4529 1336 4585 έκ
1380 4534 1487 4586 τῶν
1532 4532 1695 4589 αὐτοῦ
1744 4531 1841 4588 λό-

1959 3374 2242 3444 diaconis,
2276 3391 2420 3446 quos
2445 3375 2501 3430 in
2534 3376 2692 3432 Actis
2725 3381 2983 3433 recenset
3017 3377 3220 3443 Lucas,
3255 3376 3436 3432 fuisse
3497 3392 3605 3432 me-

1957 3468 2186 3533 morat;
2212 3470 2266 3520 et
2297 3481 2506 3520 secum
2541 3465 2774 3521 ﬁliabus
2801 3467 2926 3537 ejus
2957 3464 3303 3521 oolloculum
3338 3479 3465 3520 esse
3497 3465 3601 3534 ait,

1956 3553 2111 3607 unde
2142 3551 2490 3610 intellexerit
2520 3559 2682 3610 astate
2711 3568 2780 3610 ea
2821 3558 3117 3610 mortuum
3166 3553 3480 3624 quemdam
3512 3569 3609 3610 re—

1953 3641 2294 3698 surrexisse.
2327 3642 2407 3698 De
2454 3643 2708 3699 Barsaba
2763 3659 2906 3698 sane
2964 3643 3222 3716 quidem,
3254 3641 3352 3712 qui
3393 3641 3599 3700 Justus

1953 3731 2398 3802 cognominatus
2417 3735 2596 3798 est,et
2625 3731 2792 3802 cujus
2823 3733 2881 3787 in
2915 3732 3070 3788 Actis
3096 3731 3162 3786 fit
3190 3732 3427 3800 mentio,
3459 3732 3604 3788 illud

1953 3821 2144 3887 refert,
2176 3820 2356 3893 quod,
2387 3836 2609 3876 veneno
2671 3820 2945 3893 pestifero
3001 3819 3235 3890 hausto,
3269 3819 3414 3875 nihil
3482 3838 3609 3877 sen-

1952 3909 2090 3964 serit
2123 3925 2224 3981 per
2253 3908 2486 3966 Domini
2517 3911 2768 3982 gratiam
2816 3909 3173 3967 detrimenti.
3207 3909 3318 3966 Sed
3376 3914 3434 3966 et
3491 3911 3608 3968 alia

1951 3998 2209 4071 plurima
2237 4015 2304 4054 ex
2325 4000 2612 4070 majorum
2638 4002 2764 4058 sine
2783 4001 3000 4072 scripto
3023 4001 3330 4056 traditione
3349 4008 3602 4073 accepta,

1952 4096 2013 4146 ut
2067 4088 2376 4161 parabolas
2433 4093 2491 4146 et
2519 4090 2815 4146 doctrinas
2852 4090 3170 4146 Servatoris
3202 4091 3513 4163 quaedam,
3545 4096 3604 4148 et

1951 4179 2088 4236 item
2135 4179 2251 4235 alia
2309 4178 2567 4236 fabulose
2630 4181 2884 4253 quodam
2939 4181 3111 4236 modo
3161 4184 3604 4248 commemorat,

1951 4269 2109 4326 Mille
2143 4286 2374 4343 quoque
2424 4285 2703 4327 annorum
2754 4275 2887 4344 post
2939 4277 3297 4327 mortuorum
3355 4286 3604 4328 resurre-

1953 4360 2208 4416 ctionem
2268 4359 2386 4416 fore
2443 4359 2586 4416 dicit
2630 4360 2847 4417 Christi
2895 4376 3164 4434 regnum,
3225 4360 3602 4430 corporaliter

1950 4447 2010 4504 in
2043 4447 2151 4505 hac
2183 4452 2338 4506 terra
2362 4449 2992 4521 producendum,quod
3021 4449 3214 4518 illum,
3234 4448 3602 4520 ignorantem

1951 4535 2374 4607 promissiones
2404 4553 2618 4594 arcano
2648 4538 2900 4611 quodam
2936 4537 3211 4610 mysterio
3241 4552 3366 4592 esse
3415 4535 3602 4592 editas

189 4642 303 4698 γων
363 4621 842 4696 τεκμηριώσασθαι
893 4616 1098 4692 ἔξεστιο
1147 4618 1294 4691 πλήν
1347 4618 1596 4685 πολλοὺς
1639 4621 1716 4684 εἷς
1751 4623 1841 4677 τὸν

1956 4626 2027 4682 ita
2075 4625 2336 4682 crassius
2394 4626 2685 4698 accepisse
2740 4627 2928 4694 credo,
2989 4627 3204 4698 quippe
3254 4625 3349 4696 qui
3411 4629 3602 4680 mente

195 4710 393 4784 ὅμοιον
429 4709 599 4781 ζῆλον
641 4708 855 4766 εἵλκυσε
897 4711 959 4766 τὸ
1008 4710 1240 4786 ἀρχαῖον
1267 4713 1362 4766 τοῦ
1408 4708 1600 4784 ἀνδρὸς
1650 4709 1840 4767 αἰδου-

201 4799 396 4872 μένους
425 4821 435 4830 ·
472 4799 653 4874 ὥσπερ
687 4798 776 4855 οῦν
812 4799 1124 4876 Εἰρηναῖος,
1156 4799 1247 4855 καὶ
1277 4799 1428 4862 εἷ’τις
1450 4799 1623 4864 ἄλλος
1655 4800 1842 4875 ἐκείνῳ

191 4888 385 4959 ἐπίσης
436 4895 647 4966 φρονῶν
698 4887 1018 4968 ἒναπέφηνε,
1072 4890 1170 4944 Καὶ
1219 4886 1390 4944 ἄλλαι
1431 4887 1489 4946 δὲ
1515 4887 1843 4962 παραδόσεις

192 4977 252 5032 έκ
282 4983 390 5034 τῶν
430 4975 943 5052 προδεδηλωμένων
987 4976 1343 5051 Ἀριστίωνος
1390 4979 1480 5032 καὶ
1528 4983 1628 5034 τοῦ
1675 4999 1842 5054 πρεσ-

191 5063 423 5143 ϐυτέρου
452 5069 703 5125 Ἰωάννου
755 5065 904 5143 ἔχειν
951 5067 1112 5145 φησίν
1141 5086 1154 5100 ⁸
1207 5068 1288 5147 ἐφ’
1318 5067 1380 5130 ’ὰς
1425 5069 1553 5132 τοὺς
1596 5069 1840 5148 φιλομα-

192 5160 308 5219 θεις
343 5154 824 5231 παραπέμψαντες,
875 5157 1184 5234 ἀναγκαίως
1241 5157 1276 5211 δί
1327 5178 1458 5234 φησι
1505 5158 1628 5231 περί
1685 5157 1840 5235 Μάρ-

186 5267 291 5302 κου
336 5245 428 5300 κα’ἰ
489 5246 768 5302 Ματθαίου
824 5251 934 5301 τῶν
995 5243 1399 5321 εὐαγγελιστῶν
1465 5244 1837 5321 διαλήψομαι.

181 5335 348 5412 Λέφει
408 5332 466 5389 δὲ
517 5332 681 5394 οὕτω.
742 5359 771 5388 ‹‹
807 5335 904 5392 Καὶ
961 5337 1112 5390 τοῦθ’
1155 5337 1184 5391 ὁ
1232 5331 1600 5411 πρεσϐύτερος
1658 5331 1839 5413 ἔλεγεν

181 5426 482 5496 Ἰωάννηςο
533 5426 755 5500 Μάρκος
810 5426 906 5499 μὶν
955 5424 1292 5499 ἑρμηνευτὴς
1344 5423 1554 5499 Πέτρου
1602 5427 1840 5501 γενόμε-

179 5536 302 5588 νος,
362 5515 462 5571 ὅσα
503 5514 932 5588 ἐμνημόνευσεν,
985 5511 1228 5590 ἀκριϐῶς
1284 5509 1540 5590 ἔγραψεν.
1588 5515 1662 5570 Οὒ
1711 5515 1839 5590 μίν-

1950 4717 2070 4773 acri
2105 4733 2219 4773 non
2247 4716 2439 4785 fuerit,
2473 4716 2532 4772 id
2577 4717 2733 4792 quod
2791 4733 2859 4772 ex
2908 4716 3074 4774 libris
3128 4717 3256 4788 ejus
3312 4716 3600 4786 conjicere

1949 4805 2115 4874 licet;
2152 4805 2366 4863 multos
2388 4811 2582 4863 tamen
2618 4806 2677 4862 in
2711 4807 2978 4863 eamdem
3018 4804 3469 4872 aemulationem,
3499 4821 3598 4861 ve-

1951 4898 2232 4952 tustatem
2279 4896 2386 4952 viri
2430 4895 2769 4964 admiratos,
2818 4898 3145 4970 pertraxit:
3197 4894 3359 4954 258
3426 4895 3597 4952 sicuti

1949 4985 2220 5053 lrenaeus,
2254 4989 2309 5042 et
2349 4985 2398 5041 si
2446 4983 2581 5056 quis
2639 4993 2914 5057 praeterea
2947 4984 3098 5042 alius
3141 4987 3403 5056 ejusdem
3463 5001 3596 5040 cum

1951 5073 2048 5131 illo
2067 5079 2157 5131 est
2185 5075 2482 5131 sententias
2513 5078 2570 5131 et
2623 5075 2917 5146 opinionis
2971 5075 3076 5148 (1),
3142 5074 3414 5131 ostendit.
3447 5073 3597 5140 Quin

1950 5162 2094 5216 alias
2125 5164 2298 5219 etiam
2331 5181 2416 5234 se,
2449 5165 2520 5218 ab
2551 5163 2635 5219 eis
2684 5164 2786 5236 qui
2833 5164 2971 5220 dicti
3001 5168 3161 5228 sunt,
3208 5163 3498 5219 Aristione
3543 5168 3600 5219 et

1948 5253 2284 5326 presbytero
2345 5254 2594 5324 Joanne,
2647 5255 2983 5310 traditiones
3035 5255 3243 5309 habere
3290 5253 3476 5308 dicit:
3528 5253 3598 5309 ad

1949 5360 2091 5412 quas
2122 5343 2417 5401 studiosos
2449 5343 2745 5415 rejiciens,
2782 5359 2906 5416 quae
2939 5345 3008 5400 de
3040 5343 3233 5400 Marco
3255 5345 3310 5397 et
3333 5342 3599 5399 Matthao

1947 5431 2318 5503 eVangelistia
2349 5433 2548 5497 tradit,
2581 5435 2907 5490 necessario
2921 5433 3016 5489 hic
3053 5433 3455 5505 persequenda
3475 5447 3599 5488 esse

1945 5520 2163 5590 putavi.
2198 5520 2281 5576 lta
2332 5523 2488 5576 enim
2531 5523 2783 5578 scribit:
2838 5544 2869 5572 ‹‹
2903 5521 3020 5578 Hoc
3063 5536 3299 5593 quoque
3345 5522 3600 5579 Joannes

254 5695 336 5771 (1)
367 5694 475 5762 Qui
505 5693 796 5768 opinionis
817 5699 874 5751 et
901 5693 1140 5752 haeresis
1160 5694 1290 5768 ejus
1319 5697 1476 5765 sunt,
1510 5691 1802 5766 Χιλασταῖ,
1832 5693 1940 5754 hoc
1968 5697 2076 5767 est,
2109 5694 2418 5758 Millenarii
2448 5697 2740 5759 dicuntur.

517 5795 776 5860 Panos.
820 5795 932 5862 Gs.
975 5795 1204 5861 CXLV.

3203 5802 3283 5864 30
