4032 6282
470 397 591 457 939

1764 386 2191 451 NICEPHORI
2233 388 2579 452 CALLlSTl

3755 393 3871 451 9&0

473 524 777 599 presbyter
803 523 968 580 dixit.
1000 522 1251 586 Marcus,
1276 518 1431 590 quod
1455 516 1608 574 Pelri
1628 522 1786 574 esset
1814 519 2097 590 interpres

2236 541 2324 576 τοι
2349 522 2496 590 τάξει
2534 523 2604 576 τα
2654 521 2758 578 ὑπὸ
2807 526 2905 576 τοῦ
2959 525 3199 598 Χριστοῦ
3246 521 3284 591 ἢ
3333 520 3604 598 λεχθέντα
3653 522 3686 591 ἦ
3737 543 3872 598 πρα-

477 633 606 689 qna:
636 614 928 670 memoria
955 610 1485 675 commendaverat,
1510 612 1665 663 certo
1715 613 1773 663 et
1817 608 2128 680 diligenter

475 703 837 774 conscripsit,
863 719 975 757 non
1003 706 1194 755 tamen
1236 701 1426 753 servto
1456 696 1745 751 dictorum
1805 697 2124 752 factorum-

476 809 589 864 que
619 792 832 848 Christi
857 791 1074 846 ordine.
1100 789 1224 844 Non
1255 789 1414 842 enim
1466 786 1710 855 audivit,
1747 802 1939 857 neque
1982 801 2126 841 con-

473 887 729 938 sectatus
760 886 852 936 est
880 879 1220 940 Dominum,
1242 877 1343 931 sed
1377 876 1777 946 posterius,ut
1806 875 1947 943 dixi,
1971 876 2126 931 Petri

467 972 793 1042 discipulus
827 969 933 1024 fuit
966 967 1104 1039 ;qui
1135 965 1374 1038 quidem
1406 981 1473 1019 ex
1496 980 1605 1020 usu
1656 965 1988 1020 auditorum
2014 966 2128 1021 doc

467 1062 718 1117 ctrinam
751 1075 919 1116 suam
964 1055 1384 1129 promulgavit,
1417 1071 1534 1110 non
1581 1055 1786 1110 ordine
1824 1070 2125 1111 sermones

467 1155 526 1206 et
555 1149 793 1206 oracula
820 1147 1054 1205 Domini
1085 1145 1583 1202 commemoravit.
1621 1145 1982 1216 Quapropter
2013 1145 2127 1201 mi-

467 1240 620 1296 nime
651 1239 1046 1295 hallucinatus
1065 1240 1156 1292 est
1186 1234 1441 1301 Marcus,
1466 1233 1551 1288 sic
1571 1233 1847 1305 pleraque
1863 1233 2124 1290 scribens

469 1335 533 1383 ut
563 1344 631 1384 ea
662 1328 940 1384 memoria
971 1327 1156 1382 fuerat
1182 1326 1552 1381 consecutus.
1586 1321 1775 1378 Unum
1823 1322 1982 1377 enim
2014 1321 2124 1378 hoc

466 1417 577 1472 sibi
608 1417 669 1472 i'n
700 1416 1007 1473 scribendo
1034 1415 1438 1487 proposuerat,
1470 1426 1544 1467 ne
1591 1411 1732 1483 quid
1763 1426 1962 1467 eorum
1993 1427 2121 1483 quas

464 1507 752 1573 audisset,
782 1507 1096 1572 omitteret,
1131 1519 1271 1559 neve
1300 1519 1335 1558 a
1363 1501 1600 1557 veritate
1634 1501 1950 1556 aberraret.
1969 1499 2125 1556 Mat-

464 1594 650 1651 thaus
683 1610 816 1651 vero
848 1609 1118 1651 sermone
1163 1591 1443 1648 Hebraico
1492 1589 1707 1646 librum
1751 1605 1926 1644 suum
1971 1605 2122 1645 com-

460 1685 675 1755 posuit,
709 1700 886 1757 quem
922 1685 1153 1752 deinde,
1189 1686 1254 1737 ut
1274 1681 1525 1752 quisque
1565 1679 1779 1752 potuit,
1809 1683 1898 1735 est
1938 1681 2123 1735 inter-

463 1777 747 1844 pretatus.
805 1796 836 1825 η
891 1772 1085 1830 Utitur
1137 1772 1302 1828 adem
1363 1770 1572 1840 Papias
1657 1769 2008 1826 testimoniis
2063 1773 2123 1826 et

2233 609 2433 684 χθέντα
2457 630 2469 641 ·
2503 608 2626 664 οὔτε
2657 612 2762 686 γαρ
2802 612 3002 679 ἤκουσε
3032 613 3129 667 τοῦ
3177 612 3407 685 Κυρίου,
3455 609 3582 666 οὗτε
3629 630 3870 680 παρηκο-

2232 697 2508 768 λούθησαν
2568 699 2715 772 αὐτῷ
2747 719 2761 731 ·
2822 699 3042 776 ὕστερον
3091 699 3169 767 δὲ,
3220 701 3296 764 ὡς
3343 699 3496 775 ἔφην,
3560 701 3770 774 Πέτρῳ,
3814 701 3867 760 ’ὸς

2229 788 2366 861 πρὸς
2420 789 2518 851 τας
2575 790 2764 863 χρείας
2826 789 3065 844 ἐποιεῖτο
3118 787 3472 851 διδασκαλίας
3511 809 3526 820 ·
3585 788 3716 843 ἀλλ’
3760 790 3868 863 οὔχ

2231 882 2412 952 ὣσπερ
2459 878 2701 949 σύνταξιν
2747 884 2855 933 τῶν
2910 885 3192 953 Κυριακῶν
3242 879 3579 950 ποιοῦμενος
3624 877 3863 952 λογίων·

2231 966 2369 1022 ὥστε
2419 965 2573 1022 οὐδὲν
2630 969 2843 1044 ἥμαρτε
2892 971 3112 1045 Μάρκος
3165 968 3340 1030 οὓτως
3386 966 3497 1024 ἔνια
3540 969 3753 1042 γράψας
3798 969 3866 1031 ὡς

2228 1055 2710 1128 ἀπεμνημόνευσεν
2741 1079 2755 1093 ·
2825 1058 2939 1120 ένός
3017 1059 3122 1132 γὰρ
3213 1056 3504 1127 ἐποιήσατο
3589 1055 3858 1130 πρόνοιαν,

2225 1148 2322 1198 τοῦ
2374 1143 2544 1218 μηδὲν
2598 1145 2928 1221 παραλιπεῖν
2976 1149 3050 1202 ὧν
3091 1145 3344 1216 ἤκουσεν,
3390 1147 3426 1216 ἦ
3476 1146 3766 1219 ψεύσασθαί
3815 1169 3860 1200 τι

2227 1232 2280 1287 ἐν
2313 1233 2516 1295 αὐτοῖς.
2562 1237 2846 1299 Maxentio:
2893 1235 2944 1291 δ’
2985 1232 3231 1310 Ἐὗραίδι
3283 1233 3550 1308 διαλέκτῳ
3593 1236 3663 1290 τὰ
3709 1236 3862 1309 λόγια

3082 1325 3212 1380 αὐτὰ
3253 1325 3328 1387 ὡς
3374 1327 3438 1393 ἦν
3473 1323 3696 1387 δυνατὸς
3740 1324 3860 1380 ἑκα-

3227 1413 3548 1489 μαρτυρίαις
3601 1415 3710 1468 ἀπὸ
3770 1421 3862 1482 τῆς

2226 1325 2572 1394 συνετάξατο·
2616 1328 2927 1398 ἡρμήνευσε
2975 1324 3034 1380 δε

2229 1433 2396 1474 στος.
2432 1438 2461 1464 »
2515 1416 2798 1489 Κέχρηται
2874 1413 2932 1470 δὲ
2985 1415 3145 1477 αὐτὸς

2231 1503 2489 1559 Ἰωάννου
2537 1505 2804 1578 προτέρας
2852 1502 3184 1572 Ἐπιστολῆς
3229 1507 3320 1559 καί
3368 1503 3474 1558 ἀπὸ
3518 1509 3620 1572 τῆς
3665 1503 3861 1577 Πέτρου

2230 1591 2468 1663 ὁμοίως.
2499 1595 2598 1648 Καὶ
2644 1592 2822 1665 ἄλλην
2870 1591 2926 1650 δὲ
2973 1592 3220 1668 ἱστορίαν
3261 1592 3551 1663 προτίθησι
3599 1592 3724 1666 περὶ
3768 1615 3861 1668 γυ-

2227 1683 2413 1744 ναικὸς
2441 1681 2531 1737 ἐπὶ
2561 1683 2805 1746 πολλαῖς
2850 1684 3140 1759 ἁμαρτίαις
3191 1678 3588 1752 διαϐληθείσης
3639 1681 3727 1736 ἐπὶ
3771 1686 3861 1736 τοῦ

2228 1770 2454 1844 Κυρίου.
2499 1770 2676 1829 Ἀλλὰ
2723 1773 2812 1827 καὶ
2858 1773 2925 1828 τὰ
2970 1777 3051 1845 τῷ
3092 1774 3274 1844 Παπίᾳ
3317 1769 3694 1850 συγγραφέντα
3749 1775 3861 1825 τοῖι-

459 1863 904 1921 auctoritatibus
961 1879 1031 1922 ex
1090 1862 1280 1933 priore
1334 1860 1603 1928 Joannis,
1661 1864 1719 1915 et
1775 1859 1976 1915 itidem
2044 1876 2103 1916 ex

2219 1881 2314 1914 τον
2343 1855 2533 1934 ἔχουσι
2568 1863 2659 1917 τὸν
2691 1863 2916 1936 τρόπον.

459 1953 648 2024 priore
673 1953 821 2008 Petri
851 1951 1144 2024 Epistolis.
1169 1950 1342 2006 Addit
1371 1954 1648 2022 praeterea
1679 1947 1984 2006 historiam
2005 1948 2196 2020 aliam,
2220 1951 2293 2006 de
2315 1951 2576 2019 muliere,
2602 1969 2729 2024 que
2759 1953 2954 2011 multis
2983 1953 3329 2011 criminibus
3359 1953 3513 2025 apud
3544 1950 3855 2008 Dominum

459 2050 537 2108 sit
560 2049 752 2108 delata
774 2051 873 2122 (1).
907 2049 977 2106 Et
1007 2048 1193 2122 Papiae
1223 2048 1458 2121 quidem
1490 2047 1711 2120 scripta
1739 2047 1812 2103 ad
1839 2047 1995 2104 hunc
2025 2063 2090 2105 se
2118 2047 2337 2105 habent
2368 2050 2627 2105 modum.

1070 2175 1302 2232 CAPUT
1339 2173 1496 2231 XXI.

452 2283 528 2341 De
583 2283 870 2352 Quadrato
925 2287 977 2339 et
1031 2281 1286 2346 Aristide,
1341 2282 1651 2352 apostolicis
1706 2280 1879 2352 plane
1936 2280 2102 2350 viris,

522 2355 618 2426 qui
671 2371 770 2425 pro
823 2356 1134 2426 defensione
1175 2353 1305 2424 ﬁdei
1360 2364 1555 2410 nostra
1630 2353 1914 2425 Apologia:
1965 2353 2101 2408 scri-

523 2436 771 2498 pserunl.

521 2532 743 2589 Floruit
773 2537 969 2590 autem
1003 2550 1070 2589 eo
1110 2538 1370 2605 tempore
1417 2531 1650 2588 divinus
1685 2546 1918 2603 quoque
1946 2533 2099 2598 Qua-

449 2623 655 2679 dratus
688 2641 702 2678 :
731 2625 823 2680 cui
854 2624 998 2680 nihil
1030 2639 1230 2681 eorum
1261 2625 1574 2694 donorum,
1597 2639 1724 2694 qua
1745 2622 2101 2694 apostolicos

454 2710 660 2768 decent
689 2729 1074 2782 successores,
1106 2714 1305 2770 deluit.
1355 2713 1560 2768 ltidem
1602 2728 1734 2768 vero
1792 2720 1846 2766 et
1899 2709 2100 2766 Aristi-

455 2801 578 2868 des,
601 2802 691 2857 vir
718 2808 885 2859 aetate
916 2819 985 2859 ea
1013 2804 1233 2874 ingenti
1255 2803 1388 2857 ﬁdei
1420 2807 1629 2857 nostra:
1661 2799 2030 2855 amulatione
2046 2802 2104 2853 et

455 2892 660 2947 ardore
711 2892 966 2964 ﬂagrans
1014 2896 1198 2948 Ambo
1255 2892 1541 2956 doctrina,
1585 2892 1826 2951 fervore,
1859 2895 1918 2944 et
1974 2888 2100 2942 vita:

455 2979 795 3036 Christiana
847 2983 1104 3036 moribus
1134 2997 1332 3054 pares;
1367 2982 1538 3036 ambo
1577 2980 1752 3035 etiam
1810 2978 2102 3033 orationes

458 3069 530 3124 ad
557 3067 767 3125 ﬁlium
788 3071 1126 3140 Adrianum,
1160 3071 1260 3142 qui
1293 3070 1542 3140 Trajano
1583 3069 1642 3123 in
1690 3067 1932 3139 imperio
1972 3083 2104 3123 suc-

458 3158 654 3225 cessit,
688 3159 903 3228 quibus
928 3158 1326 3214 Cbristiannm
1348 3159 1560 3229 dogma
1590 3157 2102 3224 defendunt,com-

459 3251 799 3314 posuerunt,
823 3262 954 3300 cum
979 3247 1223 3316 improbi
1254 3245 1490 3316 quidam
1519 3244 1786 3299 homines
1818 3244 2101 3299 Ecclesiae

461 3347 666 3404 urgere
701 3340 875 3406 atque
931 3335 1199 3406 persequi
1255 3335 1718 3406 aggrederentur.
1763 3333 1828 3388 ln
1891 3333 2102 3405 quibus

2815 2183 3070 2234 ΚΕΦΔΛ.
3113 2179 3248 2234 ΚΔ’.

2211 2283 2364 2356 Περὶ
2419 2281 2764 2358 Κίοδράτου
2791 2286 2914 2358 ,καί
2947 2287 2960 2306 ’
2993 2281 3421 2358 Αριστείίδου,
3468 2281 3848 2358 ἀποστολι-

2278 2353 2404 2430 κῶν
2451 2353 2730 2430 ᾀνδρῶν,
2782 2357 2948 2430 ᾧπερ,
2986 2353 3101 2426 τῆς
3146 2357 3287 2410 καθ’
3334 2353 3514 2430 ἡμᾶς
3551 2353 3840 2416 πίστεως

2280 2424 2622 2505 ἐγγράφως
2657 2424 3572 2503 ἐιπολογίαςνποιησαμένων.

2279 2531 2383 2587 Καὶ
2441 2532 2717 2606 Κοδρᾶτος
2791 2531 2846 2589 δὲ
2905 2536 2933 2590 ὁ
2985 2537 3127 2596 θεῖος
3203 2536 3502 2603 τηνικαῦτα
3573 2529 3846 2607 διέπρεπε,

2207 2623 2343 2674 κατᾶ
2401 2620 2571 2694 μηδὲν
2629 2621 2820 2678 ἐνδέων
2859 2629 2965 2679 τῶν
3005 2631 3107 2693 τῆς
3156 2621 3527 2691 ἀποστολικῆς
3580 2620 3846 2698 διαδοχῆς

2208 2714 2589 2785 χαρισμάτων.
2657 2714 2931 2776 Ὡσαύτως
2995 2712 3053 2768 δὲ
3117 2714 3207 2767 καὶ
3285 2710 3652 2788 Ἀριστείδης,
3719 2713 3846 2788 ἁνήρ

2205 2798 2465 2868 τηνικάδε
2520 2806 2598 2872 τῷ
2657 2801 2788 2876 ὑπὲρ
2845 2809 2946 2871 τῆς
3003 2803 3122 2856 καθ’
3175 2803 3322 2872 ἡμᾶς
3397 2800 3636 2861 πίστεως
3703 2798 3850 2872 ζήλῳ

2208 2888 2581 2961 πυρούμενος·
2629 2889 3008 2962 παραπλήσιοι
3051 2889 3108 2944 δὲ
3152 2891 3244 2943 καὶ
3289 2889 3456 2962 ἄμφω
3505 2889 3598 2943 τόν
3650 2909 3711 2944 τε
3759 2889 3851 2943 λό-

2209 2996 2304 3052 γον
2355 2977 2446 3031 καέ
2493 2976 2686 3048 ζῆλον,
2739 2979 2828 3033 καὶ
2873 2984 2942 3053 τῇ
3005 2978 3227 3048 ἀσκήσει
3274 2985 3374 3047 τῆς
3431 2979 3572 3031 κατὰ
3619 2978 3842 3051 Χριστὸν

2208 3065 2508 3127 πολιτείας.
2571 3066 2894 3142 Ἀμῳότεροι
2954 3064 3010 3121 δὲ
3069 3065 3270 3141 λόγους
3325 3070 3404 3138 τῷ
3464 3066 3602 3138 μετᾶ
3660 3073 3848 3140 Τραϊαο

2210 3154 2299 3207 νὸν
2345 3153 2525 3226 Αἰλίῳ
2575 3153 2844 3228 Ἀδριανῷ
2899 3160 3307 3232 προσφωνοῦσιν
3374 3155 3507 3229 ὑπὲρ
3575 3159 3675 3209 τοῦ
3729 3156 3849 3208 καθ’

2211 3244 2359 3314 ἡμᾶς
2401 3241 2698 3318 δόγματος,
2753 3249 2913 3299 τινῶν
2970 3267 3028 3318 γε
3083 3248 3335 3318 πονηρῶν
3393 3249 3509 3306 τοῖς
3561 3244 3848 3316 ἡμετέροις

2213 3330 2543 3388 ἐπιτίθεσθαι
2613 3332 3006 3408 πειρωμένων·
3067 3335 3120 3388 έν
3179 3336 3265 3396 οἷς
3345 3332 3458 3388 Eon
3519 3342 3850 3402 κατανοῆσαι

459 3424 818 3480 orationibus
851 3424 1039 3480 videre
1071 3430 1160 3480 est
1206 3441 1320 3479 non
1374 3424 1539 3494 exiga
1584 3439 1784 3478 eorum
1839 3422 2091 3477 virorum

2214 3420 2267 3475 οὗ
2321 3423 2485 3493 μικρά
2534 3444 2650 3476 τινα
2704 3425 2978 3498 τεκμήρια
3020 3426 3122 3492 τῆς
3164 3429 3280 3478 τῶν
3331 3421 3540 3498 ἀνδρῶν
3595 3423 3852 3495 λαμπρᾶς

459 3511 796 3581 splendidis:
829 3515 1039 3569 mentis
1069 3512 1513 3585 apostolicaaque
1537 3517 1594 3568 et
1623 3518 1793 3568 recta:
1823 3512 2100 3568 doctrinae

454 3599 689 3658 indicia.
717 3603 1042 3666 Quadratus
1075 3603 1311 3672 quidem
1333 3609 1486 3658 certe
1515 3603 1768 3674 priscam
1800 3601 2100 3657 sincerita-

452 3697 568 3748 tem
603 3699 658 3746 et
679 3694 852 3750 [idem
883 3709 1047 3750 suam
1081 3695 1220 3748 satis
1243 3694 1500 3748 declarat
1539 3691 1613 3747 iis
1643 3694 1788 3764 ipsis
1838 3708 1967 3764 qua
1997 3709 2097 3748 se-

452 3791 709 3856 quuntur
764 3787 988 3840 verbis:
1027 3783 1390 3840 «Servaturis
1449 3793 1640 3840 autem
1687 3785 1870 3841 nostri
1927 3801 2098 3857 opera

450 3890 680 3945 semper
705 3881 914 3945 praesto
975 3877 1334 3945 fuere,254
1367 3877 1583 3948 quippe
1642 3893 1768 3948 quae
1816 3892 1945 3931 vera
2012 3892 2098 3931 es-

450 3969 576 4018 sent
609 3979 622 4017 :
657 3965 754 4035 qui
809 3967 997 4020 sanati
1046 3968 1292 4034 fuerant,
1325 3967 1425 4036 qui
1456 3983 1488 4020 a
1511 3966 1759 4022 mortuis
1807 3963 2094 4029 suscitati,

450 4068 565 4108 non
598 4057 790 4108 solum
814 4071 943 4110 cum
969 4064 1310 4112 curarentur
1349 4061 1406 4110 et
1447 4058 1958 4122 exsuscitarentur,
1992 4057 2094 4110 sed

447 4149 648 4214 postea
695 4145 866 4199 etiam
927 4147 1183 4200 viventes
1249 4145 1518 4199 continue
1575 4152 2009 4216 apparuerunt:
2042 4151 2098 4201 et

448 4249 562 4288 non
587 4237 816 4286 tantum
849 4248 982 4287 cum
1016 4233 1278 4288 Salvator
1307 4234 1368 4288 in
1398 4232 1568 4288 terris
1612 4241 1958 4301 versaretur,
2000 4251 2092 4291 ve-

446 4336 576 4376 rum
611 4324 742 4391 post
776 4320 1099 4376 discessum
1158 4336 1386 4392 quoque
1441 4323 1570 4392 ejus
1611 4321 1782 4393 longo
1830 4323 2096 4378 vixerunt

444 4413 727 4481 tempore,
762 4409 903 4466 adeo
935 4414 1000 4464 ut
1033 4409 1298 4466 nonnulli
1331 4410 1501 4466 etiam
1536 4410 1607 4466 ad
1633 4415 1892 4467 nostram
1924 4412 2094 4468 dura-

441 4500 630 4556 verint
659 4505 908 4556 aetatem.
941 4521 971 4550 »

1046 4626 1281 4684 CAPUT
1317 4627 1484 4684 XXII.

513 4734 648 4802 Quae
675 4733 840 4790 etiam
873 4734 971 4790 sub
1004 4734 1236 4806 Trojano
1263 4734 1464 4790 Judaei:
1492 4734 1792 4791 acciderint
1819 4736 2014 4822 clades.

507 4917 585 4970 Ac
617 4930 706 4970 res
749 4915 986 4986 quidem
1037 4919 1246 4972 nostris
1288 4917 1368 4971 ita
1426 4917 1726 4984 florebant,
1788 4917 2080 4989 quotidia-

437 5019 696 5076 numque
719 5003 1145 5062 incrementum
1171 5005 1495 5076 capiebant,
1530 5007 1826 5064 radicibus
1847 5012 2080 5079 aposto-

435 5092 677 5150 licorum
745 5095 1024 5156 virorum.
1083 5093 1184 5166 qui
1220 5101 1340 5150 tum
1381 5094 1550 5150 multi
1607 5097 1666 5150 in
1723 5099 1842 5152 vita
1890 5101 2075 5166 erant,

434 5183 711 5240 doctrinm
745 5182 859 5240 alte
906 5185 1072 5251 actis,
1095 5189 1152 5240 et
1196 5189 1532 5240 sanctorum
1579 5192 1892 5256 martyrum
1941 5203 2078 5242 san-

431 5275 603 5343 guine
650 5273 902 5329 ubertim
971 5274 1190 5346 rigatis.
1251 5273 1588 5331 Judzeorum
1664 5281 1858 5330 autem
1918 5278 2077 5332 natio

428 5363 830 5434 frequentibus
860 5363 1107 5435 aliisque
1132 5379 1310 5435 super
1340 5363 1485 5419 alias
1522 5363 1908 5420 accumulatis
1958 5365 2075 5421 ela-

428 5450 601 5506 dIbus
631 5455 946 5509 admodum
979 5455 1368 5510 accidebatur.
1402 5453 1673 5509 Decimus
1694 5461 1931 5511 octavus
1960 5455 2073 5510 im-

465 5537 576 5593 eiit
606 5542 1494 5612 Tra1auiagebaturannus,cum
1518 5542 1848 5601 Judaaorum
1872 5560 2075 5601 rursus

2119 4779 2166 4844 D

2212 3507 2449 3574 διανοίας
2505 3513 2594 3565 καὶ
2648 3520 2747 3581 τῆς
2807 3512 3176 3582 ἀποστολικῆς
3237 3512 3586 3586 ὀρθοτομίας.
3638 3509 3851 3585 Κοδρᾶ-

2209 3621 2301 3662 τος
2352 3602 2537 3672 μέντοι
2576 3603 2666 3657 καὶ
2714 3604 2776 3658 τὸ
2835 3605 3066 3681 ἀρχαῖον
3125 3604 3293 3658 αὐτοῦ
3349 3608 3529 3682 σοφῶς
3589 3601 3853 3678 παραδεί-

2209 3712 2409 3761 κνυσιν,
2453 3691 2503 3762 ἐξ
2554 3692 2628 3746 ὧν
2688 3714 2847 3770 φησιν
2904 3693 3092 3755 αὗταὶς
3150 3691 3321 3762 λέξεσι
3379 3693 3634 3769 γράσων·
3690 3716 3713 3746 ι
3748 3697 3851 3748 Τυῦ

2207 3777 2266 3835 δὲ
2298 3788 2560 3855 Σωτῆρος
2616 3783 2776 3853 ἡμῶν
2825 3784 2892 3837 τὰ
2939 3779 3067 3858 ἔργα
3117 3782 3196 3837 ἀεὶ
3249 3788 3467 3856 παρῆν·
3520 3780 3703 3852 ἀληοῆ
3745 3784 3850 3857 γὰρ

2205 3871 2311 3939 ἧν·
2355 3871 2405 3925 οἱ
2455 3871 2887 3945 θεραπευθέντες,
2937 3873 2988 3926 οἱ
3043 3871 3363 3933 ἁνασταντες
3410 3871 3472 3926 ἐκ
3515 3876 3744 3942 νεκρῶν,
3798 3871 3850 3926 οἳ

2205 3959 2309 4014 οὐκ
2359 3955 2615 4036 ὤφθησαν
2685 3961 2846 4034 μόνον
2915 3961 3332 4036 θεραπευόμενοι
3397 3960 3488 4015 καὶ
3557 3960 3849 4034 ἀνισναμε-

2202 4071 2305 4120 νοι,
2356 4048 2501 4105 ἀλλὰ
2557 4051 2647 4106 καὶ
2697 4053 2995 4126 παρόντες·
3047 4049 3177 4106 οὐδὲ
3224 4049 3626 4123 ἐπιδημοῦντος
3680 4052 3846 4121 μόνον

2199 4145 2296 4195 τοῦ
2352 4147 2634 4215 Σωτῆρος,
2695 4141 2842 4197 ἀλλᾶ
2896 4141 2985 4197 καὶ
3065 4141 3498 4216 ἀπαλλαγέντος,
3560 4144 3691 4210 ἦσαν
3754 4141 3850 4197 ἐπὶ

2200 4238 2400 4306 χρόνον
2434 4230 2614 4285 ἱκανόν
2642 4251 2654 4264 ·
2686 4231 2760 4294 ὣς
2789 4253 2846 4287 τε
2878 4233 2967 4287 καὶ
2997 4233 3072 4295 εἷς
3102 4233 3227 4294 τοὺς
3259 4234 3559 4306 ἡμετέρους
3600 4233 3846 4306 χρόνους

2201 4323 2342 4382 τινες
2372 4321 2651 4399 ἀφίκοντο.
2689 4349 2711 4376 ι

2803 4635 3058 4690 ΚΕΦΑΛ.
3105 4634 3227 4688 ΚΒ⁶.

2197 4740 2356 4793 Ὀσα
2394 4740 2504 4793 καὶ
2557 4738 2659 4794 ἐπὶ
2694 4737 3021 4810 Τραΐανοῦ
3053 4735 3420 4828 Ἰουδαίοις
3471 4731 3842 4804 ἐπισυνέϐη

2926 4831 3125 4868 κακα.

2258 4918 2332 4972 Τὰ
2366 4917 2461 4990 μὲν
2511 4914 2606 4971 οὖν
2653 4917 2891 4991 ἡμέτερα
2941 4915 3116 4980 οὕτως
3166 4917 3345 4986 ἤνθει,
3389 4913 3479 4969 καὶ
3521 4914 3640 4968 καθ’
3697 4913 3848 4984 ἠμέ-

2191 5025 2283 5081 ραν
2343 5007 2418 5067 εἷς
2467 5004 2708 5060 ἐπίδοσιν
2772 5004 2996 5082 ἤγοντο,
3064 5005 3214 5080 ῥίζας
3286 5005 3503 5080 βαθείας
3560 4997 3847 5058 καταϐαλ-

2189 5095 2396 5169 λόμενα
2452 5101 2573 5157 ταῖς
2617 5116 2676 5150 τε
2726 5100 2837 5151 τῶν
2888 5094 3271 5150 ἀποστολικῶν
3316 5090 3525 5167 ἀνδρῶν
3582 5089 3850 5147 διδασκα-

2188 5183 2332 5247 λίαις
2358 5183 2586 5258 (πολλοὶ
2619 5182 2676 5239 δὲ
2705 5187 2841 5254 ἦσαν
2885 5189 2964 5254 τῷ
3002 5185 3126 5259 βίῳ)
3170 5184 3262 5237 καὶ
3304 5188 3421 5244 τοῖς
3466 5182 3578 5236 τῶν
3626 5181 3853 5254 μαρτύ-

2187 5294 2296 5348 ρων
2356 5273 2550 5347 αἷ¹μασι
2593 5275 2948 5346 πιαινόμενα·
3001 5274 3068 5328 τὰ
3109 5272 3164 5328 δὲ
3204 5278 3311 5327 τῶν
3358 5268 3642 5326 Ἰουδαίων
3704 5291 3852 5346 συχ-

2184 5370 2297 5419 νοῖν
2327 5365 2415 5418 καὶ
2452 5362 2907 5433 ἂλλεπαλλήλοις
2939 5361 3153 5435 ἤκμαζε
3185 5367 3302 5422 τοῖς
3332 5365 3548 5424 κακοῖς.
3593 5355 3848 5434 Ὄγδοον

2189 5453 2280 5526 μὲν
2316 5452 2407 5507 οὖν
2440 5452 2528 5506 καὶ
2567 5448 2788 5506 δέκατον
2831 5447 2950 5512 ἔτος
2999 5455 3078 5523 τῷ
3122 5448 3482 5526 αὺτοκράτορι
3531 5448 3711 5520 τούτῳ
3769 5454 3845 5522 τῇ

2183 5543 2332 5616 ἀρχῇ
2391 5539 2660 5611 διηνύετο,
2715 5541 2804 5595 καὶ
2861 5537 3142 5596 Ἰουδαίων
3201 5539 3417 5610 κίνησις
3462 5536 3618 5600 αὖθις
3665 5539 3850 5612 ἡγεί-

495 5718 570 5789 (t)
602 5718 739 5772 Eam
771 5717 1143 5788 Evangelium
1176 5721 1499 5774 secundum
1530 5717 1793 5777 Hebraeos
1823 5720 2101 5778 continet.
2131 5719 2364 5793 (Euseb.
2394 5719 2496 5776 lib.
2530 5735 2616 5787 ιιι,
2647 5735 2773 5791 cap.
2806 5718 2938 5789 ult.)
