4032 6282
157 422 286 480 945

1163 425 1787 490 ECCLESIASTICE
1831 425 2224 487 I-llSTORLE
2271 426 2416 484 LIB.
2466 424 2569 485 Ill.

3443 408 3560 467 94-6

152 576 262 625 νην
318 554 482 610 πόλιν
542 554 716 628 ὄνομα
765 557 862 624 τήν
915 555 1384 632 ’Δδριανούπολιν.
1446 564 1546 615 Οἷα
1594 559 1651 615 δὲ
1711 562 1799 616 καὶ

1914 560 2218 617 obsidione
2262 559 2468 614 litteris
2501 555 2835 629 prodiderit,
2882 547 3253 606 commodum
3289 541 3462 616 fuerit
3492 556 3561 596 ex

152 646 423 718 Ἀρίστων
483 646 510 700 ὁ
571 643 842 707 Πελλαῖος
891 645 1046 708 αὖθις
1089 648 1212 721 περὶ
1261 656 1360 718 τῆς
1413 650 1644 721 ὑστάτης
1698 672 1800 706 πο·

150 734 410 808 λιορκίας
452 736 628 790 αὐτῶν
685 739 913 811 ἱστορεῖ,
971 736 1138 791 καλόν
1192 739 1382 799 αὐταῖς
1422 738 1624 812 λέξεσιν
1676 740 1802 795 έπα-

146 826 369 882 κοῦσαι.
433 847 457 876 σ
513 824 612 878 Καὶ
661 821 800 888 δῆτα
847 831 946 893 τῆς
998 823 1278 880 Ἰουδαίων
1330 827 1660 890 ἀποστασίας
1711 826 1805 882 αὖ·

147 912 239 972 θις
275 911 350 973 εἷς
404 911 540 988 μέγα
587 912 674 967 καὶ
719 911 863 968 πολὺ
912 912 1314 987 προελθούσης,
1365 921 1594 992 Ῥοῦφος
1643 911 1807 992 ἔπαρ-

146 1017 258 1074 χος
292 996 365 1052 ὢν
405 1006 506 1068 τῆς
544 996 812 1068 Ῑουδαίας,
856 1005 1250 1075 στρατιωτικῆς
1287 1003 1432 1074 αὐτῷ
1479 1003 1801 1079 σύμμαχίας

148 1087 263 1143 ὑπὸ
327 1088 596 1162 βασιλέως
669 1091 1029 1169 πεμφθείσης,
1085 1097 1204 1154 ταῖς
1276 1093 1554 1156 ἁπονοίαις
1621 1094 1799 1150 αὐτῶν

151 1176 452 1251 χρώμενος
513 1176 764 1256 σφοδρῶς
823 1179 1056 1254 ἐπεξῄει,
1119 1178 1383 1257 μυριάδας
1439 1181 1652 1256 ἀθρόως
1703 1185 1802 1238 ἆν-

148 1263 300 1338 δρῶν
361 1269 506 1340 ὁμοῦ
561 1269 651 1323 καὶ
706 1274 972 1344 γυναικῶν
1029 1270 1119 1324 καὶ
1177 1269 1387 1326 παίδων
1449 1269 1798 1350 διαφθείρων,

143 1355 407 1428 πολέμου
437 1377 496 1412 τε
541 1359 695 1431 νόμῳ
741 1360 836 1421 τὰς
888 1361 1075 1434 χώρας
1124 1360 1298 1416 αὐτῶν
1348 1359 1799 1437 ἐξανδραποδιζό-

148 1461 340 1513 μενος.
397 1443 754 1520 Ἐστρατήγει
794 1443 852 1500 δὲ
897 1446 1022 1502 τότε
1067 1446 1346 1503 Ἰουδαίων
1398 1445 1796 1523 Βαρχωχέϐας,

143 1531 174 1585 ὃ
207 1529 279 1599 δὴ
316 1531 560 1607 ἀστέρα
592 1530 779 1605 δηλοῖ,
808 1535 875 1590 τὰ
910 1537 1003 1608 μὲν
1038 1534 1186 1591 ἄλλα
1214 1539 1432 1615 φονικὸς
1460 1539 1552 1593 καὶ
1578 1537 1796 1613 λῃστρι-

141 1621 244 1680 κός
305 1642 391 1683 τις
447 1621 586 1696 ἀνήρ
618 1642 632 1655 ·
693 1622 782 1678 ἐπὶ
833 1621 890 1678 δὲ
1050 1627 1393 1701 προσηγορίᾳ
1441 1629 1530 1681 οἷα
1573 1625 1652 1682 ἐπ’
1708 1627 1796 1680 ἆν-

142 1706 438 1782 δραπόδων
474 1711 550 1774 ὡς
590 1709 655 1781 δη
700 1711 751 1782 ἐξ
796 1713 1024 1788 ούρανοῦ
1064 1716 1290 1792 φωστὴρ
1337 1716 1522 1779 αὐτοῖς
1561 1718 1794 1788 κατελη-

143 1797 358 1867 λυθὼς,
428 1801 786 1874 κακουμένοις
849 1823 908 1858 τε
973 1802 1282 1878 ἐπιλάμψαι
1350 1805 1792 1880 τερατευόμενος.

139 1889 530 1960 ’Δκμᾶσαντος
573 1887 630 1945 δὲ
675 1896 772 1945 τοῦ
819 1890 1071 1966 πολέμου
1115 1891 1265 1956 ἔτους
1323 1894 1519 1969 ὀγδόςυ
1563 1897 1652 1950 καὶ
1705 1893 1788 1950 δε-
1825 1927 1874 1992 Β

143 1979 328 2032 κάτου
393 1986 494 2048 τῆς
580 1981 876 2056 ἡγεμονίας
941 1980 1248 2058 Ἀδριανοῦ,
1335 1987 1471 2040 κατὰ
1557 1987 1798 2059 Βιθθηρά

137 2068 341 2138 πόλιν,
393 2068 517 2138 ἣτις
565 2069 631 2138 ἦν
687 2070 1036 2144 ὀχυρωτάτη,
1093 2076 1202 2127 τῶν
1270 2073 1668 2146 Ἱεροσολύμων
1739 2075 1800 2129 ού

143 2153 362 2231 σφόδρα
402 2155 593 2234 πόρρω
642 2156 929 2227 διεστῶσα,
977 2167 1078 2227 τῆς
1124 2182 1184 2216 τε
1227 2155 1421 2230 ἔξωθεν
1469 2161 1806 2238 πολιορκίας

144 2246 388 2320 χρονίου
442 2248 764 2322 γενομένης.
821 2247 976 2322 λιμῷ
1023 2271 1081 2306 τε
1130 2250 1219 2306 καὶ
1268 2247 1409 2326 δίψει
1456 2256 1566 2306 τῶν
1609 2274 1807 2308 νεωτε-

145 2341 408 2410 ροποιῶν
479 2335 556 2397 εἷς
614 2333 846 2415 ἔσχατον
905 2338 1134 2407 ὀλέθρου
1208 2339 1657 2416 περιελαθέντων,
1713 2343 1804 2397 καὶ

147 2426 252 2477 τοῦ
299 2425 404 2492 τῆς
447 2422 710 2486 ἀπονοίας
762 2425 948 2490 αὺτοῖς
993 2427 1172 2482 αἰτίου
1217 2429 1316 2496 τήν
1365 2428 1509 2498 ἀξίαν
1561 2428 1805 2484 ἐκτίσαν-

147 2531 348 2572 σαντος
388 2507 569 2582 δίκην,
601 2513 666 2567 τὸ
704 2519 806 2568 πᾶν
844 2508 991 2577 ἔθνος
1040 2514 1090 2588 ἐξ
1140 2513 1346 2570 ἒκείνου
1395 2517 1484 2571 καὶ
1534 2523 1634 2586 τῆς
1679 2519 1804 2587 περὶ

140 2600 208 2653 τὰ
281 2598 646 2674 Ἱεροσόλυμα
701 2609 806 2678 γῆς
870 2605 1096 2676 πάμπαν
1188 2600 1481 2660 ἐπιϐαίνειν
1568 2605 1802 2681 εἴργεται

145 2689 328 2760 νόμου
402 2686 638 2764 δόγματι
707 2692 800 2746 καὶ
869 2689 1165 2766 διατάξεσιν
1244 2691 1555 2767 Ἀδριανοῦ,
1614 2695 1688 2758 ὡς
1742 2693 1802 2748 ἄν

151 2775 300 2851 μηδέ
331 2777 385 2849 ἐξ
435 2779 689 2836 ἀπόπτου
730 2781 988 2856 θεωροῖεν
1035 2785 1098 2838 τὸ
1155 2788 1413 2859 πατρῷον
1471 2781 1670 2858 ἓδαφος
1721 2783 1805 2859 ἐγ-

146 2865 581 2941 κελευσαμένου.
617 2892 647 2920 »
698 2869 851 2925 Οὕτω
900 2868 956 2926 δὲ
1011 2879 1111 2941 τῆς
1161 2872 1377 2934 πόλεως
1428 2873 1505 2936 εἷς
1559 2871 1802 2942 παντελῆ

153 2955 359 3028 φθορὰν
417 2960 514 3010 τοῦ
567 2953 840 3011 Ἰουδαίων
886 2955 1068 3021 ἔθνους
1112 2964 1219 3013 τῶν
1269 2959 1438 3014 πάλαι
1494 2958 1799 3033 οἰκητόρων

149 3043 445 3115 ἐλθούσης,
493 3045 545 3115 έξ
603 3044 929 3123 ἀλλοφύλου
985 3069 1043 3102 τε
1097 3047 1286 3122 γένους
1342 3049 1796 3117 συνοικισθείσης,

147 3137 181 3202 ἡ
245 3135 543 3208 μετέπειτα
598 3141 832 3192 συστᾶσα
878 3137 1162 3210 Ῥωμαϊκὴ
1214 3137 1378 3200 πόλις
1429 3139 1504 3200 εἷς
1549 3141 1649 3208 τήν
1696 3140 1799 3192 τοῦ

148 3229 488 3299 κρατοῦντος
543 3223 740 3283 Αἰλίου
797 3224 1089 3302 ’Δδριανοῦ
1141 3230 1312 3303 τιμὴν
1371 3229 1534 3285 Δίλία
1599 3248 1801 3303 προσα-

1911 650 2101 706 verbis
2145 650 2273 721 ejus
2322 661 2704 713 cognoscere:
2765 665 2790 696 ι
2824 643 2995 697 Porro
3037 636 3350 694 rebellione
3382 637 3560 703 atque

1914 739 2233 794 defectione
2279 737 2616 792 Judmorum
2670 733 2896 803 longius
2946 743 3178 785 rursum
3228 738 3555 796 progressa,

1913 828 2101 882 Rufus
2149 827 2360 883 Judaaaa
2412 826 2740 898 praefectus,
2790 819 3044 892 acceptis
3090 818 3161 872 ab
3209 816 3556 884 imperatore

1912 915 2265 973 militaribus
2312 915 2508 985 copiis,
2559 919 2618 970 et
2664 910 2933 968 vecordia
2980 922 3206 972 eorum,
3256 919 3358 977 pro
3389 917 3554 955 occa-

1912 1005 2075 1062 sione
2123 1007 2267 1063 bene
2317 1005 2587 1078 gerendaa
2640 1003 2744 1071 rei,
2795 999 3041 1057 subinde
3099 1011 3264 1059 usus,
3322 990 3554 1045 infestis

1912 1102 2112 1154 contra
2139 1115 2239 1154 eos
2270 1098 2456 1170 signis
2501 1101 2590 1152 est
2640 1109 3006 1167 progressus,
3035 1089 3184 1146 257
3214 1089 3270 1142 et
3299 1081 3556 1156 plurima

1913 1189 2129 1260 passim
2161 1189 2342 1243 millia
2373 1188 2626 1243 virorum
2661 1183 2839 1241 simul
2868 1187 2926 1238 et
2965 1179 3342 1240 feminarum,
3376 1177 3552 1243 atque

1910 1275 2084 1329 etiam
2118 1291 2425 1346 puerorum
2459 1271 2732 1338 concidit,
2764 1268 3016 1338 bellique
3038 1267 3175 1336 jure
3204 1263 3330 1317 loca
3353 1272 3552 1314 eorum

1909 1363 2133 1434 direpta
2163 1366 2222 1419 in
2253 1367 2588 1435 potestatem
2614 1375 2779 1416 suam
2803 1356 3044 1428 redegit.
3066 1354 3190 1410 Dux
3212 1351 3552 1407 Judieorum

1907 1457 2036 1506 tum
2091 1453 2528 1509 Barchochehas
2573 1449 2652 1521 (1)
2695 1452 2838 1515 erat,
2891 1447 3044 1518 quod
3080 1457 3290 1499 nomen
3340 1436 3555 1494 stellam

1907 1542 2254 1613 significat:
2300 1549 2504 1598 caetera
2551 1541 2638 1594 vir
2681 1535 3090 1609 sanguinarius
3133 1537 3190 1587 et
3220 1529 3550 1602 praedator:

1905 1648 1974 1686 ex
2001 1633 2235 1688 nomine
2271 1637 2464 1688 autem
2498 1647 2605 1686 suo
2627 1629 2870 1701 perditis
2892 1623 3199 1694 mancipiis
3226 1617 3553 1692 prodigiose

1907 1726 2299 1791 persuaserat,
2333 1719 2556 1775 caelitus
2593 1733 2656 1774 se
2685 1717 2869 1773 lucem
2895 1713 3213 1769 demissum
3246 1724 3394 1786 esse,
3427 1720 3553 1774 qua:

1905 1809 2152 1865 afﬂictos
2183 1816 2356 1881 atque
2385 1823 2697 1880 oppressos
2720 1806 3060 1861 illustraret.
3086 1800 3269 1865 Quam
3302 1795 3556 1851 maxime

1905 1904 2096 1954 autem
2169 1897 2316 1954 bello
2373 1898 2684 1968 ﬂagrante,
2743 1895 2970 1950 decimo
3047 1895 3250 1945 octavo
3325 1881 3556 1952 imperii

1915 1986 2151 2042 Adriani
2185 2003 2360 2052 anno,
2393 1987 2462 2041 ad
2521 1984 2838 2041 Bittheram
2892 1979 3178 2036 civitatem
3225 1969 3559 2029 munitissi-

1915 2091 2092 2143 mam,
2144 2091 2248 2130 nec
2299 2075 2378 2129 ita
2422 2075 2592 2143 longe
2641 2090 2674 2128 a
2725 2066 3138 2137 Hierosolymis
3187 2064 3387 2129 sitam,
3421 2075 3555 2114 cum

1915 2164 2236 2218 diuturnirr
2283 2165 2508 2218 obsidio
2562 2162 2843 2227 instituta,
2876 2155 3236 2223 rebellesque
3275 2157 3326 2206 et
3359 2163 3552 2204 rerum

1915 2271 2193 2310 novarum
2226 2254 2468 2310 studiosi
2505 2254 2656 2308 fame
2704 2267 2769 2306 ac
2819 2251 2916 2304 siti
2967 2248 3034 2301 ad
3077 2250 3398 2299 extremum
3434 2239 3554 2293 exi-

1915 2343 2061 2399 tium
2123 2343 2338 2399 redacti
2390 2346 2606 2407 essent,
2656 2345 2713 2396 et
2761 2338 2861 2410 qui
2917 2337 3001 2391 eis
3054 2336 3230 2388 tantae
3272 2327 3555 2384 vecordia

1915 2439 2119 2490 auctor
2151 2435 2375 2502 fuisset,
2424 2435 2632 2505 dignas
2673 2447 2774 2502 per
2801 2427 3112 2484 vindictam
3149 2420 3406 2477 dedisset
3437 2435 3552 2488 pca-

1914 2542 2038 2591 nas,
2087 2541 2231 2596 gens
2262 2529 2380 2581 tota
2411 2541 2480 2580 ex
2524 2539 2591 2579 eo
2637 2529 2895 2591 tempore
2933 2516 3185 2571 vicinam
3215 2512 3273 2566 in
3306 2508 3552 2566 circuitu

1912 2614 2324 2684 Hierosolymis
2355 2614 2650 2684 regionem
2685 2624 2919 2681 prorsus
2948 2604 3231 2675 attingere
3262 2597 3553 2672 prohibita

1913 2709 2022 2771 est,
2054 2704 2226 2772 idque
2274 2703 2360 2759 sic
2408 2699 2822 2757 constitutione
2868 2701 2924 2751 et
2972 2694 3270 2751 sanctione
3310 2685 3551 2744 Adriani

1914 2794 2128 2848 factum
2167 2810 2178 2848 :
2213 2793 2312 2863 qui
2345 2791 2452 2846 hoc
2483 2790 2568 2845 sic
2590 2789 2796 2860 jussit,
2827 2790 2892 2840 ut
2922 2783 3007 2838 illi
3035 2799 3104 2837 ne
3136 2779 3392 2850 aspicere
3421 2775 3550 2847 qui-

1911 2883 2043 2938 dem
2076 2899 2144 2938 ex
2175 2883 2298 2938 loco
2330 2879 2594 2951 qquiam
2626 2879 2866 2934 editiore
2898 2873 3147 2946 patrium
3191 2869 3379 2925 solum
3411 2881 3548 2936 pos-

1908 2977 2061 3028 sent.
2097 2994 2125 3022 »
2157 2972 2236 3027 Ad
2273 2972 2428 3026 hunc
2458 2971 2692 3025 modum
2717 2967 2860 3022 urbs
2888 2962 3415 3033 Hierosolymorum
3449 2955 3550 3010 Ju-

1911 3061 2145 3118 daicum
2179 3059 2482 3132 populum,
2515 3056 2960 3128 antiquissimos
2993 3068 3130 3108 suos
3163 3048 3426 3112 colonos,
3457 3045 3549 3098 in-

1889 3153 2236 3210 ternecione
2293 3167 2527 3208 summa
2584 3147 2804 3212 amisit,
2851 3150 2907 3201 et
2960 3150 3153 3216 postea
3199 3139 3267 3194 ad
3309 3133 3546 3192 advenis

1908 3241 2066 3299 culta
2115 3248 2289 3314 atque
2332 3239 2680 3303 inhabitata,
2720 3242 2783 3292 ut
2829 3237 3091 3290 Romana
3124 3229 3291 3302 plane
3322 3225 3543 3288 civitas,

147 3313 458 3389 γορεύεται.
505 3315 604 3370 Καὶ
665 3314 808 3371 οὕτω
871 3317 964 3389 μὲν
1023 3315 1278 3374 Ἰουδαῖοι
1325 3320 1412 3374 καὶ
1462 3317 1548 3373 έπί
1595 3323 1795 3373 τοῦτου

1910 3297 1964 3387 in
2015 3297 2382 3403 imperatoris
2432 3329 2558 3385 lElii
2618 3297 2860 3382 Adriani
2919 3297 3195 3378 honorem
3256 3315 3400 3403 [Elia
3457 3316 3547 3403 est

147 3405 250 3472 τὴν
285 3402 532 3478 ἐσχάτην
569 3411 670 3474 τῆς
711 3406 846 3460 κατὰ
890 3407 1127 3482 Χριστοῦ
1177 3406 1366 3480 μανίας
1415 3407 1668 3463 ἀπέτισαν
1712 3403 1792 3461 δί-

147 3513 251 3563 κην
279 3513 294 3527 ο
333 3495 499 3565 ἡμεῖς
531 3491 587 3548 δὲ
612 3495 704 3548 καὶ
733 3495 819 3549 έπί
849 3496 948 3564 τὴν
978 3493 1245 3572 διαδοχὴν
1275 3501 1384 3551 τῶν
1436 3497 1592 3551 θείων
1641 3495 1793 3558 αὖθις

149 3579 367 3659 ἀνδρῶν
397 3583 768 3658 χωρήσωμεν.

763 3887 1017 3938 ΚΕΦΑΛ.
1061 3884 1186 3939 ΚΕ’.

145 3973 345 4051 Τίνες
379 3971 543 4026 κατᾶ
580 3971 1044 4051 τούῳτουςτοὺς
1076 3974 1369 4051 χρόνους
1415 3979 1543 4030 τῶν
1596 3974 1793 4051 μςγά.

221 4043 364 4099 λων
393 4047 768 4134 παροικιῶν
794 4047 872 4116 τῇ
905 4043 1214 4119 ἱερατὶκῇ
1254 4043 1610 4120 διέπρεπον
1652 4043 1796 4103 λέι-

219 4133 554 4191 τουργιᾳ.

222 4217 531 4292 Δωδεκάτῳ
596 4214 701 4275 ἔτει
767 4226 869 4290 τῆς
933 4227 1195 4297 Τραϊανοῦ
1254 4223 1534 4299 βασιλείας
1595 4225 1798 4299 Εὐαρέ-

150 4333 284 4366 στου
334 4305 528 4385 ὅγδοον
583 4303 700 4370 ἔτος
756 4309 844 4365 ἐπὶ
889 4310 1114 4385 Ῥώμης
1158 4313 1584 4386 ἱερατεύσαντος,
1634 4315 1796 4372 Ἀλέ·

150 4397 385 4472 ξανδρος
428 4399 681 4470 πέμπτην
735 4398 840 4452 ἀπὸ
887 4399 1108 4455 Παύλου
1156 4401 1250 4455 καὶ
1291 4403 1494 4478 Πέτρου
1545 4404 1796 4482 κατάγων

151 4487 455 4566 διαδοχὴν,
504 4489 594 4543 τὸν
648 4488 838 4564 θρόνον
889 4486 1182 4564 λαμϐάνει.
1233 4491 1414 4565 Τρίτῳ
1454 4491 1497 4546 δ’
1549 4487 1652 4549 ἔτει
1699 4498 1799 4566 τῆς

151 4580 342 4654 ἀρχῆς
383 4575 583 4632 Αἰλίου
641 4575 927 4654 Ἀδριανοῦ
987 4579 1205 4635 δέκατον
1260 4575 1376 4644 ἔτος
1436 4581 1800 4657 ἐκπληρώσας

148 4663 552 4740 Ἀλέξανδρος,
628 4667 824 4740 Ξύστῳ
906 4668 1107 4738 ταύτης

149 4756 464 4834 ἡγεμονίας
514 4754 802 4830 Ἀδριανοῦ
853 4755 1158 4816 δωδέκατον
1209 4761 1446 4838 ἐχούσης
1497 4761 1634 4834 ἔτος,
1687 4763 1802 4818 Ξύ-

151 4867 278 4903 στον
342 4843 567 4912 δεκαετῆ
622 4843 1001 4922 διαγενόμενον
1053 4850 1250 4928 χρόνον
1307 4856 1375 4926 τῇ
1431 4860 1530 4922 τῆς
1576 4854 1799 4927 Ῥώμης

149 4934 430 5010 ἐπισκοπῇ
479 4930 717 5010 ἕϐδομος
764 4935 872 4991 ἀπὸ
927 4941 1036 4993 τῶν
1087 4939 1409 4996 ἀποστόλων
1464 4941 1800 5020 Τελέσφορος

152 5023 494 5104 διαδεχέται.
532 5026 626 5079 Καὶ
679 5026 874 5082 τούτου
914 5024 960 5080 δ’
993 5025 1260 5102 ἑνδεκάτῳ
1307 5037 1406 5100 τῆς
1455 5029 1798 5108 λειτουργίας

150 5113 392 5186 ἔνιαυτῷ
447 5113 510 5168 τὸ
571 5114 722 5188 βιοῦν
779 5112 1213 5189 μεταλλάξαντος
1268 5117 1412 5174 τέλει
1478 5119 1799 5196 μαρτυρίου,

151 5201 227 5265 ὥς
262 5222 431 5282 φησιν
488 5203 803 5275 Εἰρηναῖος,
863 5205 1072 5280 Ὑγῖνος
1130 5207 1220 5260 τὸν
1278 5203 1486 5281 κλῆρον
1531 5215 1632 5279 τῆς
1679 5207 1799 5266 ἔπι.

149 5298 368 5361 σκοπῆς
434 5289 778 5366 ἐκληροῦτο,
845 5289 962 5355 ἔτος
1049 5298 1264 5368 πρῶτον
1352 5297 1671 5353 ’Δντωνίνου
1738 5300 1798 5362 ὃς

151 5375 399 5450 Εὐσεϐὴς
459 5379 814 5463 ἐπεκέκλητο,
874 5378 1095 5458 ἔχοντος
1140 5388 1207 5450 τῇ
1257 5385 1427 5462 ἀρχῇ.
1480 5386 1652 5443 Ἀλλὰ
1694 5391 1795 5465 γὰρ

152 5473 295 5546 μετᾶ
350 5471 602 5545 τέταρτον
658 5477 759 5540 τῆς
809 5471 1113 5538 ἐπισκοπῆς
1157 5469 1275 5537 ἔτος
1335 5470 1795 5552 ἀποϐαλλομένου

225 5599 303 5677 (l_)
334 5597 776 5677 Barchochebas
822 5598 1140 5677 perduellis
1183 5598 1316 5677 iste,
1343 5601 1578 5677 ᾖμεῑὶοο
1605 5606 1798 5677 philo-

151 5671 421 5750 sophcpt
449 5674 702 5750 martyre
732 5671 1076 5750 te_st_e,__ap_ud
1099 5671 1308 5750 Euseb.
1341 5673 1442 5729 lib.
1472 5692 1547 5744 1v,
1579 5671 1705 5750 cap.
1739 5679 1794 5744 8,

149 5739 516 5799 Christianos
535 5739 709 5810 solos,
733 5741 843 5798 nisi
870 5739 1166 5800 Christum
1185 5739 1594 5817 abnegassent,
1619 5739 1797 5822 atque

1905 3399 2210 3493 appellata.
2268 3423 2346 3475 Ac
2401 3419 2450 3474 si
2508 3417 2744 3489 quidem
2800 3413 2979 3469 etiam
3037 3409 3147 3466 sub
3200 3406 3305 3461 hoc
3361 3399 3544 3458 Judaai

1903 3517 2226 3567 extremum
2284 3513 2487 3565 contra
2533 3506 2829 3563 Christum
2877 3519 2976 3576 per
3034 3501 3286 3556 furorem
3348 3508 3545 3566 perpe-

1902 3605 2033 3660 trati
2068 3603 2282 3676 piaculi
2315 3603 2472 3658 luere
2501 3591 2876 3673 supplicium.
2922 3596 3040 3653 Nos
3083 3598 3274 3649 autem
3307 3603 3542 3645 rursum

1905 3694 1975 3749 ad
2064 3693 2393 3750 divinorum
2467 3691 2727 3749 virorum
2801 3685 3226 3744 descendemus
3308 3693 3540 3736 succes-

1903 3783 2146 3841 sionem.

2498 3885 2728 3943 CAPUT
2766 3883 2941 3940 XXV.

1907 3979 2013 4048 Qui
2039 3995 2106 4037 ea
2131 3983 2300 4037 aetate
2327 3976 2592 4052 magian}
2639 3974 2950 4052 quibusque
2981 3970 3222 4052 sociatis
3251 3965 3547 4039 episwpali

2376 4047 2692 4104 ministerio
2718 4047 3073 4119 prefuerinl.

1980 4233 2330 4289 Duodecimo
2375 4227 2723 4302 imperantis
2761 4227 2996 4298 Trajani
3029 4241 3205 4295 anno,
3236 4238 3370 4280 curn
3402 4223 3548 4279 Eva-

1909 4327 2098 4378 restus
2146 4322 2539 4392 pontiﬁcatum
2597 4319 2796 4374 Roma
2842 4321 2970 4373 octo
3018 4331 3202 4372 annos
3249 4313 3548 4386 gessisset,

1910 4413 2232 4469 Alexander
2289 4411 2530 4483 quintus
2589 4426 2623 4465 a
2671 4407 2849 4463 Paulo
2905 4411 2964 4463 et
3028 4409 3194 4461 Petro
3252 4418 3552 4460 successor

1910 4501 2215 4558 ecclesiam
2267 4499 2578 4572 regendam
2629 4498 2902 4566 suscepit.
2951 4495 3060 4560 Qui
3108 4493 3273 4550 tertio
3313 4489 3549 4547 Adriani

1910 4589 2140 4661 imperii
2197 4605 2373 4656 anno,
2424 4586 2705 4644 decennio
2769 4585 2830 4640 in
2888 4581 3201 4656 episcopali
3256 4580 3550 4634 iunctione

1194 4670 1457 4739 ἐξίσταται
1481 4715 1493 4728 .
1572 4679 1680 4742 Τῆς
1755 4671 1799 4728 δ’

1914 4678 2162 4750 expleto,
2209 4682 2382 4749 Xysto
2439 4693 2570 4733 eam
2619 4675 2927 4733 concessit.
2976 4671 3324 4728 Duodecimo
3382 4683 3551 4741 porro

1911 4770 2148 4826 Adriani
2173 4786 2348 4838 anno,
2372 4785 2505 4827 cum
2526 4767 2740 4837 Xystus
2768 4763 3114 4822 decennium
3141 4762 3338 4818 itidem
3367 4758 3552 4816 eccle-

1912 4859 2010 4915 sia:
2042 4859 2387 4930 prefuisset,
2419 4857 2811 4930 Telesphorus
2833 4856 2884 4911 ei
2915 4852 3218 4910 successit.
3251 4850 3464 4907 Verum
3498 4852 3554 4906 et

1911 4949 2038 5016 hoc,
2101 4949 2410 5005 undecimo
2477 4945 2829 5019 pontificalis
2873 4941 3185 5001 ministerii
3239 4940 3330 4996 sui
3378 4955 3548 5004 anno,

1909 5037 2063 5096 258
2106 5037 2221 5095 vita
2278 5054 2377 5110 per
2427 5037 2770 5110 martyrium
2829 5035 3125 5100 defuncto,
3184 5039 3248 5087 ut
3303 5033 3553 5086 [renisus

1906 5127 2122 5200 inquit,
2191 5127 2454 5200 Hyginus
2533 5125 2891 5199 provinciam
2949 5124 3074 5194 ejus
3131 5119 3551 5191 estwsortitus,

1908 5217 2094 5288 primo
2126 5216 2357 5288 imperii
2385 5216 2683 5283 Antonini,
2721 5215 2818 5286 qui
2848 5213 2983 5268 Pius
3012 5220 3098 5267 est
3129 5211 3341 5278 dictus,
3373 5223 3548 5263 anno.

1907 5306 2127 5378 Hygino
2163 5323 2333 5377 porro
2367 5311 2496 5379 post
2542 5310 2814 5377 quartum
2867 5317 3086 5358 annum
3136 5305 3382 5365 mortuo,
3416 5296 3551 5352 Pius

1905 5397 2192 5452 successit
2224 5399 2319 5468 (2).
2373 5400 2558 5469 Atque
2606 5399 2741 5454 huic
2793 5413 3025 5450 rursum
3076 5393 3366 5456 Anicetus,
3401 5388 3552 5442 vice-

1906 5484 2057 5541 simc
2088 5485 2436 5557 imperantis
2460 5488 2545 5542 Pii
2571 5505 2744 5544 anno.
2769 5487 3042 5542 Anicetus
3063 5491 3255 5538 autem
3281 5479 3548 5536 undecim

1908 5607 2288 5692 blasphemiis
2336 5611 2834 5683 incesserent,’.ad
2884 5608 3229 5683 gravissima
3259 5604 3551 5676 supplicia

1909 5681 2059 5736 trahi
2084 5682 2278 5751 jussit.
2699 5681 2706 5683 ’
2893 5681 2911 5683 “

1979 5751 2056 5827 (2)
2088 5751 2227 5810 Pius
2257 5754 2425 5814 annis
2456 5754 2524 5812 15
2551 5754 2888 5815 cathedram
2918 5751 3187 5811 obtinuit.
