4032 6282
490 396 608 460 947

1789 400 2213 464 NICEPHORI
2257 399 2605 462 CALLlSTl

3793 381 3892 442 948

494 531 663 590 annis
694 531 948 590 Ecclesia
977 533 1238 590 Romana
1267 533 1694 603 administrata,
1718 539 1921 592 octavo
1943 535 2130 606 impe-

2248 533 2450 609 ιΥγίνου
2504 528 2568 584 τὸ
2629 531 2746 602 ζῇν,
2794 530 2927 587 Πῖος
2983 524 3083 592 τὴν
3143 527 3270 609 τῆς-
3303 517 3528 590 Ῥώμης
3555 512 3894 609 “iurene-triti

494 622 701 679 ratoris
747 621 879 678 Veri
929 638 1104 693 anno,
1155 621 1341 679 Soteri
1388 639 1516 679 eam
1567 623 1823 696 reliquit.
1865 623 1966 681 Cui
2005 628 2137 696 post

495 729 678 768 annos
725 719 851 768 octo
899 711 1244 769 Eleutherus
1287 716 1375 769 est
1423 713 1720 785 suffectus,
1753 713 2133 771 duodecimus

493 801 722 856 aPetro
771 817 1090 862 successor,
1142 817 1276 857 cum
1329 801 1618 858 decimum
1672 804 1984 875 septimum
2025 819 2136 858 an—

493 905 634 945 num
670 889 740 944 Μ.
773 890 1103 945 Antoninus
1139 889 1214 962 (l)
1247 906 1377 946 cum
1410 890 1529 945 filio
1552 890 1882 946 Romanum
1913 895 2136 963 regeret

491 978 824 1048 imperium.
857 981 922 1034 In
953 979 1343 1034 Alexandrina
1374 979 1616 1035 ecclesia
1637 980 1867 1035 Primus
1896 985 2136 1050 quartus

492 1066 562 1122 ab
620 1067 900 1138 apostolis
943 1067 1254 1138 episcopus
1306 1065 1438 1123 fuit.
1504 1067 1593 1135 Ei,
1638 1083 1770 1124 cum
1831 1068 2131 1124 duodecim

492 1173 676 1212 annos
707 1157 1035 1228 pontiﬁcale
1066 1157 1312 1212 obiisset
1336 1173 1571 1227 munus,
1617 1157 1870 1214 Adriano
1896 1159 2133 1214 tertium

493 1247 820 1318 imperante
850 1262 1091 1307 annum.
1140 1246 1348 1303 Justus
1387 1255 1472 1302 est
1503 1253 1866 1318 surrogatus.
1899 1247 2139 1303 Circiter

493 1337 902 1391 duodecimum
937 1343 1126 1390 autem
1159 1336 1421 1406 ejusdem
1454 1336 1682 1408 imperii
1708 1353 1953 1403 annum,
1984 1354 2137 1394 anno

496 1430 770 1496 praeterea
802 1442 916 1480 uno
947 1433 1000 1479 et
1036 1425 1340 1480 mensibus
1372 1425 1598 1496 aliquot
1627 1425 2136 1492 intercedentibus,

494 1512 746 1569 ecclesiae
793 1514 919 1583 ejus
967 1513 1536 1569 administrationem
1578 1513 1866 1569 Eumenes
1897 1519 1984 1569 est
2008 1531 2138 1570 sor-

499 1601 660 1671 titus,
693 1619 825 1657 cum
859 1602 1096 1672 quidem
1146 1601 1353 1658 Justus
1401 1602 1674 1657 undecim
1723 1602 1774 1659 ei
1815 1602 2140 1674 praefuisset

496 1691 688 1746 annis.
722 1691 1005 1746 Eumenes
1037 1706 1166 1746 vero
1196 1691 1472 1746 tredecim
1524 1692 1694 1746 annis
1733 1690 2134 1763 episcopatum

494 1780 702 1835 tenuit.
736 1779 839 1834 Cui
871 1780 1102 1836 Marcus
1133 1781 1476 1847 succedens,
1509 1783 1704 1836 decem
1733 1781 1905 1836 annis
1935 1797 2135 1838 curam

2240 600 2599 700 ἐάειρίζεται
2632 635 2646 649 ·
2673 600 2758 671 -δν
2813 614 3109 683 Ἀνίκητος
3161 606 3490 700 διαδέχεται.
3522 600 3814 700 ἐνργδοον
3857 603 3897 700 δ’

2244 689 2360 772 ἔτδς
2399 689 2646 782 Ὀύήρου
2724 703 3069 769 ἐλαύνοντος,
3154 696 3438 768 ’Δνίκητον
3522 689 3735 748 ’ὲνδεκα
3795 695 3899 782 rei;

2242 806 2402 855 πᾶσιν
2464 778 2603 852 ἔτεσι
2662 792 2944 849 διελθόντα
3004 785 3312 863 διαδέχεται
3370 784 3578 857 Σωτήρ
3621 801 3636 814 ·
3700 782 3764 834 ’ὸν
3823 778 3898 832 ἐπὶ

2243 887 2440 965 ὄγδοον
2482 883 2832 959 ἡγησάμενον
2872 877 2991 943 ἔτος
3033 876 3347 948 Ἐλεύθερος
3391 869 3752 965 διαδέχεται,
3803 865 3896 920 δω-

2246 960 2465 1038 δέκατος
2523 974 2629 1029 ἀπὸ
2684 979 2782 1042 τῆς
2846 973 3050 1045 Πέτρου
3111 962 3379 1038 διαδοχῆς
3456 960 3897 1045 γνωριζόμενος.

2243 1067 2421 1140 Ἧρχε
2479 1061 2525 1118 δ’
2583 1061 2744 1116 είσέτι
2804 1062 3121 1118 ’Δντωνῖνος
3177 1056 3391 1128 Ούῆρος
3443 1051 3536 1105 σὺν
3608 1050 3724 1118 υἱῷ
3798 1040 3898 1106 ἔτος

2243 1135 2394 1229 πρδς-
2434 1149 2655 1224 ἑϐδόμῳ
2699 1147 2940 1205 δέκατον.
2991 1145 3090 1202 Καὶ
3143 1143 3353 1220 Πρίμον
3381 1139 3438 1196 δὲ
3475 1139 3756 1229 τέταρτον
3811 1135 3899 1229 ἀπὸ

2243 1224 2351 1297 των
2415 1237 2734 1296 ἀποστόλων
2790 1245 2888 1307 τῆς
2938 1237 2990 1290 έν
3042 1231 3415 1308 ’Δλεξανδρείᾳ
3460 1227 3773 1300 παροικίας
3819 1224 3898 1277 τὸν

2247 1335 2438 1405 θρόνον
2507 1329 2951 1405 κεκληρωμένον,
3005 1326 3178 1402 τρίτῳ
3249 1332 3348 1394 τῆς
3420 1317 3742 1411 ἡγεμονίας
3795 1309 3898 1411 ,ἔτει

2245 1404 2556 1496 ’Λδριανοῦ,
2619 1404 2912 1490 δωδεκάτῳ
2978 1417 3066 1471 καὶ
3133 1422 3234 1484 τῆς
3311 1409 3677 1486 λειτουργίας
3738 1404 3902 1496 ἀὑτοῦ

2247 1491 2700 1585 ἐκπληρώσαντα,
2762 1505 3071 1582 διαδέχεται
3152 1507 3409 1564 Ἰοῦστος.
3480 1498 3667 1574 Ἀμφὶ
3735 1491 3795 1549 δὲ

2249 1597 2550 1654 δωδέκατον
2609 1606 2708 1667 τῆς
2764 1598 2928 1652 αὐτοῦ
2983 1595 3164 1670 ἀρχῆς
3221 1589 3340 1654 ἔτος
3391 1586 3653 1644 ἐνιαυτοῦ
3717 1582 3904 1658 μεταξῦ

2246 1690 2335 1744 καὶ
2395 1693 2580 1762 μηνῶν
2646 1707 2806 1742 τινων
2876 1683 3270 1760 διαγενομένων
3335 1684 3440 1745 τῆς
3495 1670 3905 1762 ’Δλεεανδρέων

2247 1781 2578 1851 Ἐκκλησίας
2627 1782 2727 1850 τὴν
2773 1779 3102 1852 προστασίαν
3157 1775 3408 1849 Εὐμενής
3466 1769 3683 1845 κλήρῳ
3733 1761 3906 1821 διαδέ-

495 1868 842 1939 pnstoralem
893 1869 1096 1940 gessit.
1148 1869 1342 1925 Marco
1390 1869 1662 1925 Celadion
1705 1869 2003 1941 suti‘ectus,
2037 1872 2134 1942 qui

2248 1893 2426 1951 χεται,
2477 1870 2718 1927 Ἰούστου
2775 1867 2864 1924 ἐπὶ
2913 1864 3055 1923 ἔτεσι
3113 1864 3238 1921 δέκα
3295 1864 3432 1938 πρὸς
3485 1860 3567 1931 τῷ
3621 1856 3710 1912 ἑνὶ
3761 1853 3904 1926 διαρ-

2292 1961 2302 1972 ι
2576 1965 2620 1972 --
2663 1959 2675 1972 ι
2813 1957 2825 1972 ι
2991 1954 3030 1972 tu
3129 1955 3142 1972 9
3255 1954 3284 1972 τ
3475 1948 3506 1972 Ἀ
3578 1945 3716 1972 ἓζ--..
3777 1945 3902 1972 -ρὲι

497 1959 935 2028 quatuordecim
989 1957 1160 2013 annis
1208 1960 1546 2029 episcopatu
1605 1959 1858 2026 functus,
1913 1976 2138 2015 succes-

497 2062 686 2101 sorem
719 2047 921 2102 habuit
948 2047 1354 2119 Agrippinum,
1379 2063 1597 2104 nonum
1630 2047 1888 2104 ecclesiis
1918 2050 2042 2120 ejus
2062 2049 2135 2104 ab

499 2136 778 2208 apostolis
832 2136 1192 2208 episcopum.
1241 2139 1403 2208 Apud
1436 2136 1824 2194 Antiochenos
1861 2143 1991 2210 post
2021 2138 2134 2195 He-

496 2242 696 2282 ronem
769 2227 1067 2283 ecclesiam
1138 2228 1284 2282 rexit
1337 2226 1661 2283 Cornelius.
1724 2228 1864 2283 lluic
1931 2229 2134 2300 quinto

497 2315 824 2386 apostolica:
873 2316 1263 2372 successionis
1311 2317 1494 2386 gradu
1525 2316 1663 2373 Eros
1703 2317 1761 2372 in
1797 2316 2133 2389 episcopatu

495 2406 779 2460 successit
810 2421 823 2460 :
857 2405 1064 2460 deinde
1097 2409 1294 2460 sextus
1323 2405 1703 2476 TheOpbilus,
1737 2409 1793 2462 et
1820 2412 1951 2478 post
1981 2407 2136 2462 hunc

497 2493 778 2564 septimus
809 2495 878 2547 ab
908 2493 1203 2565 Apostolis
1247 2494 1616 2550 Maximinus.
1658 2494 2138 2567 Hierosolymita-

500 2598 710 2637 norum
744 2588 939 2638 autom
971 2582 1376 2654 episcoporum
1424 2587 1687 2654 tempora
1725 2583 1933 2640 litteris
1967 2601 2128 2640 man-

499 2671 638 2726 data
669 2687 782 2726 non
833 2675 992 2740 sunt,
1043 2686 1188 2742 quos
1234 2671 1427 2727 brevis
1476 2673 1784 2728 admodum
1822 2674 1924 2729 sevi
1959 2673 2137 2728 fuisse

499 2763 748 2827 constat,
784 2760 1114 2830 quindecim
1145 2775 1215 2815 ex
1243 2760 1465 2828 ordine,
1497 2768 1558 2815 ut
1587 2761 1822 2831 quidem
1855 2762 2140 2817 memoria

498 2847 622 2903 sine
653 2847 866 2918 scripto
899 2853 989 2904 est
1019 2848 1336 2919 proditum,
1359 2849 1619 2904 llebrnici
1651 2848 1880 2920 generis
1911 2866 2137 2918 omnes,

498 2942 769 3009 recteque
819 2937 1008 2992 ofﬁcio
1049 2953 1154 2993 suo
1187 2939 1435 3006 functos,
1477 2939 1631 3009 quod
1664 2939 1876 2994 Christi
1918 2940 2140 2996 doctri-

495 3041 632 3080 nam
686 3036 743 3080 et
791 3026 1210 3096 professionem
1261 3027 1438 3097 probe
1489 3028 1824 3095 tenuerint;
1872 3045 1995 3100 quas
2045 3044 2138 3086 res

495 3111 704 3182 elIecit,
739 3120 800 3167 ut
830 3115 900 3169 ad
933 3114 1329 3185 episcopatum
1374 3130 1506 3169 eum
1559 3115 1631 3170 ab
1660 3117 1903 3172 ecclesia
1932 3117 2141 3172 Hiero-

494 3201 861 3271 sulymitana,
895 3217 1021 3272 quas
1073 3203 1143 3256 ab
1174 3203 1569 3274 apostolorum
1604 3209 1861 3275 tempore
1901 3220 1970 3260 ex
2001 3205 2138 3262 lide-

497 3269 652 3345 libus
681 3269 1043 3346 Judaeis'l‘ere
1076 3296 1192 3346 tota
1211 3269 1542 3362 constabat,
1567 3298 1624 3348 et
1652 3269 1842 3365 usque
1863 3295 1934 3350 ad
1958 3299 2140 3351 extre—
2166 3269 2213 3338 θ

499 3395 654 3434 mam
689 3380 1048 3435 obsidionem
1102 3379 1477 3452 perdurabat,
1521 3381 1638 3437 sint
1669 3381 1895 3439 delecti.
1928 3383 2140 3440 Eorum

499 3468 701 3540 itaque
730 3469 1136 3540 episcoporum
1168 3469 1268 3540 qui
1299 3484 1367 3524 ex
1397 3471 1838 3527 circumcisione
1866 3472 2142 3530 Christia-

501 3576 637 3614 nam
671 3559 1090 3630 prol'essionem
1141 3560 1251 3614 rite
1299 3563 1439 3615 unt
1482 3561 1787 3632 complexi,
1834 3567 1891 3618 et
1923 3565 2142 3619 mutuis

500 3650 826 3704 Judszorum
860 3647 1248 3704 seditionibus
1297 3657 1470 3720 atque
1507 3651 1758 3706 vesianas
1787 3651 2024 3709 fuerunt
2053 3670 2146 3710 re-

502 3740 669 3811 liqui,
718 3739 1043 3810 catalogum
1095 3756 1128 3794 a
1178 3741 1494 3810 primordio
1535 3757 1823 3812 exponere
1852 3745 2142 3800 convenit.

503 3829 655 3885 259
697 3828 930 3884 Primus
976 3829 1174 3899 itaque
1223 3829 1331 3884 fuit
1375 3829 1645 3895 Jacobus,
1697 3831 1878 3887 frater
1913 3830 2145 3889 Domini

505 3917 732 3984 dictus;
766 3917 1076 3986 secundus,
1106 3917 1396 3989 Symcon;
1433 3920 1661 3980 tertius,
1693 3919 1940 3989 Justus;
1971 3938 2146 3993 quar-

502 4012 617 4073 tus,
663 4005 931 4061 Zachrsus
959 4006 1074 4077 (2);
1125 4007 1383 4076 quintus,
1431 4007 1690 4076 Tobias;
1736 4015 1956 4076 sextus,
2005 4011 2145 4066 Ben-

497 4094 734 4167 jamin;
786 4097 1092 4165 septimus,
1150 4093 1449 4164 Joannes;
1516 4103 1770 4165 octavus,
1831 4097 2146 4168 Matthiae;

507 4199 721 4251 nonus,
772 4184 1116 4254 Philippus;
1163 4187 1447 4252 decimus,
1489 4185 1741 4253 Seneca;
1777 4187 2147 4258 undecimus,

506 4276 702 4329 Justus
731 4289 746 4340 ;
776 4272 956 4326 Lebes
983 4272 1086 4342 (3),
1134 4273 1548 4340 duodecimus;
1587 4273 1860 4345 Ephrem,
1901 4278 2145 4334 tredeci-

507 4379 678 4428 mus;
718 4368 964 4434 quartus
1015 4360 1298 4428 decimus,
1331 4361 1588 4433 Joseph;
1621 4368 1680 4418 et
1715 4364 2146 4435 quindecimus,

506 4453 706 4508 ludas.
735 4451 980 4519 Quibus,
1016 4459 1145 4521 post
1173 4450 1534 4507 eversionem
1566 4452 1749 4518 urbis,
1781 4469 1850 4508 ex
1879 4455 2148 4526 gentibus

2243 1945 2523 2022 κ’έσαντος.
2575 1959 2679 2016 Καὶ
2735 1957 2930 2013 τούτου
2987 1954 3030 2011 δ’
3089 1955 3197 2029 οὐχ
3251 1954 3412 2022 ἧττον
3470 1948 3506 2018 ἢ
3574 1945 3718 2002 δέκα
3775 1945 3902 2016 πρὸς

2244 2050 2389 2124 τρισί
2437 2051 2537 2118 τήν
2606 2047 2951 2124 λειτουργίαν
3019 2043 3328 2109 ἀνύσαντος,
3395 2039 3630 2113 Μάρκος
3691 2033 3904 2124 ποιμῆν

2244 2121 2343 2206 sic
2419 2121 2805 2211 Ἀλεξάνδρου.
2842 2121 3296 2210 άνακηρύττεται.
3376 2128 3599 2198 Δεκάτῳ
3678 2122 3727 2179 δ’
3803 2121 3901 2176 ἔτει

2242 2228 2521 2304 παραδοὺς
2571 2229 2671 2298 τήν
2733 2227 3072 2302 λειτουργίαν
3131 2220 3453 2293 Κελαδίωνι,
3525 2218 3799 2291 ἐκμετρεῖ
3843 2213 3899 2266 τὸ

2250 2322 2542 2397 βιώσιμον.
2604 2318 2782 2376 Ἀλλᾶ
2835 2317 2924 2373 καὶ
2980 2316 3176 2372 τούτου
3229 2315 3470 2387 τετάρτῳ
3527 2311 3627 2364 καὶ
3694 2305 3898 2374 δεκάτῳ

2245 2407 2355 2467 ἔτει
2384 2413 2482 2479 τήν
2515 2410 2660 2478 ζωήν
2694 2407 3154 2481 μεταλλάξαντος,
3192 2408 3292 2474 τὴν
3347 2398 3618 2475 διαδοχήν
3679 2399 3898 2468 Ἀγριπ-

2246 2505 2404 2560 πῖνος
2435 2497 2760 2570 ἐλάμϐανεν,
2807 2497 3028 2566 έννάτην
3075 2493 3219 2570 ἄγων
3266 2493 3372 2548 ἀπὸ
3414 2494 3522 2546 τῶν
3565 2482 3895 2543 ἀποστόλων

2249 2584 2539 2664 διαδογην.
2600 2586 2685 2641 Ἐν
2741 2583 2788 2639 δ’
2845 2583 3152 2659 Ἀντιοχείᾳ
3200 2581 3335 2655 μετὰ
3393 2579 3621 2652 Ἥρωνα
3675 2572 3894 2664 ⁸Κορντςς

2249 2675 2368 2738 λιος
2399 2657 2493 2737 τὰς
2539 2674 2684 2749 ἱεράς
2731 2672 2883 2744 ἡνίας
2930 2657 3325 2747 διεχειρίζετο·
3376 2666 3617 2740 πέμπτῳ
3669 2661 3732 2718 δὲ
3769 2657 3886 2732 μετᾶ

2247 2771 2436 2822 τοῦτον
2508 2766 2707 2840 βαθμῷ
2769 2770 2868 2833 τῆς
2935 2761 3304 2830 ἀποςτολικής
3360 2755 3660 2817 διαδόσεως
3722 2753 3889 2840 Ἔρως

2249 2836 2541 2916 ἐπίσκοπος
2609 2836 2952 2928 ἐγνωρίζετο.
3019 2853 3215 2912 "Exte:
3272 2847 3316 2903 δ’
3369 2847 3453 2902 ἐπ’
3509 2845 3706 2916 ἐκείνῳ
3767 2836 3887 2894 Θεό-

2249 2945 2410 3020 φιλος
2441 2939 2705 3018 διάδοχος
2733 2942 2821 3012 ἦν.
2861 2945 3060 2996 Τοῦτον
3093 2938 3138 2996 δ’
3181 2934 3416 3012 ἕϐδομος
3466 2935 3574 2990 ἀπὸ
3607 2938 3721 2988 τῶν
3769 2928 3891 2983 ἀπο·

2247 3032 2460 3088 στόλων
2512 3030 2818 3106 διαδέχεται
2879 3030 3205 3102 Μαξιμῖνος.
3263 3033 3379 3081 Τῶν
3440 3023 3486 3080 δ’
3545 3023 3601 3078 ἐν
3665 3023 3889 3094 Ἰεροσοο

2249 3122 2448 3194 λύμοις
2526 3120 2833 3176 ἐπισκόπων
2919 3119 3048 3181 τοὺς
3130 3117 3367 3195 χρόνους
3445 3114 3647 3183 ἥκιστα
3713 3107 3887 3185 γραφῆ

2251 3209 2606 3280 διασώζεσθαι
2665 3204 2907 3284 ἔγνωμεν
2941 3225 2955 3243 ⁶
3012 3202 3348 3287 βραχυϐίους
3400 3205 3501 3280 γὰρ
3569 3199 3771 3259 αὐτοὺς
3814 3214 3892 3287 τεο

2248 3301 2426 3358 νέσθαι
2479 3299 2641 3374 λόγος
2706 3293 2843 3375 ἔχει.
2923 3285 3307 3354 Πεντεκανίδεκα
3376 3296 3469 3368 μὲν
3536 3290 3630 3348 οὖν
3691 3285 3888 3375 αὐτοὺς

2249 3393 2287 3461 ἡ
2352 3373 2570 3464 ἱστορία
2629 3388 2681 3459 ἐξ
2735 3373 2991 3463 γάγρᾶφου
3052 3383 3384 3461 παρέδωκεν,
3453 3381 3546 3442 οὓς
3612 3373 3894 3451 Ἐϐραίους

2251 3479 2432 3549 ὄντας,
2478 3480 2715 3541 ἅπαντας
2756 3478 2819 3532 τὸ
2865 3477 3045 3554 χρεὼν
3093 3475 3502 3550 λειτουργῆσαι,
3551 3469 3620 3525 τὰ
3663 3464 3891 3554 Χριστῷ

2252 3568 2488 3645 γνησίως
2529 3566 2946 3640 ἀσπασαμένους
2971 3585 2982 3598 ·
3033 3567 3122 3621 καὶ
3171 3569 3456 3631 τοσοῦτον,
3505 3561 3584 3622 ὡς
3627 3557 3719 3614 καὶ
3751 3551 3892 3626 παρᾶ

2251 3661 2361 3712 τῶν
2412 3655 2669 3726 τηνικάδε
2698 3655 2790 3710 καὶ
2843 3654 2922 3717 εἰς
2972 3657 3074 3725 τήν
3123 3653 3388 3722 τοσαύτην
3439 3649 3756 3725 ἐγκριθῆναι
3802 3661 3891 3694 πε·

2255 3747 2492 3821 ριωπτίνο
2558 3746 2664 3813 Τὴν
2732 3747 2834 3818 γὰρ
2901 3748 3076 3798 πᾶσαν
3160 3740 3486 3812 Ἐκκλησίαν
3571 3734 3768 3815 σχεδὸν
3838 3729 3894 3783 έκ

2253 3820 2461 3891 πιστῶν
2520 3827 2786 3908 Ἐϐραίων
2857 3830 2963 3888 ἂπὸ
3030 3837 3140 3888 τῶν
3198 3829 3521 3887 ἀποστόλων
3577 3820 3889 3881 καθεστάναι

2253 3923 2560 4000 ἱστόρηται,
2625 3923 2714 3977 καὶ
2787 3923 2954 3998 μέχρι
3036 3921 3094 3978 δὲ
3155 3929 3255 3992 τῆς
3323 3917 3556 3987 ὑστάτης
3622 3911 3891 3988 διαρκέσαι

2253 4011 2603 4085 πολιορκίας.
2637 4012 2734 4066 Καὶ
2773 4013 2954 4067 τοίνυν
2995 4016 3105 4066 τῶν
3150 4010 3210 4067 ἐκ
3255 4013 3562 4084 περιτομῆς
3612 4000 3890 4059 ἐπιλελοι-

2256 4103 2436 4159 πότων
2501 4100 2801 4178 ἆρχιερέων
2870 4107 2989 4163 ταῖς
3053 4102 3190 4176 πρὸς
3260 4097 3548 4169 ἀλλήλους
3621 4088 3889 4178 Ἰουδαίων

2257 4192 2468 4247 στάσεσι
2533 4193 2621 4246 καὶ
2691 4185 3167 4267 φρενοϐλαϐείαις,
3237 4187 3433 4245 λοιπὸν
3495 4188 3557 4241 ἄν
3632 4182 3742 4252 εἴη,

2255 4280 2391 4336 κατᾶ
2445 4266 3060 4354 Χριστὸνγδεξαμένους
3125 4283 3346 4352 γνῶσιν,
3403 4275 3607 4331 ἄνωθεν
3665 4266 3888 4354 καταλέξ

2258 4369 2342 4441 ξαι
2373 4350 2595 4442 Πρῶτος
2642 4365 2822 4422 τοίνυν
2869 4350 3225 4435 Ἰάκωϐος-ἦν
3277 4366 3304 4419 ὁ
3349 4363 3446 4418 τοῦ
3491 4360 3694 4434 Κυρίου
3741 4350 3889 4429 λεγό-

2260 4477 2416 4532 μενος
2459 4453 2735 4534 ἀδελφόςο
2790 4457 2908 4528 μεθ’
2959 4456 3076 4529 μεθ’
3105 4455 3164 4510 ’ὸν
3205 4455 3274 4523 ἦν
3330 4450 3578 4527 δεύτερος
3610 4443 3882 4534 ῨΣυμειιξν

509 4542 793 4597 successit
823 4540 1072 4596 Marcus.
1105 4539 1209 4594 Tot
1236 4538 1651 4612 Hierosolymis
1680 4541 1752 4598 ab
1793 4543 1934 4615 ipsis
1966 4561 2139 4616 usque

2255 4529 2438 4621 τρίτος
2487 4529 2767 4606 Ἰοῦστοςο
2820 4550 3089 4620 Ζακχαῖος
3123 4541 3164 4599 δ’
3211 4540 3462 4617 πέμπτος
3505 4533 3755 4597 Τωϐίας·
3801 4529 3885 4621 ἔτι·

509 4631 787 4702 apostolis
834 4631 904 4685 ad
957 4645 1092 4684 eum
1141 4644 1312 4700 quem
1363 4629 1619 4687 diximus
1664 4629 1879 4690 Judam
1922 4650 1990 4690 ex
2022 4636 2139 4691 cir-

2253 4619 2348 4698 se:
2378 4634 2670 4708 Βενιαμίν.
2715 4619 2969 4705 Ἰωάννης
3015 4636 3074 4704 ζ’.
3127 4629 3320 4710 ὄγδοος
3369 4627 3648 4691 Ματθίας’
3700 4626 3742 4680 θ’
3788 4619 3880 4677 Φί-

510 4719 867 4777 cumcisione
916 4720 1154 4776 fuerunt
1201 4719 1479 4792 episcopi.
1527 4720 1815 4790 Totidem,
1866 4732 1926 4780 ut
1971 4738 2148 4796 expo-

506 4812 758 4875 suimus,
809 4809 1059 4865 aliarum
1102 4810 1491 4866 maximarum
1523 4809 1904 4871 ecclesiarum
1934 4813 2146 4886 guber-

509 4906 760 4957 natores.

2257 4725 2460 4786 λιππος
2492 4745 2505 4759 ο
2579 4722 2803 4786 δέκατος
2870 4722 3172 4784 Σεννέκαςο
3265 4718 3540 4780 ἑνδέκατος
3608 4718 3878 4774 Ἰοῦστος”

2255 4809 2436 4883 Λεϐὴς
2488 4811 2792 4875 δωδέκατος
2823 4831 2838 4847 ·
2908 4814 3114 4888 Ἐφρὴς
3159 4807 3599 4886 τρισκαιδέκατος
3635 4825 3648 4838 ·
3706 4817 3880 4858 τεσσα-

2261 4900 2671 4978 ρεηαιδὲκατος
2723 4903 2964 4978 Ἰωσήφ·
3012 4899 3100 4956 ἒπὶ
3150 4897 3208 4955 δὶ
3254 4900 3475 4959 τούτοις
3524 4893 3731 4956 Ἰούδας
3779 4909 3881 4945 πῖν’

505 4986 916 5049 τεκαιδέκατος·
974 4986 1066 5050 οὓς
1119 4987 1170 5058 ἐξ
1228 4987 1394 5044 ἐθνῶν
1456 4987 1592 5063 μετὰ
1645 4991 1746 5060 τήν
1813 4987 2018 5047 ἅλωσιν
2081 4986 2388 5068 διαδέχεται
2447 4993 2705 5068 Μάρκος.
2783 4996 3042 5047 Τοσοῦτοι
3105 4990 3199 5064 μὲν
3251 4989 3358 5045 ἀπὸ
3425 4991 3529 5043 τῶν
3581 4981 3881 5040 ἀποστόλων

508 5077 558 5141 ἐς
588 5079 676 5133 τὸν
709 5077 994 5151 εἰρημένον
1022 5076 1227 5135 Ἰούδαν
1273 5078 1556 5135 ἐπίσκοποι
1607 5079 1667 5135 ἐκ
1707 5088 2012 5155 περιτομῆς
2059 5079 2111 5138 ἐν
2162 5082 2570 5158 Ἱεροσολύμοις
2615 5083 2926 5161 γεγόνασιν.
2973 5081 3246 5144 Ὡσαύτως
3271 5077 3330 5135 δὲ
3356 5079 3448 5134 καὶ
3479 5078 3532 5133 οἱ
3576 5079 3689 5132 τῶν
3715 5071 3882 5130 ἄλλων

509 5171 777 5248 μεγίστων
807 5174 1132 5245 παροικιῶν.

577 5299 651 5369 (1)
680 5298 756 5354 Μ.
783 5297 966 5370 Elius
1004 5297 1332 5370 Antoninus
1361 5298 1768 5370 Philosophus,
1791 5305 1845 5355 et
1883 5299 1943 5356 L.
1967 5301 2149 5358 Elius

509 5369 865 5444 Commodus
895 5369 1097 5444 _Verus,
1149 5369 1276 5426 Divi
1327 5371 1552 5444 t'ratres,
1599 5369 1762 5442 itaque
1802 5375 1933 5442 jure
1963 5374 2148 5444 impe-

512 5441 662 5497 rium
696 5441 1178 5498 administrarunt
1207 5443 1378 5499 annis
1409 5444 1496 5497 11.
1533 5447 1605 5496 c1.
1637 5441 1966 5500 Antoniaus
1985 5441 2146 5501 solus

2259 5304 2431 5361 annis
2468 5303 2522 5372 4,
2555 5320 2689 5360 cum
2721 5301 3034 5360 Commodo
3067 5303 3186 5359 tilio
3220 5301 3422 5358 itidem
3454 5299 3628 5356 annis
3657 5297 3712 5354 4.

2329 5376 2411 5446 (2)
2439 5377 2553 5431 Alii
2582 5375 2918 5433 Zachariam
2949 5376 3276 5432 nominaut.

2328 5447 2410 5520 (3)
2435 5447 2548 5504 Alii
2576 5449 2702 5505 Levi
2732 5453 2961 5507 vocant.
