4032 6282
421 317 533 376 951

1720 321 2144 382 NICEPHORI
2189 323 2539 383 CALLlSTI

3711 320 3824 381 959.

421 451 598 506 etlam
630 455 720 508 est
757 452 1068 522 Antinous,
1100 455 1271 525 cujus
1301 461 1441 512 sunt
1472 454 1595 511 ludi
1627 455 1920 527 agonales,
1951 459 2054 511 An-

2179 453 2424 528 ἀγωγῆς,
2457 455 2549 509 καὶ
2604 459 2702 510 τοῦ
2760 455 2893 530 ὑπὲρ
2951 458 3049 525 τῆς
3090 455 3420 526 Ἐκκλησίας
3480 456 3678 526 ζήλου,
3734 455 3819 508 καί

420 539 589 595 tinoii
641 541 800 611 dicti,
843 547 901 598 et
947 547 1114 599 astate
1162 549 1365 601 nostra
1417 545 1550 602 acti.
1600 545 1810 602 Urbem
1855 545 2065 618 quippe

423 630 828 701 cognominem
879 631 932 687 ei
979 632 1274 690 Adrianus
1304 635 1579 690 condidit.
1617 655 1642 687 ι
1683 635 2066 707 Temporibus

423 733 655 789 quoque
684 721 790 787 eis,
822 720 943 790 pari
976 737 1111 777 cum
1144 721 1215 777 iis
1256 739 1404 794 quos
1450 724 1702 780 diximus
1733 725 1860 780 vita:
1891 723 2066 780 insti-

421 811 564 875 tuto,
598 808 833 880 parique
881 810 941 866 in
991 812 1293 868 ecclesiam
1335 815 1560 886 ardore,
1601 813 1907 871 Sardensis
1938 814 2066 886 epi-

422 912 628 967 scopus
677 897 870 952 Melito
917 900 1072 955 fuit:
1125 918 1301 972 quem
1341 903 1482 959 satis
1533 910 1688 976 patet
1732 921 1799 961 ea
1832 919 2064 975 quoque

429 989 593 1040 etate
623 985 904 1055 ﬂoruisse,
938 988 1156 1044 Iudicat
1204 990 1260 1046 id
1305 991 1561 1048 defensio
1590 993 1716 1063 ejus
1747 1009 1925 1064 quam
1960 1008 2062 1064 pro

2174 541 2424 598 Μελίτων
2474 550 2576 612 τῆς
2627 543 2680 599 ἐν
2735 542 2994 619 Σάρδεσιν
3042 543 3334 616 ἐκκλησίας
3395 544 3692 608 ἐπίσκοπος
3737 544 3817 611 ἦν.

2175 630 2354 701 Δῆλον
2388 629 2431 686 δ’
2468 633 2628 695 αὐτὸς
2669 633 2858 688 ἑαυτὸν
2907 634 3195 705 καθίστησι
3241 637 3356 689 κατ’
3387 634 3544 689 αὐτόν
3586 646 3647 707 γε
3691 637 3818 688 τοῦ-

2172 741 2264 776 τον
2299 721 2617 792 ὲνακμάζων
2651 723 2741 778 τὸν
2776 721 2978 798 χρόνον
3008 722 3069 778 ἒκ
3113 731 3214 794 τῆς
3263 725 3400 799 πρὸς
3429 723 3643 798 Οὖῆρον
3692 724 3818 777 ἄπο-

2175 809 2366 885 λογίας
2403 811 2536 885 ὑπὲρ
2566 816 2662 864 τοῦ
2692 813 2811 866 καθ’
2841 815 2990 885 ἡμᾶς
3024 811 3297 888 δόγματος
3321 833 3334 846 ·
3369 813 3406 882 ἢ
3457 813 3813 886 λαμπροτάτη

2176 897 2328 968 οὖσα,
2362 902 2450 953 καὶ
2499 901 2796 974 χρησίμως
2854 902 3004 976 μάλα
3049 901 3284 975 διέξεισι,
3344 907 3422 974 τῷ
3482 902 3677 973 ἀστείῳ
3729 900 3816 955 καὶ

2171 991 2380 1060 πιθανῷ
2409 989 2500 1044 τὸν
2536 989 2884 1062 ἀκροώμενον
2918 989 3187 1069 ἅγχουσα.

421 1075 751 1132 Christiano
783 1078 1059 1150 dogmate
1087 1081 1158 1137 ad
1191 1080 1402 1138 Verum
1435 1083 1689 1154 scripsit,
1734 1083 2092 1140 luculentam
2140 1081 2456 1136 admodum
2511 1086 2567 1137 et
2617 1084 2842 1153 utilem,
2892 1085 3168 1141 orationis
3217 1085 3546 1140 urbanitate
3595 1091 3649 1140 et
3694 1102 3814 1158 per-

421 1165 699 1221 suadendi
731 1168 940 1224 virtute
971 1169 1295 1226 auditorem
1327 1174 1574 1229 maxime
1609 1191 1842 1230 movens
1871 1179 2047 1244 atque
2071 1171 2356 1228 afﬁciens.

897 1277 1044 1332 261
1090 1279 1324 1336 CAPUT
1361 1280 1586 1338 XXVII.

424 1362 488 1418 Ut
517 1362 796 1444 Adrianus
841 1365 1017 1444 edicto
1054 1384 1152 1444 pro
1185 1367 1516 1444 Christiani:
1544 1373 1764 1442 publice
1789 1374 2064 1444 proposito

395 1500 402 1504 _
492 1438 744 1516 vetuerit,
778 1453 845 1492 ne
875 1440 936 1492 in
964 1438 1086 1509 nos,
1117 1439 1336 1496 indicta
1364 1451 1415 1497 et
1454 1438 1565 1499 ποτὶ
1595 1438 1840 1500 indicata
1869 1438 2060 1512 causa,

490 1513 802 1563 saeviretur.

490 1612 773 1666 Memoriae
851 1615 1148 1670 mandavit
1229 1617 1700 1688 sapientissimus
1773 1619 2058 1689 Justinus,

416 1697 738 1755 Adrianum
773 1717 874 1771 pro
905 1702 1250 1760 Christianis
1269 1705 1496 1764 litteras
1519 1725 1551 1763 a
1573 1709 1867 1765 Graniano
1891 1710 2062 1766 Sere-

422 1787 518 1842 nio
572 1789 640 1842 ad
696 1807 757 1844 se
806 1793 1052 1863 scriptas
1101 1794 1438 1866 accepisse:
1495 1798 1870 1870 periniquum
1918 1817 2066 1870 esse,
2099 1784 2142 1848 Β

422 1877 576 1947 quod
609 1875 694 1930 illi
728 1879 1119 1936 vociferationi
1151 1882 1350 1954 populi
1383 1885 1758 1954 donarentur,
1789 1887 2066 1960 nulloque

414 1965 578 2034 justo
611 1972 888 2036 praetextu
923 1969 1140 2025 indicta
1179 1988 1356 2028 causa
1406 1982 1768 2031 necarentur.
1803 1977 2068 2050 Quapro-

423 2057 549 2123 ptcr
596 2055 935 2126 rescriptum
990 2057 1035 2112 is
1085 2059 1156 2114 ad
1207 2059 1504 2119 Minitium
1549 2063 1890 2122 Fundanum
1921 2068 2066 2122 Asiae

423 2143 831 2211 proconsulem
885 2145 1130 2213 miserit,
1181 2151 1476 2208 neminem
1522 2153 1592 2209 de
1639 2161 1844 2212 caetero
1883 2158 2065 2213 occidi

413 2231 655 2301 jubens,
688 2234 800 2288 nisi
841 2233 1100 2306 legitima
1143 2238 1424 2311 justeque
1475 2245 1860 2312 praecessisset
1891 2263 2067 2302 accu—

423 2319 588 2376 satio.
633 2320 1121 2396 Rescriptumquc
1164 2326 1223 2381 id
1254 2327 1312 2382 in
1346 2329 1557 2386 librum
1593 2349 1761 2389 suum
1795 2335 1864 2390 de
1894 2337 2066 2392 verbo

421 2410 491 2464 ad
529 2413 770 2466 verbum
806 2413 1023 2482 retulit,
1057 2413 1177 2470 haec
1205 2419 1476 2486 przsfatus
1509 2438 1522 2474 :
1551 2442 1579 2471 «
1611 2421 1932 2480 Possumus
1964 2425 2069 2481 hoc

421 2515 455 2555 a
484 2500 646 2555 vobis
677 2516 746 2556 ex
777 2503 1066 2573 rescripto
1099 2505 1338 2560 maximi
1369 2515 1423 2564 ct
1458 2508 1846 2569 illustrissimi
1877 2514 2066 2570 Casa-

425 2588 508 2642 ris
540 2588 776 2644 Adriani
809 2591 994 2659 patris
1026 2593 1220 2659 vestri,
1270 2596 1368 2665 qui
1401 2597 1481 2652 ita
1522 2605 1582 2654 ut
1613 2617 1717 2672 per
1743 2603 2068 2675 supplicem

417 2673 688 2732 libellum
726 2679 1085 2750 rogavimus,
1103 2681 1326 2751 judicia
1354 2673 2026 2763 exercerijussiIJpetcre
2054 2724 2068 2761 ;

416 2765 594 2836 idque
625 2782 744 2851 non
801 2775 918 2822 tam
973 2771 1127 2840 quod
1181 2771 1253 2825 ab
1300 2774 1556 2831 Adriano
1587 2781 1926 2838 mandatum
1967 2784 2064 2851 sit,

416 2871 596 2925 quam
631 2849 780 2926 quod
811 2857 1033 2926 justam
1066 2876 1193 2916 esse
1235 2862 1574 2932 petitionem
1623 2875 1880 2926 nostram
1913 2849 2070 2929 scia-F

417 2957 579 2997 mus.
632 2944 1008 3014 Subjecimus
1057 2954 1246 3004 autem
1300 2951 1556 3021 epistola
1597 2956 1832 3014 Adriani
1865 2977 2066 3017 exem-

413 3028 598 3100 plum,
661 3042 718 3087 ut
770 3033 880 3087 hac
951 3051 1183 3105 quoque
1255 3044 1440 3107 parte,
1499 3044 1735 3100 veritate
1801 3064 1906 3102 nos
1961 3050 2066 3105 niti

2785 1283 3040 1339 ΚΕΦΔΛ.
3089 1285 3188 1337 KZ'
3199 1327 3212 1340 .

2173 1365 2270 1444 Ὦς
2331 1364 2676 1444 ’Δδριανὸς
2734 1367 3102 1444 ἐπιστολὴν
3176 1372 3338 1444 ὑπὲρ
3397 1373 3812 1444 Χριστιανῶν

2244 1435 2514 1510 ἔπεμπε,
2551 1437 2718 1495 ὥστε
2760 1443 2844 1514 μή
2885 1435 3173 1516 ἀκρίτως
3212 1435 3388 1516 ἡμᾶς
3425 1435 3744 1501 ἐλαύνειν.

2243 1618 2470 1692 Ἱστορεῖ
2499 1640 2560 1693 γε
2605 1623 2713 1692 μὴν
2756 1623 2784 1675 ὁ
2829 1624 3140 1698 σοφώτατος
3171 1625 3463 1687 Ἱουστῖνος
3511 1627 3645 1700 ὑπὲρ
3693 1633 3815 1701 Χρι-

2171 1712 2401 1762 στιανῶν
2456 1710 2757 1783 γράμματα
2807 1710 3092 1785 δεξάμενον
3139 1715 3235 1768 τὸν
3283 1713 3586 1790 Ἀδριανὸν,
3620 1716 3694 1777 ὡς
3745 1718 3819 1788 μὴ

2175 1793 2386 1852 δίκαιον
2439 1799 2569 1852 εἶναι
2632 1801 2736 1874 βοῇ
2787 1797 2970 1875 δήμου
3021 1803 3438 1877 χαριζομένους,
3480 1802 3565 1859 ἐπ’
3597 1802 3822 1877 οὐδεμιᾷ

2175 1887 2441 1964 προφάσει
2492 1886 2726 1958 ἂκρίτως
2776 1891 3004 1946 κτείνειν
3048 1892 3267 1955 αὐτούς.
3304 1896 3591 1967 Γρανιανὸς
3629 1893 3686 1948 δὲ
3734 1900 3822 1948 Σε-

2173 1976 2372 2050 Ρέννιος
2405 1979 2432 2033 ὁ
2479 1981 2546 2034 τὰ
2591 1980 2895 2056 γράμματα
2953 1979 3404 2058 διαπεμψάμενος
3443 1985 3536 2055 ll",
3568 1986 3824 2060 ἀντιγρά-

2173 2068 2270 2138 ψαι
2320 2068 2556 2142 Καίσαρα
2602 2071 2883 2144 Μινουκίῳ
2929 2070 3225 2146 Φουνδάνῳ
3278 2081 3377 2143 τῆς
3421 2075 3606 2137 Ἀσίας
3669 2073 3823 2129 ἀνθυ-

2173 2161 2489 2225 πατεύοντι,
2543 2156 2750 2230 μηδένα
2811 2161 3039 2216 κτείνειν
3098 2161 3544 2238 ἐγκελευόμενον,
3593 2163 3821 2238 εὐλόγου

2181 2247 2256 2318 μή
2311 2248 2735 2321 προηγουμένης
2786 2253 3137 2327 κατηγορίας.
3171 2252 3274 2308 Καὶ
3325 2254 3494 2322 αὐτὴν
3541 2251 3587 2308 δ’
3617 2253 3822 2324 ἐκείνην

2173 2336 2272 2404 τὴν
2302 2333 2620 2406 ἓπιστολῆν,
2655 2338 2728 2400 ὡς
2772 2338 2887 2414 εἶχε
2944 2337 3162 2410 λέξεως,
3195 2344 3529 2416 προστίθησι
3575 2347 3653 2415 τῷ
3700 2364 3826 2416 συγ-

2171 2425 2479 2497 γράμματι,
2513 2430 2682 2481 ταῦτα
2719 2427 3008 2503 προλέγων
3039 2429 3227 2493 αὐτοῖς
3249 2450 3261 2462 ·
3296 2455 3325 2483 (ι
3359 2433 3468 2488 Καὶ
3516 2430 3569 2502 ἐξ
3611 2431 3828 2486 Eme-ro-

2176 2511 2278 2581 λῆς
2331 2511 2389 2568 δὲ
2434 2514 2602 2570 ταῦτα
2652 2520 2749 2571 τοῦ
2796 2517 3054 2594 μεγίστου
3101 2520 3190 2575 καὶ
3244 2519 3666 2600 ἐπιφανεστάτου
3698 2522 3828 2575 Καί-

2176 2621 2338 2675 σαρος
2372 2601 2660 2676 Ἀδριανοῦ
2701 2609 2798 2659 τοῦ
2844 2606 3049 2681 πατρὸς
3102 2608 3252 2680 ὑμῶν
3305 2606 3522 2684 ἔχοντες
3575 2609 3824 2664 ἀπαιτεῖν

2179 2692 2353 2763 ὑμᾶς·
2389 2692 2526 2748 καθὰ
2578 2694 2890 2768 ἠξιώσαμεν
2946 2694 3198 2752 κελεῦσαι
3253 2698 3349 2760 τὰς
3407 2699 3613 2772 κρίσεις
3669 2699 3824 2773 γενέ-

2175 2782 2318 2852 σθαι,
2348 2785 2508 2837 τοῦτο
2541 2781 2644 2858 οὐχ
2675 2784 2749 2846 ὡς
2803 2785 2904 2840 ὑπὸ
2936 2783 3222 2859 ’Δδριανοῦ
3268 2789 3553 2844 κελευσθὲν
3607 2787 3823 2861 μᾶλλον

2174 2869 2524 2944 ἠξιώσαμενο
2585 2871 2714 2927 ἀλλ’
2743 2871 2802 2928 ἒκ
2858 2878 2954 2929 τοῦ
3011 2875 3322 2932 ἐπίστασθαι
3380 2875 3586 2933 δικαίαν
3640 2880 3819 2952 ἀξιοῦν

2174 2959 2273 3026 τὴν
2321 2961 2729 3032 προσφώνησιν.
2780 2963 3136 3036 Ὑπετάξαμεν
3185 2961 3242 3020 δὲ
3302 2966 3392 3021 καὶ
3447 2973 3549 3036 τῆς
3603 2967 3818 3022 ἐπιστο-

2178 3045 2282 3114 λῆς
2313 3044 2598 3121 Ἀδριανοῦ
2629 3051 2691 3104 τὸ
2721 3050 3030 3125 ἀντίτυπον,
3056 3052 3145 3108 ’ίνα
3173 3055 3271 3108 κάν
3316 3055 3494 3128 τούτῳ
3530 3055 3809 3124 ἀληθεύειν

414 3121 805 3190 cognoscatis.
842 3123 979 3186 Quae
1027 3125 1272 3194 epistola
1311 3143 1378 3181 ex
1418 3127 1673 3187 Romana
1701 3134 1760 3190 in
1801 3135 2054 3194 Grecam

2173 3138 2322 3208 ἡμᾶς
2379 3136 2702 3212 γνωρίζητε.
2738 3140 2836 3195 Καὶ
2897 3121 3032 3212 αὕτη
3093 3141 3152 3198 ἒκ
3205 3121 3523 3216 Ῥωμαϊκῆς
3583 3145 3660 3208 εἷς
3717 3148 3812 3214 τήν

415 3207 677 3278 linguam
711 3210 1017 3280 translata,
1046 3212 1197 3268 hanc
1227 3217 1632 3288 complectitur
1664 3229 2014 3282 sententiam
2041 3245 2056 3285 :

411 3296 706 3352 Adrianus
771 3298 960 3354 Caesar
1025 3301 1267 3359 Minutio
1342 3305 1644 3366 Fundano.
1714 3312 1958 3370 Litteras
2023 3336 2056 3374 a

410 3385 645 3441 Serenio
694 3387 1010 3456 Graniano,
1057 3391 1173 3447 viro
1226 3392 1576 3468 clarissimo,
1614 3400 1704 3457 cui
1735 3407 1797 3458 tu
1829 3403 1886 3459 in
1919 3423 2055 3478 pro-

409 3475 600 3530 vincia
659 3479 1016 3546 successisti,
1076 3483 1425 3553 accepimus.
1486 3487 1838 3560 Inquirenda
1886 3475 2054 3553 nobis

408 3581 498 3620 res
552 3581 790 3635 prorsus
841 3583 966 3623 esse
1009 3570 1256 3643 videtur,
1301 3590 1372 3629 ne
1403 3575 1670 3636 homines
1717 3579 2055 3642 innocentes

408 3656 840 3723 opprimantur,
890 3674 1031 3714 neve
1073 3659 1600 3722 calumniatoribus
1631 3672 1856 3728 occasio
1887 3690 2050 3745 gras-

405 3744 574 3798 sandi
625 3745 964 3815 praebeatur.
1017 3751 1178 3814 Quod
1227 3752 1274 3808 si
1323 3756 1704 3825 provinciales
1743 3762 1826 3817 tui
1857 3744 2049 3833 perse-

405 3833 672 3888 cutiones
703 3835 983 3892 adversus
1013 3837 1372 3899 Christianos
1423 3861 1556 3902 suas
1609 3864 1879 3920 processu
1913 3855 2052 3928 legi-

403 3922 547 3976 timo
603 3939 706 3993 pro
758 3924 1037 3982 tribunali
1086 3931 1328 3999 probare
1378 3945 1646 4007 possunt,
1699 3957 1877 3998 unam
1919 3922 2049 4000 eam

404 4017 723 4081 sequantur
772 4013 948 4081 viam,
1011 4033 1201 4088 neque
1249 4021 1390 4078 solis
1443 4025 1826 4094 petitionibus
1875 4037 2050 4105 atque

403 4098 914 4157 vociferationibus
947 4108 1203 4161 utantur.
1243 4107 1308 4164 In
1334 4109 1536 4176 primis
1569 4115 1726 4171 enim
1759 4098 2048 4189 convenit,

401 4188 579 4258 siqui
630 4189 702 4244 ad
752 4195 1139 4249 accusandum
1188 4198 1460 4254 accedere
1492 4202 1690 4272 velint,
1733 4213 1786 4260 te
1814 4188 2048 4266 causam

399 4277 655 4348 legitime
699 4296 1060 4352 cognoscere.
1107 4286 1305 4357 itaque
1349 4289 1398 4343 si
1451 4292 1583 4360 quis
1627 4309 1725 4350 eos
1754 4295 2042 4368 detulerit,

399 4373 575 4436 atque
622 4369 941 4436 probaverit
988 4379 1192 4429 contra
1242 4375 1401 4448 leges
1447 4381 1764 4452 quidquam
1795 4389 2048 4445 commi—

400 4454 565 4523 eisse,
600 4463 656 4510 tu
684 4474 785 4527 pro
818 4459 1010 4515 delicti
1047 4463 1326 4533 qualitate
1357 4465 1435 4523 ita
1465 4471 1815 4529 sententiam
1848 4477 2044 4533 adver-

398 4558 500 4596 sus
532 4558 630 4598 eos
663 4544 827 4614 feres,
863 4552 927 4603 ut
970 4550 1322 4621 mehercule,
1375 4555 1476 4624 qui
1525 4556 1834 4617 calumnia
1863 4580 2041 4622 causa

397 4630 615 4686 crimen
649 4632 918 4705 cuiquam
965 4637 1285 4697 intendisse
1334 4651 1665 4716 compertus
1705 4651 1900 4722 fuerit,
1930 4671 2035 4727 pro

397 4719 664 4775 maleﬁcii
693 4724 974 4794 gravitate
1005 4728 1062 4782 in
1091 4742 1222 4784 eum
1255 4730 1445 4788 modis
1474 4737 1750 4795 omnibus
1780 4719 2037 4799 anim-ad-

394 4813 604 4868 vortas.
640 4835 668 4862 »
720 4811 1087 4889 Rescriptnm
1137 4819 1374 4879 Adriani
1421 4841 1526 4896 pro
1575 4827 1747 4886 nobis
1787 4831 2034 4903 editum,

393 4901 506 4956 tale
539 4901 668 4958 fuit.

858 5012 1009 5069 202
1051 5013 1272 5073 CAPUT
1310 5019 1570 5078 XXVIII.

388 5096 799 5188 [διείςιιςοιςεεοινε⁸
822 5103 1055 5186 Διίνίρηί
1097 5105 1400 5188 Antonino,
1451 5119 1513 5165 ut
1536 5117 1588 5188 et
1618 5115 1732 5181 ipse
1762 5120 2033 5188 pre/actis

460 5170 523 5224 in
550 5172 677 5225 Asia
705 5171 1149 5250 suisgcripgrit,
1199 5183 1252 5232 et
1291 5170 1721 5250 persecutionem
1751 5170 2033 5246 Misi};

458 5258 658 5297 norum
679 5245 1044 5315 prohibuerit.

462 5345 771 5418 Postquam
823 5368 952 5408 vero
1001 5350 1051 5407 is
1104 5369 1219 5409 uno
1263 5361 1320 5411 et
1350 5357 1552 5430 viginti
1585 5364 1756 5419 anuis
1789 5365 2029 5438 imperio

391 5433 793 5495 administrate
826 5447 1043 5497 natura:
1075 5443 1334 5500 debitum
1369 5450 1665 5519 persolvit,
1701 5433 2030 5513 Antoninus

394 5522 528 5576 Pius
558 5523 607 5577 ei
639 5535 919 5586 successit
951 5547 963 5585 :
1000 5531 1072 5586 ad
1113 5548 1284 5602 quem
1317 5541 1374 5590 et
1405 5539 1474 5592 ad
1509 5546 1778 5598 senatum
1817 5545 2028 5602 Roma-

392 5624 529 5667 num
561 5613 825 5673 lustinus
853 5627 1232 5677 memoratam
1266 5625 1633 5700 Apologiam,
1664 5629 2028 5693 Christianos

2169 3221 2509 3294 Ἑλληνικὴν
2567 3223 2790 3300 δύναμιν
2869 3229 3313 3308 μεταληφθεῖσα*
3362 3231 3635 3308 ’Δδριανὸς
3690 3241 3816 3289 Καῖ-

2169 3333 2270 3388 σαρ
2300 3315 2584 3388 Μινουκίῳ
2637 3315 2932 3392 Φουνδάνῳ
2957 3341 2970 3355 '
3021 3320 3318 3392 ἐπιστολήν
3350 3320 3640 3397 ἐνδεξάμην
3671 3346 3814 3401 γρα-

2168 3404 2351 3480 φεῖσαν
2415 3426 2508 3476 μοι
2556 3405 2660 3460 ἀπὸ
2726 3410 3006 3482 Σερεννίου
3073 3415 3364 3486 Γρανιανοῦ
3424 3412 3815 3488 λαμπροτάτου

2167 3490 2385 3567 ἀνδρὸς,
2417 3492 2599 3550 ὅντινα
2642 3497 2704 3550 σὺ
2756 3495 2994 3572 διεδέξω.
3019 3500 3091 3556 Οὐ
3141 3500 3297 3558 δοκεῖ
3327 3523 3421 3576 μοι
3453 3501 3543 3558 οὖν
3575 3505 3634 3559 τὸ
3671 3509 3812 3578 πρᾶο

2161 3603 2277 3657 γμα
2307 3582 2578 3654 ἀζήτητον
2609 3585 2954 3660 καταλιπεῖν,
2981 3587 3072 3644 ’ίνα
3105 3593 3245 3662 μήτε
3293 3592 3345 3646 οἱ
3393 3591 3670 3667 ἄνθρωποι
3712 3615 3810 3649 ται

2165 3671 2487 3746 ράττωνται,
2545 3674 2635 3730 καὶ
2691 3681 2806 3738 τοῖς
2861 3679 3214 3756 συκοφάνταις
3273 3681 3514 3758 χορηγία
3570 3703 3809 3758 κακουρο

2161 3759 2277 3836 γίας
2314 3763 2390 3833 μὴ
2422 3766 2769 3842 παρασχεθῇ.
2803 3765 2866 3822 Εἰ
2912 3771 3042 3842 γοῦν
3087 3773 3271 3846 σαφῶς
3323 3771 3400 3832 εἰς
3447 3770 3647 3842 ταύτην
3705 3775 3806 3842 τήν

2162 3847 2380 3919 ἀξίωσιν
2416 3852 2466 3905 οἱ
2498 3851 2837 3927 ἐπαρχιῶται
2889 3852 3136 3914 δύνανται
3191 3855 3619 3934 διισχυρίζεσθαι
3669 3863 3806 3916 κατᾶ

2159 3942 2266 3992 τῶν
2302 3946 2664 4014 Χριστιανῶν,
2696 3943 2770 4005 ὡς
2811 3945 2899 3999 καὶ
2939 3946 3045 4020 πρὸ
3097 3948 3345 4022 βήματος
3392 3948 3806 4024 ἀποκρίνασθαι,

2159 4023 2245 4082 ἒπί
2295 4033 2456 4084 τοῦτο
2501 4031 2664 4102 μόνον
2712 4040 3012 4108 τραπῶσιν,
3045 4036 3173 4093 ἀλλ’
3203 4036 3307 4094 οὒκ
3346 4038 3647 4113 ἀξιώσεσιν,
3685 4041 3810 4098 οὐδὶ

2162 4117 2325 4189 μόνον
2383 4121 2574 4195 βοαῖςο
2625 4122 2822 4196 πολλῷ
2867 4126 2969 4200 γὰρ
3022 4126 3236 4200 μᾶλλον
3287 4136 3584 4202 προῆκεν,
3627 4131 3674 4185 εἶ
3721 4153 3808 4194 τις

2157 4214 2486 4282 κατηγορεῖν
2538 4210 2822 4284 βούλοιτο,
2869 4216 3028 4270 τοῦτό
3074 4236 3132 4271 σε
3177 4213 3570 4294 διαγινώσκειν.
3603 4218 3678 4277 Εἴ
3722 4243 3808 4286 τις

2156 4294 2248 4350 οὖν
2305 4304 2598 4375 κατηγορεῖ
2647 4302 2737 4356 καὶ
2797 4299 3033 4359 δείκνυσί
3088 4327 3142 4360 τι
3199 4307 3344 4382 παρᾶ
3389 4311 3517 4370 τοὺς
3590 4308 3798 4384 νόμους

2151 4384 2511 4457 πράττοντας,
2570 4387 2743 4455 οὕτως
2803 4393 2954 4463 ὅριζε
3024 4396 3162 4450 κατᾶ
3228 4397 3330 4466 τήν
3407 4395 3634 4472 δύναμιν
3704 4404 3802 4454 τοῦ

2150 4473 2550 4550 ἁμαρτήματος
2577 4497 2589 4510 ·
2643 4479 2718 4541 ὡς
2769 4480 2845 4555 μὰ
2892 4483 2983 4538 τὸν
3015 4484 3287 4560 Ἡρακλέα
3335 4485 3391 4542 εἴ
3419 4508 3504 4550 τις
3535 4490 3802 4568 συκοφαν-

2147 4561 2266 4624 τίας
2325 4565 2487 4639 χάριν
2542 4571 2702 4624 τοῦτο
2769 4573 3060 4645 προτείνει,
3119 4569 3455 4650 διαλαμϐανε
3517 4578 3650 4653 ὑπὲρ
3696 4585 3801 4647 τῆς

2151 4649 2491 4724 δεινότητος·
2551 4657 2642 4712 καὶ
2698 4655 2948 4737 φρὸντιζε
3014 4661 3205 4734 οὕτως,
3249 4649 3398 4728 ὅπως
3457 4665 3518 4721 ἂν
3576 4663 3796 4737 ἐκδικῆ-

2148 4761 2314 4804 σειας.
2353 4767 2379 4794 ι»
2421 4745 2518 4799 Καὶ
2569 4745 2634 4800 τὰ
2669 4747 2765 4820 μὶν
2820 4756 2920 4819 τῆς
2975 4751 3106 4825 ὑπὲρ
3136 4754 3297 4827 ἡμῶν
3328 4762 3540 4832 γραφῆς
3571 4753 3799 4830 ’Δόρια-

2148 4850 2248 4885 νου
2280 4852 2522 4892 τοιαυτα.

2751 5049 3004 5104 ΚΕΦΔΛ.
3050 5049 3174 5107 ΚΗ’.

2147 5130 2300 5210 Περὶ
2348 5135 2481 5210 ’τοῦ
2546 5137 2708 5210 μετ’,
2736 5133 3076 5210 Ἀδριανὸν
3115 5139 3532 5208 Ἀντωνίνου,
3563 5141 3645 5204 ὡς
3683 5140 3795 5196 καί

2213 5201 2410 5283 αὐτ-ὸς
2447 5201 2634 5283 μτοῖς
2689 5205 2752 5283 ἐν
2804 5201 3431 5283 ῘᾹσίᾳᾹὲπὲστελλε,
3484 5201 3590 5269 τ’ὸν
3630 5201 3792 5268 καθ’

2214 5275 2400 5345 ¹ἡμῶν
2444 5272 2752 5351 διωγμὸν
2793 5272 3242 5342 ἀναστέλλων.

2217 5379 2367 5434 Ἐπεὶ
2427 5379 2472 5436 δ’
2515 5381 2716 5448 ἐκεῖνος
2770 5386 2903 5458 μετᾶ
2959 5391 3178 5463 πρῶτον
3238 5391 3330 5445 καὶ
3388 5391 3626 5448 εἰκοστὸν
3684 5397 3788 5460 τῆς

2141 5468 2324 5545 ἀρχῆς
2372 5463 2490 5532 ἔτος
2551 5474 2615 5527 τὸ
2682 5475 2861 5548 χρεὼν
2913 5473 3346 5553 ἐλειτούργησαν,
3395 5484 3710 5541 Ἀντωνῖνος
3756 5480 3786 5532 ὃ

2142 5561 2294 5628 Πῖος,
2328 5557 2372 5630 ᾧ
2425 5559 2515 5614 καὶ
2572 5557 2818 5634 Εὐσεϐὴς
2857 5562 3146 5633 ἐπίκλησις
3201 5567 3287 5641 ἦν,
3332 5570 3433 5640 τήν
3486 5569 3788 5639 Ῥουμαίων

2138 5645 2322 5725 ἀρχὴν
2382 5647 2767 5719 ὑ’ττοξθιειδννυτσιιο
2819 5654 2962 5729 Πρὸς
3027 5656 3086 5711 ὃν
3140 5659 3243 5728 την
3295 5660 3696 5733 προειρημένην
3754 5658 3785 5710 ὁ
