4032 6282
170 368 292 431 953

1159 369 1772 432 ECCLESIASTICIE
1814 371 2205 434 HlSTOBl/E
2246 372 2395 433 LIB.
2441 368 2549 429 ΙΙΙ.

3460 360 3580 421 9M

171 505 475 562 Ἰουστῖνος
511 501 601 555 καὶ
649 504 718 574 τῇ
765 499 1058 574 συγκλήτῳ
1106 502 1295 580 γράφει
1347 502 1641 577 ἀπολογίαν
1694 503 1825 576 ὑπὲρ

1940 507 2272 569 defendens,
2306 499 2669 573 conscripsit.
2693 501 2739 554 A
2765 515 2882 570 quo
2913 496 3030 562 ille,
3063 498 3120 551 et
3148 494 3326 552 simul
3356 493 3428 551 ab
3450 491 3579 548 aliis

171 594 364 662 ἡμῶν,
420 592 531 667 Ὑφ’
579 592 644 659 ἧς
677 591 704 644 6
748 589 1003 663 βασιλεὺς
1051 591 1309 664 κινηθεὶς,
1360 592 1449 647 καὶ
1502 593 1586 668 ὑφ’
1634 593 1827 666 ἑτέρων

175 678 373 735 ἄλλων
421 678 696 735 πλείστων
741 676 993 756 ἀδελφῶν
1051 686 1160 735 τῶν
1210 681 1296 735 ἐπὶ
1346 685 1449 747 τῆς
1497 681 1678 743 Ἀσίας
1729 682 1829 736 ὑπὸ

172 773 290 825 τῶν
323 767 642 844 ἐπιχωρίων
677 766 891 841 δήμων,
935 771 1229 843 σκώμμασι
1268 771 1356 825 καὶ
1391 765 1579 845 ὕϐρεσι
1630 769 1828 826 διατω-

175 861 497 935 θαζομένων
528 861 602 921 ὡς
648 858 906 934 μάλιστα,
956 866 1035 933 τῷ
1081 866 1247 934 κοινῷ
1284 866 1382 927 τῆς
1429 862 1608 926 Ἀσίας
1652 859 1830 937 διεχά-

175 970 348 1024 ραττε
395 947 731 1025 γράμματα·
765 947 798 1004 ἃ
850 947 916 1020 δή
966 951 1056 1005 καὶ
1106 950 1260 1014 αὐτὰ,
1313 952 1388 1014 ὡς
1440 951 1561 1029 εἶχε
1610 950 1828 1023 λέξεως,

174 1042 248 1111 τῇ
311 1042 597 1117 συγγραφῇ
656 1040 1083 1113 παραθήσομαι·
1151 1066 1170 1091 ο
1210 1039 1578 1113 Αὐτοκράτωρ
1627 1045 1829 1114 Καῖσαρ

178 1127 404 1203 Μάρκος
461 1127 743 1202 Αὐρήλιος
799 1132 1117 1190 Ἀντωνῖνος
1175 1124 1468 1198 Σεϐαστὸς,
1518 1128 1826 1204 Ἀρμένοις,

176 1218 469 1292 ἀρχιερεὺς
531 1218 806 1293 μέγιστος,
866 1215 1222 1292 δημαρχικῆς
1285 1219 1530 1291 ἐξουσίας
1584 1219 1646 1273 τὸ
1693 1221 1832 1291 πέμ-

176 1326 319 1361 πτον
363 1305 455 1359 καὶ
502 1305 565 1361 τὸ
623 1303 865 1374 δέκατον,
924 1305 1126 1369 ὕπατος
1173 1307 1235 1362 τὸ
1284 1307 1487 1381 τρίτον,
1539 1312 1619 1380 τῷ
1667 1311 1832 1378 κοινῷ

175 1402 282 1463 τῆς
315 1394 495 1456 Ἀσίας
526 1393 759 1470 χαίρειν.
802 1394 945 1471 Ἐγὼ
990 1396 1085 1468 μὶν
1124 1395 1229 1451 οἷδ’
1268 1397 1348 1451 δτι
1392 1397 1481 1451 καὶ
1522 1402 1637 1457 τοῖς
1686 1399 1830 1459 θεοῖς

179 1481 443 1555 ἒπιμελές
500 1481 609 1538 ἔστι
668 1485 744 1555 μή
799 1482 1073 1539 λανθάνειν
1122 1486 1246 1548 τοὺς
1314 1486 1620 1548 τοιούτους.
1683 1485 1830 1540 Πολὺ

176 1574 285 1649 γᾶρ
333 1570 545 1645 μᾶλλον
588 1570 788 1627 ἐκεῖνοι
830 1572 1117 1630 κολάσαιεν
1159 1575 1219 1629 ἄν
1263 1575 1390 1637 τοὺς
1433 1576 1508 1647 μὴ
1564 1572 1834 1650 βουλομέ-

181 1684 313 1723 νους
372 1661 555 1725 αὐτοῖς
609 1668 929 1735 προσκυνεῖν
985 1663 1022 1733 ἢ
1071 1664 1250 1738 ὑμεῖς,
1304 1664 1396 1728 οὓς
1448 1665 1525 1727 εἲς
1579 1666 1829 1740 ταραχὴν

185 1747 522 1824 ἐμϐάλλετε,
574 1746 920 1826 βεϐαιοῦντες
976 1754 1077 1822 τὴν
1144 1755 1372 1829 γνώμην
1428 1753 1602 1810 αὑτῶν
1659 1755 1831 1829 ἤνπερ

180 1836 381 1915 ἕχοὺσι
424 1839 546 1913 περὶ
599 1840 752 1914 ὑμῶν
806 1842 879 1903 ὡς
922 1841 1090 1896 ἀθέων
1138 1846 1594 1919 κατηγοροῦντες.
1639 1840 1742 1913 Εἷη
1785 1839 1832 1896 δ’
1862 1884 1908 1948 Β

192 1929 218 1948 ν
356 1929 370 1948 ,
449 1930 462 1948 ι
667 1932 680 1946 .
790 1931 804 1948 ι
967 1933 981 1948 ι
1059 1930 1084 1948 θ
1184 1937 1208 1948 ..
1666 1932 1677 1948 .

188 1929 251 1985 ἄν
309 1929 577 1993 κάκείνοις
632 1931 868 2005 αἱρετὸν,
926 1933 989 1987 τὸ
1056 1930 1235 1987 δοκεῖν
1299 1932 1831 2008 κατηγορουμένους,

182 2019 438 2073 τεθνάναι
468 2017 705 2091 μᾶλλον,
730 2020 766 2089 ἢ
800 2022 919 2092 ζῇν,
955 2021 1085 2095 ὑπὲρ
1118 2025 1215 2076 τοῦ
1246 2023 1451 2077 οἰκείου
1488 2026 1641 2077 Θεοῦ.
1674 2024 1829 2077 Ὅθεν

184 2108 278 2163 καὶ
309 2108 501 2165 νικῶσι
541 2109 860 2183 προϊέμενοι
900 2111 996 2172 τὰς
1047 2112 1249 2166 ἑαυτῶν
1278 2112 1481 2189 ψυχὰς,
1523 2108 1663 2184 ἤπερ
1710 2133 1832 2166 πει·

189 2197 418 2268 θόμενοι
478 2199 560 2260 οἷς
611 2196 823 2267 ἀξιοῦτε
866 2201 1119 2273 πράττειν
1175 2199 1380 2261 αὑτοῖς.
1447 2200 1575 2275 Περὶ
1623 2197 1681 2255 δέ
1723 2206 1830 2255 τῶν

188 2290 435 2358 σεισμῶν
480 2291 588 2340 τῶν
636 2288 942 2364 γεγονότων
984 2289 1067 2343 καὶ
1125 2286 1425 2364 γινομένων
1477 2291 1579 2345 οὐκ
1625 2289 1829 2345 ἄτοποι

191 2377 337 2449 ὑμᾶς
374 2377 684 2451 ὑπομνῆσαι
722 2380 1061 2452 ἀθυμοῦντας
1102 2381 1331 2455 ὅτανπερ
1374 2383 1496 2448 ὦσι,
1545 2377 1831 2457 παραϐάλ-

191 2466 389 2528 λοντας
439 2465 497 2523 δὲ
542 2469 609 2522 τά
655 2468 895 2546 ἡμέτερα
938 2472 1074 2545 πρὸς
1121 2473 1185 2526 τὰ
1234 2472 1467 2529 ἐκείνων.
1500 2475 1563 2529 Οἱ
1596 2475 1692 2548 μὲν
1738 2472 1829 2528 οὑν

187 2555 778 2633 εὑπαρῥησιαστότεροι
826 2559 1064 2635 γίνονται
1113 2564 1248 2636 πρὸς
1292 2563 1382 2617 τὸν
1451 2562 1580 2618 Θεόν
1617 2582 1629 2594 ·
1681 2564 1835 2636 ὑμεῖς

190 2644 250 2701 δὲ
280 2647 432 2721 παρά
470 2646 640 2702 πάντα
682 2648 774 2703 τὸν
814 2649 1014 2724 χρόνον
1058 2651 1179 2705 καθ’
1228 2652 1287 2705 ’ὀν
1337 2652 1548 2727 ἀγνοεῖν
1602 2649 1832 2719 δοκεῖτε,

184 2739 295 2791 τῶν
336 2755 397 2790 τε
436 2736 570 2792 θεῶν
608 2738 837 2793 καὶτῶν
875 2737 1065 2795 ἄλλων
1100 2738 1377 2812 ἀμελεῖτε,
1417 2740 1506 2795 καὶ
1549 2748 1650 2811 τῆς
1699 2744 1834 2815 θρη-

183 2823 372 2888 σκείας
410 2832 513 2896 τῆς
547 2826 673 2902 περὶ
711 2828 801 2882 τὸν
847 2830 1130 2899 ἀθάνατον,
1174 2830 1233 2884 ’ὸν
1287 2827 1353 2898 δὴ
1402 2829 1528 2892 τοὺς
1576 2832 1832 2905 Χριστια·

186 2913 315 2978 νοὺς
362 2915 758 2988 θρησκεύοντας
819 2916 1066 2973 έλάύνετε
1108 2920 1199 2973 καὶ
1250 2917 1473 2974 διώκετε
1520 2917 1624 2983 ’ἑως
1673 2921 1830 2975 θανά-

184 3024 303 3061 του.
340 3005 500 3080 Ὑπὲρ
533 3002 590 3059 δὲ
616 3009 726 3060 τῶν
756 3005 1024 3062 τοιούτων
1056 3006 1165 3078 ἤδη
1199 3009 1288 3063 καὶ
1320 3008 1524 3064 πολλοὶ
1555 3014 1661 3063 τῶν
1708 3009 1831 3082 περὶ

184 3094 278 3155 τὰς
310 3091 580 3168 ἐπαρχίας
610 3096 891 3169 ἡγεμόνων
918 3097 1009 3151 καὶ
1036 3101 1116 3168 τῷ
1158 3099 1422 3171 θειοτάτῳ
1470 3100 1630 3170 ἡμῶν
1675 3093 1832 3175 ἔγρα-

186 3186 291 3257 ψαν
332 3182 497 3258 πατρί
524 3200 538 3214 ⁶
591 3185 675 3247 οἷς
723 3184 812 3239 καὶ
862 3184 1157 3260 ἀντέγραψε
1199 3184 1369 3260 μηδὲν
1413 3186 1666 3265 ἐνοχλεῖν
1712 3192 1828 3251 τοῖς

1939 592 2389 664 quamplurimis
2438 590 2739 656 fratribus,
2789 587 2881 658 qui
2937 603 2969 642 a
3018 582 3472 657 provincialibus
3519 581 3577 636 in

1938 683 2074 738 Asia
2103 681 2377 738 conviciis
2423 684 2481 735 et
2526 678 2757 749 injuriis
2807 676 3084 749 gravibus
3115 671 3581 729 contumeliosis-

1937 773 2086 829 sime
2132 770 2596 844 exagitabantur,
2644 771 2959 840 permotus,
2990 764 3215 819 litteras
3248 760 3477 834 publice
3507 759 3577 815 ad

1938 863 2084 919 Asiae
2115 862 2360 935 populos
2388 862 2568 922 dedit,
2600 876 2741 931 quas
2791 858 2993 914 itidem
3046 856 3117 911 ad
3147 855 3390 909 verbum
3422 851 3576 906 inse-

1945 969 2071 1007 rere
2102 951 2356 1007 historiaa
2388 958 2596 1006 nostris
2619 953 2710 1005 est
2731 947 2937 1003 visum.
2971 967 3000 997 ‹‹
3033 946 3358 1016 Imperator
3386 940 3581 996 Caesar

1939 1042 2169 1097 Marcus
2197 1039 2468 1096 Aurelius
2504 1038 2831 1094 Antoninus
2864 1038 3184 1107 Augustus,
3210 1029 3578 1094 Armenicus,

1939 1130 2193 1202 pontifex
2255 1128 2567 1195 maximus,
2616 1127 2834 1182 tribun.
2901 1127 3112 1197 potest.
3158 1139 3250 1190 xv,
3301 1135 3417 1177 cos.
3476 1119 3577 1184 III,

1939 1219 2234 1275 communi
2264 1217 2411 1274 Asia:
2441 1217 2706 1275 salutem.
2738 1214 3018 1288 Equidem
3043 1212 3184 1279 scio,
3208 1209 3321 1266 diis
3351 1222 3582 1280 quoque

1937 1307 2082 1380 ipsis
2111 1326 2263 1367 curas
2311 1325 2458 1378 esse,
2509 1324 2582 1363 ne
2625 1305 2770 1363 tales
2818 1305 3083 1362 homines
3129 1301 3365 1356 lateant.
3397 1295 3577 1352 Multo

1940 1401 2092 1457 enim
2125 1401 2315 1473 magis
2343 1401 2428 1456 illi
2472 1397 2891 1455 vindicaverint
2928 1411 3027 1451 eos
3076 1393 3176 1465 qui
3207 1390 3428 1447 cultum
3460 1386 3579 1443 illis

1940 1491 2197 1547 tribuere
2226 1490 2434 1558 nolint,
2459 1504 2630 1560 quam
2652 1504 2776 1554 vos,
2798 1485 2899 1557 qui
2922 1488 3124 1539 contra
3144 1497 3242 1537 eos
3262 1477 3577 1535 tumultum
3652 1536 3655 1543 ,

1941 1580 2315 1636 commovetis
2347 1596 2360 1634 :
2411 1578 2743 1651 opinionem
2791 1591 3023 1647 quoque
3065 1586 3265 1628 eorum
3299 1583 3476 1641 quam
3507 1566 3578 1622 de

1940 1669 2103 1726 vobis
2160 1672 2570 1741 conceperunt.
2630 1671 2692 1721 ut
2750 1664 2951 1721 atheos
3009 1678 3110 1718 vos
3164 1659 3578 1728 nullorumque

1942 1777 2183 1832 prorsus
2230 1761 2472 1816 deorum
2523 1757 2924 1822 criminentur,
2958 1752 3393 1809 confirmantes.
3436 1745 3577 1813 Qui-

1942 1849 2054 1905 bus
2084 1848 2472 1922 prestabilius
2495 1847 2668 1903 etiam
2698 1853 2804 1914 est,
2838 1844 2979 1899 dum
3009 1838 3267 1898 accusari
3297 1835 3578 1909 arguique

1941 1938 2232 2008 videntur,
2266 1955 2367 2010 pro
2416 1936 2533 1993 Deo
2582 1952 2689 1991 suo
2721 1934 2868 1990 mori
2910 1932 3127 2004 potius,
3161 1943 3337 1999 quam
3369 1926 3429 1981 in
3459 1925 3581 1980 vita

1942 2044 2196 2085 manere.
2229 2027 2592 2097 Proindeque
2622 2025 2865 2081 victores
2906 2022 3177 2088 evadunt,
3209 2017 3438 2074 animas
3469 2012 3581 2086 ipsi

1941 2135 2082 2174 suas
2112 2116 2285 2173 citius
2319 2115 2708 2187 projicientes,
2743 2128 2920 2183 quam
2947 2115 3010 2167 ut
3040 2127 3075 2165 a
3102 2107 3268 2165 vobis
3291 2102 3580 2177 persuasi,

1942 2208 2090 2277 quod
2116 2223 2217 2263 vos
2246 2205 2443 2273 vultis,
2478 2203 2714 2261 faciant.
2764 2202 2845 2257 De
2894 2197 3323 2258 terrmmotibus
3360 2200 3580 2262 autem,

1944 2298 2043 2370 qui
2075 2297 2161 2354 vel
2196 2298 2375 2366 fuere,
2426 2295 2514 2352 vel
2564 2294 2758 2350 adhuc
2800 2292 2970 2359 ﬁunt,
3021 2305 3134 2345 non
3176 2286 3578 2358 importunum

1943 2387 2138 2455 fuerit,
2169 2403 2295 2454 vos,
2342 2385 2444 2457 qui
2490 2401 2559 2441 ea
2599 2383 2670 2438 de
2699 2397 2878 2438 causa
2910 2378 3136 2435 animos
3165 2372 3581 2447 despondistis,

1945 2477 2278 2547 admonere,
2299 2481 2366 2532 ut
2387 2474 2605 2531 scilicet
2635 2488 2727 2528 res
2748 2474 2972 2526 vestras
2993 2482 3128 2525 cum
3154 2465 3326 2523 rebus
3349 2463 3579 2518 illorum

1943 2564 2272 2622 conferatis.
2303 2567 2490 2635 Atque
2538 2562 2623 2618 illi
2662 2560 2894 2633 quidem
2942 2555 3312 2614 liberioribus
3342 2551 3579 2621 majori-

1944 2656 2172 2728 busque
2214 2670 2350 2726 erga
2383 2656 2562 2710 Deum
2615 2655 2757 2707 sunt
2801 2648 3015 2705 animis
3047 2664 3061 2702 :
3100 2660 3204 2702 vos
3234 2647 3433 2699 autem
3462 2643 3578 2697 toto

1941 2744 2053 2800 hoc
2082 2748 2199 2799 tem
2210 2760 2364 2815 pore,
2399 2759 2512 2814 quo
2535 2757 2745 2798 causas
2767 2752 2968 2795 eorum
2994 2736 3260 2807 ignorare
3280 2730 3576 2799 videmini,

1943 2834 2082 2889 deos
2112 2838 2169 2890 et
2195 2849 2287 2890 res
2326 2831 2467 2887 alias
2501 2829 2816 2903 negligitis,
2848 2831 2904 2883 et
2932 2824 3296 2881 Christianos
3337 2838 3370 2876 a
3422 2817 3579 2875 cultu

1941 2922 2286 2979 immortalis
2318 2921 2419 2976 Dei
2452 2936 2627 2993 quem
2658 2918 2742 2974 illi
2783 2918 3133 2973 venerantur
3161 2909 3389 2980 arcetis,
3423 2916 3479 2964 et
3509 2907 3578 2963 ad

1942 3018 2187 3067 mortem
2221 3026 2400 3083 usque
2430 3005 2868 3081 persequimini.
2902 3004 3178 3061 Caeterum
3203 3002 3274 3056 de
3308 2999 3380 3055 iis
3411 3002 3580 3054 antea

1941 3116 2170 3173 quoque
2227 3099 2398 3155 multi
2455 3096 2880 3169 provinciarum
2939 3097 3189 3149 rectores
3240 3089 3371 3146 divo
3429 3086 3579 3158 patri

1943 3197 2135 3246 nostro
2201 3188 2579 3259 scripserunt.
2644 3185 2869 3250 Quibus
2912 3181 3009 3238 ille
3064 3178 3372 3250 rescripsit,
3434 3173 3579 3231 nihil

180 3271 482 3341 τοιούτοις,
528 3271 578 3326 εἴ
623 3273 701 3347 μή
751 3272 1098 3352 ἐμφαίνοιντὸ
1128 3296 1178 3329 τι
1228 3276 1351 3351 περὶ
1389 3253 1828 3349 τήνιῖΡωμαίων

1945 3278 2229 3335 molestiae
2272 3253 2675 3335 lacessendum
2723 3290 2851 3333 esse
2899 3271 3039 3340 illis,
3091 3273 3475 3342 preterquam
3527 3263 3578 3320 si

184 3359 489 3432 ἡγεμονίαν
520 3358 916 3436 ἐγχειροῦντες.
950 3363 1049 3417 Καὶ
1090 3360 1214 3435 ἐμοί
1251 3361 1307 3418 δὲ
1346 3365 1469 3439 περὶ
1497 3369 1605 3419 τῶν
1645 3365 1825 3420 τοιοὺ-

181 3468 292 3501 των
336 3447 542 3504 πολλοί
591 3448 872 3522 ἐσήμηναν
900 3469 913 3483 ·
947 3452 1033 3515 οἷς
1063 3448 1129 3520 δὴ
1179 3453 1267 3507 καὶ
1320 3451 1627 3529 ἀντέγραψα
1671 3473 1831 3507 κατα-

181 3535 472 3592 κολουθῶν
498 3541 566 3611 τῇ
608 3543 708 3594 τοῦ
759 3541 961 3615 πατρὸς
1003 3540 1223 3616 γνώμῃ.
1272 3540 1333 3596 Εἰ
1366 3538 1423 3596 δέ
1451 3561 1533 3603 τις
1582 3540 1828 3614 ἐπιμένοι

181 3626 306 3680 τινὰ
352 3631 463 3682 τῶν
526 3627 791 3683 τοιούτων
861 3629 937 3693 εἰς
1000 3630 1293 3705 πράγματα
1358 3631 1559 3707 φέρων,
1625 3631 1699 3692 ὡς
1760 3627 1826 3698 δὴ

179 3717 457 3783 τοιοῦτον,
513 3712 715 3778 ἐκεῖνος
767 3717 796 3771 6
832 3717 1267 3792 καταφερόμενος
1323 3717 1684 3774 ἀπολελύσθω
1731 3721 1829 3772 τοῦ

178 3800 557 3877 ἐγκλήματος,
586 3804 676 3858 καὶ
719 3802 808 3859 ἐὰν
851 3805 1108 3883 φαίνηται
1146 3810 1394 3869 τοιοῦτος
1438 3800 1512 3861 ὥν
1537 3823 1550 3836 ·
1586 3807 1613 3862 6
1648 3803 1702 3860 δὲ
1732 3826 1835 3860 κα-

174 3890 429 3969 ταφέρων
471 3887 667 3968 ἔνοχος
725 3889 871 3949 ἔσται
925 3893 1104 3966 δίκης.
1160 3896 1468 3969 Προσετέθη
1520 3893 1574 3951 ἐν
1619 3894 1828 3968 Ἐφέσῳ

176 3979 233 4034 ἐν
284 3985 368 4051 τῷ
404 3987 569 4055 κοινῷ
616 3989 717 4053 τῆς
764 3983 967 4047 Ἀσίας,
1002 4008 1030 4036 ››
1079 3989 1315 4041 Τοιαῦτα
1364 3982 1421 4040 δὲ
1467 3985 1555 4040 καὶ
1602 3985 1668 4040 τὰ
1717 3985 1831 4041 Ἀν-

176 4069 395 4143 τωνίνῳ
436 4071 567 4144 ὑπὲρ
600 4074 761 4147 ἡμῶν
791 4072 1166 4150 γεγραμμένα.

803 4313 1060 4366 ΚΕΦΑΛ.
1104 4310 1219 4366 KO'.

180 4430 487 4506 Περὶ-τοῦ
516 4431 718 4506 ’ἀγί-ου
751 4433 1154 4506 Εὐσταθίου,
1184 4437 1300 4490 τοῦ
1338 4434 1448 4490 καὶ
1488 4433 1825 4506 Πλακίδαο

250 4502 510 4559 καὶτοῦ
540 4502 732 4580 ἁγίου
763 4502 1201 4581 Ἐλευθερίου
1228 4510 1345 4562 τοῦ
1373 4505 1830 4584 ἐνἸλλυριοῖς

250 4572 660 4634 ἐπισκόπου.

248 4700 367 4775 Πρὸ
408 4698 468 4756 δὲ
504 4707 613 4758 τῶν
650 4705 990 4778 γραμμάτων
1028 4704 1237 4761 τούτων
1280 4703 1485 4761 πολλοὶ
1532 4710 1642 4761 τῶν
1692 4708 1821 4782 ὑπὲρ

175 4793 418 4863 Χριστοῦ
475 4789 658 4867 ἀγῶνα
716 4788 1003 4867 διενεγκεῖν
1059 4791 1361 4868 λέγονται·
1422 4794 1494 4848 ὧν
1570 4796 1652 4857 εἷς
1710 4794 1820 4850 ἐστι

175 4878 269 4934 καὶ
324 4879 352 4932 6
400 4878 669 4950 ἀξιόνικος
733 4880 937 4958 μάρτυς
995 4881 1328 4946 Εὑστοὶθιοτ;⁸
1380 4884 1426 4955 ᾧ
1483 4882 1572 4937 ἐπὶ
1628 4889 1827 4959 Τραῖα-

176 4974 275 5025 νοῦ
341 4970 444 5039 τήν
507 4975 606 5025 τοῦ
674 4972 1051 5047 στρατηλάτου
1136 4969 1596 5049 περιϐεϐλημένῳ
1680 4976 1829 5047 ἀξίαν

181 5056 464 5119 Πλακίδας
515 5055 686 5135 ὄνομα
733 5060 822 5131 ἦν,
870 5066 976 5117 τῶν
1013 5060 1072 5116 εὗ
1115 5061 1414 5138 γεγονότων
1462 5063 1552 5117 καὶ
1601 5061 1829 5137 πλούτῳ

176 5145 455 5222 διάσημος
518 5147 615 5206 ὢν.
684 5149 913 5225 Μυρίοις
977 5149 1027 5206 δ’
1092 5150 1526 5227 ἐνωραϊζόμενος
1602 5153 1824 5231 ἀγαθοῖς

176 5239 268 5292 καὶ
338 5244 439 5309 τῆς
503 5238 700 5295 ἄνωθεν
754 5238 1008 5312 κλήσεως
1071 5240 1423 5315 κατη-ξίωται.
1506 5242 1650 5298 Κατᾶ
1724 5243 1824 5318 γὰρ

172 5347 297 5382 τινα
342 5324 547 5402 ἔρημον
590 5328 825 5406 κυνηγίᾳ
872 5327 1227 5409 ἐσχολακότι.
1270 5333 1298 5386 6
1338 5331 1574 5406 Χριστὸς
1618 5329 1824 5409 ἐλάφου

173 5415 363 5492 κέρασι
415 5419 725 5492 καθήμενος
786 5420 938 5475 ὧπτο
993 5419 1310 5497 ἀπορῥήτου
1368 5419 1559 5497 σοφίας
1610 5420 1822 5495 βουλήο

177 5525 330 5578 ματι,
396 5506 488 5561 καὶ
552 5509 688 5581 πρὸς
753 5508 939 5563 ἑαυτὸν
1002 5505 1178 5579 ἕλκει,
1241 5510 1332 5564 καί
1396 5511 1467 5566 τὰ
1546 5507 1823 5583 μέλλοντα

171 5594 329 5662 ἥκειν
371 5595 516 5665 αὐτῷ
570 5597 1000 5673 προηγόρευσεν.
1062 5599 1213 5653 Ἐπεὶ
1269 5596 1327 5653 δὲ
1383 5598 1470 5654 καὶ
1528 5602 1627 5653 τοῦ
1673 5600 1820 5654 θείου

176 5685 409 5759 μετέσχε
480 5683 753 5761 λουτροῦ,
820 5687 1134 5761 πανοικεσίᾳ
1217 5691 1435 5763 Χριστῷ
1497 5688 1815 5760 πρόσεισιν.

42 6078 302 6224 ‘\

1855 4629 1903 4696 D

1939 3366 2077 3440 quid
2110 3372 2310 3425 contra
2356 3367 2669 3438 imperium
2718 3365 3045 3420 Romanum
3099 3357 3285 3415 moliti
3324 3371 3453 3412 esse
3475 3353 3579 3410 de-

1937 3457 2450 3529 prehenderentur.
2474 3455 2625 3522 Quin
2654 3459 2711 3510 et
2740 3454 2812 3509 ad
2847 3468 2939 3508 me
2969 3447 3139 3506 multi
3161 3448 3232 3503 de
3252 3444 3575 3502 eislitteras

1937 3548 2220 3603 dederunt
2254 3564 2268 3601 :
2300 3547 2513 3618 quibus
2556 3546 2626 3601 de
2671 3542 2854 3616 patris
2884 3540 3019 3608 mei,
3062 3552 3234 3612 quem
3269 3533 3413 3590 mihi
3442 3531 3573 3588 imi-

1936 3638 2184 3693 tandum
2215 3652 2343 3693 esse
2363 3634 2521 3703 duxi,
2544 3633 2833 3690 sententia
2863 3628 3153 3701 rescripsi.
3177 3624 3330 3684 τοι
3352 3622 3412 3679 Si
3442 3638 3574 3678 vero

1939 3726 2226 3798 quispiam
2275 3724 2717 3797 perseveraverit
2763 3721 3040 3792 cuiquam
3087 3716 3575 3779 Christianorum,

1939 3815 2097 3888 quod
2124 3816 2261 3872 talis
2288 3816 2388 3882 sit,
2428 3813 2730 3885 negotium
2760 3810 3051 3878 exhibere,
3082 3805 3306 3863 delatus
3335 3802 3574 3875 quidem

1939 3905 2184 3961 crimine
2213 3904 2563 3974 absolvatur,
2608 3902 2872 3974 quamvis
2919 3898 3056 3957 talis
3085 3912 3212 3954 esse
3248 3896 3577 3965 compertus

1939 3995 2014 4049 sit
2039 4011 2052 4049 :
2086 3994 2311 4051 delator
2341 3998 2536 4050 autem
2567 3994 2692 4065 ipse
2721 4006 2922 4064 pmnas
2947 3987 3127 4045 dabit.
3160 3982 3465 4057 Proposita
3493 3984 3579 4038 est

1938 4083 2057 4138 haec
2086 4082 2332 4157 epistola
2371 4082 2606 4156 Ephesi,
2644 4082 2704 4138 in
2752 4083 3042 4138 conventu
3081 4074 3313 4150 publico
3342 4072 3511 4129 Asiae.
3545 4092 3575 4121 ››

1938 4172 2069 4230 Haec
2114 4172 2201 4230 sio
2253 4176 2310 4229 et
2336 4170 2668 4229 Antoninus
2716 4185 2822 4242 pro
2868 4165 3215 4226 Christianis
3256 4161 3573 4234 rescripsit.

2525 4313 2752 4371 CAPUT
2788 4311 2981 4369 XXIX.

1938 4446 2019 4501 De
2045 4449 2232 4502 sancto
2260 4441 2572 4509 Eustathio,
2605 4442 2703 4513 qui
2731 4449 2782 4513 et
2803 4439 3058 4513 Placidus
3080 4437 3260 4513 dictus
3285 4434 3416 4506 fuit.
3441 4436 3579 4489 Item

2177 4517 2243 4574 de
2269 4520 2456 4573 sancto
2486 4510 2800 4570 Eleutherio
2822 4511 3039 4584 Illyrici
3066 4510 3336 4582 episcopo.

2003 4714 2330 4784 Antequam
2390 4718 2585 4769 autem
2634 4709 2924 4783 ejusmodi
2980 4708 3292 4764 ederentur
3347 4703 3575 4770 littera,

1944 4802 2217 4875 permulti
2263 4802 2536 4860 dicuntur
2585 4802 2813 4875 egregie
2859 4804 3150 4856 certamen
3202 4812 3304 4868 pro
3353 4792 3577 4849 Christo

1940 4892 2246 4962 pertulisse
2279 4909 2292 4948 :
2325 4909 2574 4964 quorum
2609 4907 2760 4948 unus
2782 4890 2959 4947 etiam
2991 4888 3101 4944 fuit
3120 4884 3363 4942 victoria
3389 4882 3579 4938 clarus

1940 4990 2157 5052 martyr
2186 4981 2548 5039 Eustathius.
2586 4981 2640 5037 ls
2668 4980 2779 5037 sub
2810 4978 3060 5049 Trajano
3099 4974 3265 5033 ducis
3293 4972 3578 5031 exercitus

1936 5086 2144 5142 gerens
2173 5070 2533 5143 dignitatem,
2565 5068 2832 5126 Placidus
2862 5067 3185 5133 dicebatur,
3207 5068 3503 5136 et‘genere
3522 5064 3580 5115 et

1935 5160 2144 5231 opibus
2174 5160 2445 5217 illustris.
2486 5161 2628 5216 Cum
2668 5174 2799 5216 vero
2832 5156 3106 5230 plurimis
3137 5154 3382 5211 eniteret
3408 5166 3578 5207 orna-

1936 5249 2172 5318 mentis,
2233 5255 2525 5322 postremo
2574 5247 2791 5305 caelesti
2855 5261 3086 5319 quoque
3140 5242 3440 5301 vocatione
3487 5243 3577 5296 est

1934 5340 2365 5398 cohonestatus.
2389 5340 2619 5397 Etenim
2643 5340 2703 5397 in
2726 5338 3042 5397 solitudine
3061 5336 3316 5408 quadam
3340 5332 3574 5388 venanti

1932 5429 2194 5486 Christus
2224 5433 2373 5487 cervi
2406 5431 2682 5487 cornibus
2715 5429 2977 5486 insidens
3008 5427 3302 5497 apparuit,
3325 5437 3576 5492 eumque

1932 5535 2154 5576 arcanis
2184 5520 2481 5591 sapientiae
2510 5518 2752 5576 consilio
2784 5519 2853 5574 ad
2888 5534 2950 5574 se
2982 5515 3278 5589 pertraxit,
3308 5518 3367 5569 et
3396 5509 3574 5568 simul

1932 5623 2058 5679 quas
2089 5610 2140 5664 ei
2171 5613 2449 5665 eventura
2479 5616 2673 5666 essent
2705 5606 2990 5679 praedixit.
3024 5607 3226 5676 Itaque
3246 5603 3574 5676 baptizatus

1930 5713 2063 5754 cum
2121 5701 2243 5757 tota
2288 5699 2460 5760 domo
2508 5714 2638 5771 sua,
2677 5696 2903 5759 Christo
2956 5711 3022 5754 se
3071 5692 3317 5754 dedidit.
3358 5690 3574 5748 Verum
