4032 6282
516 295 634 356 955

1803 297 1853 354 Ν
1861 293 2221 357 ICEPHORI
2266 297 2626 361 CALLISTI
3763 312 3852 369 956

521 429 820 486 enimvero
876 431 1106 488 occulta
1161 435 1217 486 et
1272 447 1484 487 arcana
1541 431 1928 500 exploratione
1984 433 2156 501 atque

2272 430 2606 508 Ἀπορῥήτῳ
2664 433 2722 489 δὲ
2774 458 2841 511 τῃ
2894 435 3188 512 δοκιμασίᾳ
3233 441 3441 515 γυμνὸς
3481 441 3629 504 εὒθὺς
3671 444 3850 518 γενόμεο

524 523 858 582 excussione
889 522 1063 578 rebus
1093 519 1366 577 omnibus
1396 520 1588 578 statim
1617 525 1706 578 est
1726 519 2160 577 nudatus.Nam

527 610 738 680 Opibus
794 610 1231 681 honoribusque
1287 610 1560 667 omnibus
1629 610 1924 682 projectis,
1985 625 2162 665 uxore

527 699 704 753 etiam
744 706 799 754 et
827 698 1021 755 liberis
1077 701 1246 771 longo
1295 705 1554 770 tempore
1603 702 1808 756 caruit.
1858 703 2044 771 Atque
2081 699 2162 753 ita

523 788 800 843 aerumnis
832 788 1105 856 ferendis,
1139 789 1311 845 veluti
1356 790 1501 846 alter
1542 790 1778 862 quidam
1809 789 1920 845 Job
1951 790 2158 855 factus,

522 882 742 947 postea,
775 879 1261 948 quemadmodum
1314 883 1370 935 et
1414 879 1530 944 ille,
1565 878 1881 934 Servatoris
1909 878 2163 948 disposi-

525 965 708 1035 tione,
742 983 859 1020 una
888 983 1014 1022 cum
1045 984 1218 1024 uxore
1249 973 1306 1024 et
1337 968 1472 1024 ﬁliis
1503 967 1720 1039 Agapio
1751 973 1806 1023 et
1825 967 2159 1036 Theopisto,

524 1058 590 1112 ad
618 1056 925 1127 pristinam
981 1058 1282 1114 restitutus
1327 1063 1416 1113 est
1445 1058 1777 1113 felicitatem
1807 1061 1864 1113 et
1893 1057 2158 1128 gloriam.

524 1144 725 1200 Multis
756 1145 960 1202 deinde
989 1147 1252 1202 victoriis
1283 1147 1354 1202 ab
1382 1147 1650 1202 hostibus
1681 1148 2008 1217 reportatis,
2041 1147 2164 1218 qui-

524 1235 635 1290 bus
684 1251 896 1308 magno
946 1238 1153 1293 terrori
1197 1243 1340 1304 erat,
1390 1254 1520 1293 cum
1570 1237 1762 1293 Romae
1810 1242 1963 1293 esset
2006 1235 2162 1308 apud

523 1324 868 1389 Adrianum,
913 1326 1010 1396 qui
1057 1327 1127 1381 de
1174 1328 1351 1383 rebus
1388 1326 1583 1382 multis
1624 1343 1759 1382 eum
1790 1332 1879 1382 est
1908 1342 2164 1398 percun—

523 1416 737 1484 ctatus,
765 1415 918 1485 quod
973 1417 1339 1472 daamonibus
1387 1417 1715 1472 sacriﬁcare
1744 1420 2062 1481 recusaret,
2104 1415 2161 1468 in

522 1517 733 1557 aereum
766 1507 1000 1559 taurum
1053 1505 1183 1574 igne
1225 1507 1570 1562 candentem
1602 1523 1718 1561 una
1751 1523 1883 1561 cum
1916 1506 2162 1574 conjuge

522 1593 580 1644 et
603 1587 805 1648 liberis
834 1593 1150 1663 conjectus,
1199 1595 1375 1650 vitam
1423 1593 1504 1649 ibi
1547 1600 1732 1650 morte
1760 1593 2159 1651 commutavit.

525 1695 658 1735 cum
693 1681 925 1751 quidem
959 1682 1080 1739 illis
1108 1685 1190 1740 sic
1222 1685 1494 1757 martyrio
1533 1685 1845 1751 defunctis,
1878 1700 1949 1740 ne
1979 1683 2160 1754 pilum

527 1768 762 1839 quidem
796 1771 950 1842 ignis
971 1775 1420 1844 consumpserit,
1446 1791 1548 1830 nec
1567 1775 1980 1830 detrimentum
2003 1771 2157 1826 aliud

529 1857 810 1915 attulerit.
843 1859 920 1916 Ea
968 1862 1097 1932 ipsa
1141 1867 1306 1918 aetate
1353 1863 1646 1934 praestanti
1692 1863 1906 1918 virtute
1930 1860 2163 1932 juvenis

527 1943 892 2002 Eleutherius
940 1949 1001 2004 in
1041 1949 1261 2022 Illyrico
1313 1956 1459 2008 erat.
1493 1953 1683 2008 Romae
1727 1953 1778 2008 is
1807 1965 2037 2023 quoque
2075 1966 2160 2005 or-

523 2036 642 2100 tus,
678 2044 860 2091 matre
905 2037 1143 2106 Anthia,
1191 2056 1365 2109 quam
1417 2057 1663 2111 magnus
1714 2041 1811 2096 ille
1842 2039 2058 2096 Paulus
2091 2038 2159 2094 ad

525 2124 940 2193 professionem
981 2127 1367 2186 Christianam
1414 2131 1756 2201 perduxisse
1805 2131 2001 2184 fertur.
2059 2126 2164 2182 Illa

521 2229 657 2269 vero
690 2215 874 2273 ﬁlium
923 2235 1148 2291 quoque
1196 2222 1493 2292 religionis
1533 2224 1661 2294 ejus
1687 2222 1974 2278 haeredem
2006 2219 2159 2289 fecit,

522 2309 578 2360 et
605 2304 842 2362 Aniceto
874 2306 1125 2365 Romano
1164 2309 1438 2382 episcopo
1482 2313 1720 2368 tradidit
1753 2329 1765 2366 :
1800 2312 1955 2368 264
1984 2327 2018 2366 a
2046 2325 2162 2379 quo

527 2406 722 2448 sacras
755 2394 999 2452 Litteras
1030 2399 1290 2467 edoctus,
1323 2415 1484 2456 sacro
1515 2399 1652 2456 cleri
1683 2416 1927 2456 numero
1953 2397 2163 2454 inseri-

528 2486 644 2550 tur,
678 2486 735 2538 et
766 2486 969 2554 quinto
1000 2486 1225 2544 decimo
1264 2491 1448 2544 aetatis
1479 2507 1632 2545 anno
1664 2489 1892 2545 diaconi
1921 2489 2160 2560 gradum

527 2572 948 2643 consequitur:
1001 2592 1136 2632 mox
1186 2577 1436 2634 triennio
1485 2588 1610 2649 post
1655 2579 1954 2650 presbyter
2003 2593 2160 2633 crea-

526 2665 619 2714 tur
649 2675 663 2715 :
696 2667 752 2716 et
780 2662 990 2719 deinde
1035 2665 1233 2736 viginti
1274 2673 1448 2724 natus
1480 2685 1663 2724 annos
1694 2668 1904 2737 Illyrici
1939 2667 2161 2739 episco-

524 2763 634 2816 pus
672 2750 974 2823 deligitur,
1033 2756 1151 2810 vita
1219 2757 1410 2828 priore
1485 2758 1672 2830 signis
1746 2756 2163 2828 miraculisque

524 2839 856 2909 ingentibus
905 2843 1144 2899 edendis
1198 2849 1510 2904 transacta.
1553 2847 1660 2902 Ubi
1688 2863 1820 2902 vero
1851 2846 2160 2918 quamplu-

523 2927 689 2982 rimis
719 2933 791 2986 ad
831 2932 1119 2990 Christum
1168 2938 1476 3006 perductis,
1522 2939 1595 2993 ab
1637 2939 1883 2994 Adriano
1915 2941 2161 2994 accersi-

520 3020 642 3086 tus,
674 3019 846 3075 ﬁdem
871 3021 1084 3078 Christi
1104 3027 1579 3084 constantissime
1607 3028 1878 3096 defendit,
1904 3029 2160 3100 primum

526 3106 585 3160 in
644 3106 858 3164 lectum
909 3112 1159 3168 ferreum
1210 3117 1456 3187 ignitum
1502 3119 1820 3189 reponitur,
1861 3117 2157 3173 deindein

527 3195 778 3252 ahenum
818 3197 942 3255 oleo
981 3206 1039 3256 et
1067 3203 1267 3259 arvina
1296 3205 1532 3260 ferventi
1564 3205 1799 3277 plenum
1832 3207 2156 3275 conjicitur,

524 3287 700 3354 atque
731 3302 859 3342 mox
909 3289 968 3344 in
1021 3291 1145 3348 foco
1195 3293 1328 3366 igne
1359 3295 1614 3351 conferto
1649 3297 1984 3352 collocatur.
2017 3297 2161 3352 Cum

527 3376 720 3430 autem
772 3375 862 3432 his
912 3381 1217 3437 tormentis
1261 3384 1536 3440 omnibus
1586 3385 1851 3456 superior
1898 3389 2071 3453 esset,
2101 3385 2162 3441 in

527 3461 819 3520 fornacem
854 3466 989 3538 igne
1035 3470 1109 3525 ad
1157 3488 1454 3528 summum
1496 3473 1852 3544 calefactam,
1905 3474 2001 3545 qui
2035 3473 2162 3546 pri-

531 3567 689 3608 mum
719 3555 1060 3613 Ceraborem
1094 3560 1358 3631 opiﬁcem
1387 3563 1532 3632 ejus,
1565 3564 1718 3634 quod
1750 3564 1965 3619 Christi
2006 3580 2162 3619 com-

532 3641 734 3713 plexus
773 3654 924 3702 esset
971 3647 1166 3716 ﬁdem,
1213 3655 1535 3722 exceperat,
1571 3653 1956 3724 protruditur.
1991 3653 2164 3708 Porro

529 3731 897 3791 Eleutherius
944 3751 1012 3792 ex
1058 3740 1324 3795 custodia
1353 3741 1627 3813 deinceps
1657 3746 1966 3808 extractus,
1999 3742 2165 3797 indo-

519 3821 797 3894 mitisque
825 3826 994 3898 equis
1025 3827 1320 3900 alligatus,
1353 3830 1467 3887 huc
1497 3835 1672 3903 atque
1701 3831 1840 3887 illuc
1870 3832 2120 3886 trahitur
2147 3849 2160 3886 :

519 3913 578 3966 et
605 3911 660 3966 vi
709 3912 905 3969 divina
952 3916 1200 3974 vinculis
1248 3920 1377 3989 ejus
1418 3919 1637 3990 solutis,
1673 3926 1928 3976 montem
1961 3937 2159 3991 quem-

516 3998 651 4054 dam
691 4005 1050 4072 conscendit,
1101 4012 1277 4078 atque
1333 4007 1414 4063 ibi
1475 4010 1816 4080 aliquandiu
1876 4014 2161 4079 versatur,

519 4102 652 4143 cum
702 4090 840 4146 feris
889 4108 1038 4163 quas
1087 4095 1309 4151 cicures
1355 4098 1635 4153 reddebat
1656 4098 1944 4155 habitans.
1975 4100 2162 4171 Atque

521 4193 656 4232 cum
678 4177 779 4233 Dei
812 4190 1091 4253 praecepta
1123 4184 1576 4256 promulgasset,
1618 4191 1674 4242 et
1705 4188 2056 4260 quingentos
2085 4189 2157 4244 ad

521 4265 784 4323 divinum
815 4270 1179 4340 perduxisset
1207 4272 1526 4342 lavacrum,
1552 4292 1784 4331 rursum
1817 4277 1878 4331 in
1910 4291 2158 4349 conspe-

519 4359 680 4411 ctum
713 4357 1085 4428 imperatoris
1116 4366 1460 4433 pertractus,
1508 4365 1712 4422 bestiis
1755 4365 2028 4436 objicitur
2059 4382 2074 4420 :
2103 4370 2159 4422 et

518 4461 654 4502 cum
685 4447 857 4504 abiis
887 4465 1112 4522 quoque
1161 4452 1357 4508 salvus
1400 4460 1857 4522 conservaretur,
1899 4473 1967 4512 ex
1996 4456 2157 4511 mili-

2269 541 2378 589 νος,
2438 523 2527 576 καὶ
2583 523 2649 578 τὰ
2706 526 2930 597 περιττά
2983 532 3081 582 τοῦ
3138 529 3388 586 πλούτου
3443 532 3531 586 καὶ
3588 538 3680 600 τῆς
3731 529 3851 601 δόξης

2271 605 2589 683 ἀποϐαλὼν,
2639 615 2730 668 καὶ
2783 617 3058 690 γυναικὸς,
3090 619 3180 684 καὶ
3233 617 3437 674 παίδων
3479 619 3756 694 ἀλλότριος
3789 643 3850 694 γε·

2270 699 2446 772 γονὼς
2511 703 2699 775 χρόνῳ
2758 710 2962 780 συχνῷ,
3021 708 3304 762 κάντεῦθεν
3361 710 3449 764 καὶ
3527 708 3752 784 δεύτερός
3792 731 3850 771 τις

2271 783 2396 842 Ἰὼϐ
2457 796 2574 851 τοῖς
2642 791 2840 848 ἐκεῖθεν
2923 795 3144 850 πάθεσιν
3231 796 3505 874 ἐκφανεὶς,
3571 799 3622 859 ἐς
3681 800 3852 871 ὕστερον

2269 879 2384 931 κατ’
2431 876 2630 934 ἐκεῖνον
2675 882 2768 935 καὶ
2828 883 2986 945 οὗτος
3040 891 3158 947 ταῖς
3214 890 3310 940 τοῦ
3369 893 3626 961 Σωτῆρος
3677 906 3854 961 προμη-

2270 967 2460 1035 θείπῑις,
2521 967 2726 1042 σόνομα
2785 973 2999 1046 γυναικὶ
3057 974 3148 1028 καὶ
3209 977 3435 1038 εέκνοις,
3523 975 3748 1050 Ἀγαπίῳ
3791 978 3853 1028 καὶ

2271 1057 2570 1129 Θεοπίστῳ,
2628 1058 2703 1120 εἷς
2762 1064 2863 1130 τήν
2928 1062 3191 1138 προτέραν
3253 1062 3599 1138 εὐδαιμονίαν
3666 1065 3744 1118 καὶ
3787 1063 3854 1118 εὗ-

2270 1143 2460 1199 κλειαν
2531 1145 2846 1216 ἐπανῆλθεν.
2911 1152 3153 1220 Τρόπαια
3218 1153 3273 1207 δὲ
3331 1153 3517 1208 πολλὰ
3575 1153 3854 1224 συστησάμεσ

2270 1253 2381 1302 νος,
2415 1234 2505 1288 καὶ
2537 1231 2766 1310 φοϐερός
2806 1258 2892 1301 τις
2930 1238 3063 1313 ἄγαν
3105 1240 3410 1319 ἀναφανεὶς,
3458 1239 3573 1296 ἐπεὶ
3625 1241 3674 1296 ἐν
3714 1243 3853 1314 Ῥώμη

2270 1324 2558 1394 γενόμενος
2601 1323 2870 1398 Ἀδριανῷ
2920 1329 3222 1403 συγγίνεται
3271 1329 3501 1386 πλεῖστα
3550 1328 3614 1398 δὴ
3675 1330 3856 1399 ἐκζητή-

2274 1429 2442 1478 σαντιν
2502 1411 2592 1464 καὶ
2651 1414 2836 1475 θυσίας
2901 1422 3018 1473 τοῖς
3085 1415 3339 1490 δαίμοσιν
3417 1420 3705 1493 ἀνενεγκεῖν
3753 1418 3856 1484 ἀπη-

2273 1497 2418 1568 ξίου,
2493 1500 2676 1574 ταύρῳ
2739 1504 2936 1578 χαλκῷ
3018 1505 3498 1581 πεπυρακτωμένῳ
3580 1502 3858 1579 ἐμϐάλλεται

2272 1587 2480 1660 σύναμα
2532 1588 2750 1664 γυδαικί
2782 1595 2872 1647 καὶ
2911 1597 3116 1658 τέκνοῖς
3141 1615 3153 1628 ο
3206 1599 3294 1652 καὶ
3347 1597 3397 1651 έν
3447 1597 3602 1668 αὖτῷ
3643 1596 3700 1650 τὸ
3740 1594 3857 1655 τέλος

2270 1680 2536 1753 ἠνέγκατο
2588 1679 2649 1735 οὐ
2703 1678 2887 1755 μέντοι
2936 1683 3066 1760 ἄχρι
3120 1683 3187 1755 δὴ
3234 1687 3324 1740 καὶ
3370 1688 3567 1762 τριχὸς
3611 1690 3699 1740 τοῦ
3732 1685 3859 1756 πυρὸς

2194 1805 2241 1870 Β
2273 1765 2659 1840 λυμηναμένου
2709 1771 2914 1834 αὐτοῖς.
2965 1778 3050 1845 Τῷ
3104 1772 3151 1828 δ’
3208 1775 3360 1847 αὐτῷ
3406 1776 3593 1851 χρόνῳ
3636 1774 3860 1829 xulem.

2274 1853 2323 1870 η,
2443 1856 2558 1870 ,,
2676 1859 2688 1870 ,
3320 1862 3496 1870 .--
3601 1859 3788 1870 -__.

2273 1853 2370 1916 λὺς
2397 1857 2496 1924 τήν
2533 1856 2729 1930 ἀρετήν
2773 1862 2909 1916 κατὰ
2953 1863 3017 1916 τὸ
3063 1861 3370 1937 Ἰλλυρικὸν
3421 1859 3679 1934 διέτριϐεν
3723 1859 3858 1916 Ἐλευ-

2271 1947 2472 2018 θέριος,
2514 1945 2574 2001 έκ
2622 1950 2842 2022 Ῥώμης
2893 1952 2986 2023 μὲν
3043 1954 3134 2007 καὶ
3191 1955 3348 2016 οὗτος
3407 1955 3734 2030 ὁρμώμενος,
3781 1971 3858 2021 μη·

2266 2036 2351 2108 τρὶ
2411 2035 2466 2091 δὲ
2524 2039 2709 2110 Ἀνοίᾳ
2754 2044 3099 2115 χρησάμενος
3125 2061 3138 2074 '
3245 2045 3468 2106 Παῦλος
3500 2045 3528 2098 ὁ
3565 2043 3720 2119 μέγας
3759 2043 3858 2114 ὡμι-

2271 2122 2480 2194 ληκὼς,
2528 2132 2627 2194 τῆς
2673 2127 2750 2188 εἰς
2799 2130 3030 2199 Χριστὸν
3081 2131 3318 2193 πίστεως
3373 2129 3574 2206 ὀδηγὸς
3625 2130 3852 2206 χρηματί-

2272 2217 2368 2280 ζει.
2400 2219 2461 2269 Ἢ
2521 2211 2577 2268 δὲ
2625 2215 2715 2270 τὸν
2774 2215 2936 2272 παῖδα
2992 2219 3219 2289 καὶτῆς
3270 2221 3504 2283 πίστεως
3560 2219 3852 2297 κληρονόμον

2271 2302 2455 2371 ἐτίθει,
2512 2305 2600 2358 καὶ
2657 2305 2932 2380 Ἀνικήτῳ
2988 2313 3067 2381 τῷ
3123 2311 3349 2383 Ῥώμης
3421 2310 3695 2382 ἐπισκόπῳ
3757 2308 3852 2362 αὐτὸ

2270 2389 2586 2460 ἀνατίθησι⁶
2639 2396 2763 2467 παρ’
2821 2394 2883 2450 οὗ
2933 2398 2997 2450 τὰ
3050 2398 3168 2473 ἱερὰ
3221 2399 3524 2474 γράμματα
3579 2396 3852 2463 παιδευθεὶς,

2267 2485 2346 2552 τῷ
2388 2480 2675 2556 καταλόγῳ
2719 2487 2819 2538 τοῦ
2861 2484 3075 2562 κλήρου
3130 2487 3439 2564 ἐναρίθμιος
3494 2489 3711 2563 γίνεται.
3755 2487 3856 2558 Πέμ-

2269 2590 2390 2642 πτῳ
2432 2567 2489 2624 δὲ
2523 2572 2611 2626 καὶ
2653 2570 2863 2646 δεκάτῳ
2890 2582 2992 2643 τῆς
3035 2577 3200 2632 αὐτοῦ
3249 2576 3477 2647 ἡλικίας
3524 2573 3627 2633 ἔτει
3673 2579 3751 2631 τὸν
3787 2578 3854 2629 τοῦ

2271 2656 2524 2714 διακόνου
2579 2661 2785 2734 βαθμὸν
2837 2661 3059 2720 εἷ’σεισιν
3091 2683 3102 2695 ·
3155 2665 3391 2722 ὀκτὼδέ
3437 2669 3578 2743 πρὸς
3622 2673 3728 2728 τοῖς
3769 2662 3855 2719 δέκπ

2269 2749 2601 2822 γενόμενος,
2669 2756 2749 2821 τῷ
2813 2749 3212 2829 πρεσϐυτερείῳ
3297 2753 3744 2832 ἐγκαταλέγεται·
3794 2752 3855 2806 καὶ

2267 2841 2347 2908 τῷ
2379 2837 2610 2910 εἰκοστῷ
2648 2836 2754 2894 ἔτει
2809 2847 2908 2896 τοῦ
2970 2843 3281 2918 Ἰλλυρικοῦ
3341 2845 3642 2908 ἐπίσκοπος
3689 2864 3856 2917 προχει-

2270 2927 2496 3001 ρίζεται,
2534 2929 2786 3001 σημείοις
2822 2931 3059 2994 πολλοῖς
3108 2935 3198 2988 καὶ
3246 2935 3431 3010 τέρασι
3479 2937 3573 2990 τὸν
3627 2934 3733 3008 βίον
3771 2930 3853 3004 πρό-

2269 3037 2421 3090 τερον
2468 3021 2915 3092 κατακοσμήσεις.
2978 3023 3128 3077 Ἐπεὶ
3185 3021 3242 3078 δὲ
3298 3024 3549 3086 πολλοὺς
3607 3025 3851 3093 ἐπισπώμε-

2270 3125 2363 3166 νος
2422 3105 2496 3168 εἶς
2555 3108 2808 3182 Χριστὸν,
2867 3111 3003 3183 πρὸς
3061 3109 3345 3185 Ἀδριανοῦ
3425 3111 3756 3184 μετάκλητος
3795 3127 3857 3182 γε·

2271 3195 2468 3269 γονὼς,
2509 3197 2608 3264 τὴν
2668 3197 2801 3252 κατὰ
2856 3197 3095 3272 Χριστὸν
3143 3201 3320 3255 πίστιν
3376 3199 3619 3268 μάλιστα
3676 3194 3857 3275 βεϐαιῶν

2269 3285 2359 3356 ἦν,
2410 3289 2598 3359 πρῶτα
2657 3287 2750 3360 μὲν
2815 3287 2972 3364 κλίνῃ
3041 3288 3268 3364 σιδήρου
3333 3292 3467 3367 πυρὶ
3534 3295 3634 3363 τὴν
3691 3288 3857 3365 μορφὴν

2272 3373 2440 3444 ὁμοίᾳ
2489 3377 2894 3432 επανακλίνεται
2920 3397 2932 3410 ·
2989 3381 3122 3450 μετὰ
3162 3377 3218 3434 δὲ
3249 3384 3412 3436 τοῦτο
3455 3383 3675 3456 τηγάνῳ
3716 3377 3860 3433 ἐλαίου

2271 3462 2472 3536 πλήρει
2539 3465 2629 3518 καὶ
2715 3467 2937 3530 στέατος
3015 3466 3436 3544 έκπυρωθέντων
3528 3465 3860 3542 ἐμϐάλλεται·

2272 3551 2479 3629 ἐσχάρᾳ
2520 3574 2578 3608 τε
2626 3556 2797 3630 πυρὸς
2856 3555 3046 3628 ἐπίσης
3104 3559 3308 3633 ἐχούσῃ
3365 3558 3658 3615 ἀπλοῦται.
3709 3559 3784 3617 Ὧς
3823 3551 3863 3606 δὲ

2271 3641 2360 3694 καὶ
2424 3641 2631 3696 τούτων
2703 3643 2992 3720 ὑπέρτερος
3047 3649 3137 3719 ἦν,
3203 3642 3454 3720 κλιϐάνῳ
3523 3645 3721 3723 σφόδρα
3776 3641 3862 3697 δια-

2270 3730 2449 3786 καέντι
2508 3729 2802 3801 ἐκδίδοται,
2852 3740 3069 3811 πρῶτον
3122 3733 3401 3813 Κεράϐορα
3447 3739 3541 3793 τὸν
3587 3733 3864 3792 κατασκευὰ-

2275 3839 2438 3875 σαντα
2505 3819 2887 3897 ὑποδεξαμένῳ
2923 3868 2936 3895 ,
3001 3827 3102 3895 τὴν
3170 3825 3247 3888 εἷς
3331 3827 3563 3901 Χριστὸν
3643 3842 3866 3880 κατασπα-

2273 3908 2504 3980 σάμενον
2571 3911 2802 3967 πίστιν.
2869 3912 3214 3990 Ἐλευθέριος
3281 3913 3382 3984 δὲ,
3471 3917 3607 3988 μετὰ
3671 3912 3864 3991 φρουρὰν

2269 3995 2482 4060 πώλοις
2539 3999 2752 4074 ἀγρίοις
2832 4000 2997 4065 δεθιὶς
3031 4046 3046 4070 ,
3120 4000 3335 4060 ἕλκεται
3371 4023 3386 4038 ο
3461 4005 3582 4077 θείᾳ
3639 4002 3693 4060 δὲ
3744 4002 3866 4076 ῥώμῃ

2273 4083 2453 4149 λυθεὶς
2518 4092 2626 4142 τῶν
2695 4088 2928 4163 δεσμῶν.
3014 4089 3129 4168 ὄρει
3211 4091 3618 4168 προσεπιδαίνει
3653 4113 3666 4127 ·
3741 4085 3865 4162 07150:-

2270 4172 2560 4248 διαιτᾶται,
2620 4177 2652 4232 ἃ
2706 4179 2796 4233 καὶ
2855 4180 3035 4255 ἣμερα
3091 4179 3317 4241 ἐδείκνυ.
3366 4184 3443 4238 Τά
3495 4182 3555 4238 δὲ
3606 4187 3699 4239 τοῦ
3766 4180 3867 4233 Θεοῦ

2270 4261 2479 4335 διεξιῶν
2550 4265 2736 4342 λόγια,
2804 4269 2932 4324 ὡσεὶ
2999 4271 3385 4334 πεντακοσίους
3449 4277 3530 4344 τῷ
3627 4271 3742 4342 θείῳ
3792 4268 3867 4321 ὕπ-

2269 4356 2388 4431 άγει
2449 4353 2688 4432 λουτρῷ.
2748 4363 2839 4431 Τῷ
2899 4359 3118 4434 βασιλεῖ
3175 4358 3232 4415 δὲ
3286 4362 3374 4416 καὶ
3443 4360 3598 4423 αὖθις
3653 4361 3724 4423 εἷς
3772 4357 3864 4426 ὄψιν

2268 4444 2484 4514 ἐλθὼν,
2553 4446 2766 4520 θηρίοις
2829 4449 2968 4524 βορά
3031 4450 3418 4526 παρατίθεται.
3486 4452 3574 4513 Ὠς
3643 4449 3697 4504 δὲ
3757 4450 3864 4501 σῶος

520 4535 680 4592 tibus
710 4537 826 4594 duo
846 4539 1130 4612 impetum
1155 4541 1215 4597 in
1239 4558 1372 4598 eum
1400 4544 1644 4614 faciunt,
1669 4551 1846 4617 atque
1863 4545 2160 4602 occidunt.

2273 4530 2615 4608 διετηρεῖτο,
2686 4533 2781 4590 δύο
2847 4535 3274 4594 ἐπεισπεσόντων
3343 4544 3689 4615 στρατιωτῶν
3747 4536 3864 4590 ἀναι-

524 4624 708 4683 Mater
737 4627 908 4684 etiam
941 4628 1061 4686 ﬁlia
1097 4631 1276 4688 vitam
1307 4632 1535 4689 ﬁnienti
1559 4634 1936 4703 circumfusa,
1961 4635 2159 4691 itidem

521 4719 585 4770 ut
614 4715 732 4786 ille,
763 4719 1026 4790 martyrii
1057 4736 1330 4778 coronam
1362 4723 1602 4795 excepit.

1121 4939 1353 4998 CAPUT
1392 4941 1550 4998 XXX.

520 5060 783 5131 Quaedam
811 5063 877 5120 de
894 5065 1204 5139 Polycarpo
1231 5070 1526 5195 αροειιᾶιίῗο
1555 5084 1856 5126 successore
1883 5071 2158 5125 memoriae

1138 5155 1380 5195 commen
1421 5157 1454 5195 a
1484 5158 1537 5195 a.

1138 5155 1454 5196 commenda
1461 5155 1537 5195 ta.

593 5263 799 5319 Adhuc
847 5266 1121 5322 Anicetus
1169 5266 1362 5323 Romaa
1419 5267 1721 5324 ecclesiam
1779 5266 2157 5337 gubernabat,

520 5366 652 5406 cum
688 5353 1053 5428 Polycarpus,
1087 5357 1302 5413 Irenaeo
1347 5357 1647 5426 referente,
1681 5364 1915 5430 propter
1947 5373 2157 5430 quam-

523 5440 658 5494 dam
689 5458 816 5512 qua:
847 5445 918 5499 de
957 5445 1232 5502 Paschate
1281 5448 1557 5503 inciderat
1605 5449 2006 5520 quaestionem,
2041 5447 2161 5501 Ro-

525 5543 680 5584 mam
708 5532 884 5602 venit,
913 5538 1086 5605 atque
1117 5535 1194 5590 ibi
1243 5553 1376 5591 cum
1407 5537 1646 5591 Aniceto
1680 5538 2046 5593 familiariter
2072 5539 2162 5591 est

527 5616 871 5678 collocutus.
899 5623 1014 5680 Sed
1041 5629 1099 5680 et
1127 5624 1242 5680 alia
1271 5627 1522 5682 Irenaeus
1553 5627 1622 5682 de
1652 5627 1968 5698 Polycarpo
1997 5639 2162 5682 com-

2273 4627 2467 4696 ρεῖται.
2510 4623 2608 4677 Καὶ
2637 4625 2672 4694 ἢ
2710 4627 2893 4700 μήτηρ
2939 4631 3018 4700 τῷ
3065 4627 3220 4682 παιδὶ
3271 4627 3643 4703 τελειουμένῳ
3687 4642 3866 4699 περιχν·

2271 4715 2441 4776 θεῖσα,
2491 4712 2685 4786 ἐπίσης
2742 4713 2929 4790 ἐκείνῳ
2984 4718 3076 4772 τὸν
3120 4722 3218 4773 τοῦ
3269 4718 3568 4796 μαρτυρίου
3616 4714 3865 4784 ἇινεδήσατθ

2271 4800 2551 4879 στέφανον.
2782 4795 2786 4798 ’

2900 4939 3152 4991 ΚΕΦΔΛ.
3195 4936 3280 4993 A'.

2267 5056 2350 5112 Τὰ
2379 5058 2531 5132 περί
2564 5055 3011 5136 Πολυκάρπου
3039 5066 3154 5116 τοῦ
3185 5061 3660 5136 ἀποστολικοῦ
3692 5052 3871 5114 διαδέ·

2709 5150 2836 5206 χου
2871 5135 3482 5208 μνημονευόμενα.

2340 5254 2462 5310 Ἐπὶ
2519 5252 2563 5310 δ’
2621 5258 2892 5327 Ανικήτου
2962 5257 3030 5312 τὰ
3093 5265 3192 5328 τῆς
3258 5260 3484 5333 Ῥώμης
3543 5261 3872 5333 ἡνιοχοῦντος

2265 5340 2515 5412 πηδάλια
2574 5344 2936 5421 Πολύκαρπον
2996 5345 3287 5422 Εἰρηναῖος
3345 5349 3629 5422 ἱστόρησεν
3689 5343 3873 5419 περίτι

2271 5427 2480 5504 συμϐάν
2545 5438 2642 5488 τοῦ
2711 5438 2906 5513 Πάσχα
2961 5433 3215 5506 τηνικάδε
3277 5439 3498 5510 ζήτημα
3552 5436 3632 5498 εἷς
3690 5433 3872 5503 Ῥώμην

2267 5543 2326 5578 τε
2375 5520 2676 5598 ἀφικέσθαι,
2720 5525 2812 5579 καὶ
2865 5525 2944 5597 τῷ
3002 5527 3272 5598 Ἀνικήτῳ
3319 5526 3396 5589 εἰς
3453 5525 3677 5600 ὁμιλίαν
3733 5520 3873 5576 ἐλθεῖν

2270 5611 2376 5668 Καὶ
2432 5610 2579 5667 ἅλλὰ
2637 5611 2751 5669 δὲὸ
2786 5615 3076 5687 Εἰρηναῖος
3131 5615 3254 5692 περὶ
3303 5616 3666 5691 Πολυκάρπου
3725 5608 3876 5678 διέξει-

3853 5895 3928 6047 Λ
3963 6029 3965 6047 ,
