4032 6282
326 514 416 548 σιν
451 515 463 526 ⁸

319 584 651 654 συνάπτειν,
723 584 872 640 ὅσιον
942 586 1183 660 ἥγημαι.
1256 585 1473 658 ’Δμέλει
1539 587 1588 640 ἐν
1657 589 1734 658 τῷ
1802 586 1970 662 τρίτῳ

316 678 433 726 τῶν
465 674 632 748 Πρὸς
671 675 783 736 τὰς
815 675 1146 749 αἱρέσεις,
1185 673 1314 730 τάδε
1355 677 1489 730 κατὰ
1530 676 1682 749 ῥῆμα
1723 677 1844 750 περὶ
1880 676 1971 730 αὐ·-

318 765 424 816 τοῦ
483 759 702 832 διέξεισι
734 782 748 796 ο
805 788 833 815 ‹‹
866 764 964 820 Καὶ
1013 763 1376 839 Πολύκαρπος
1429 765 1484 818 δὲ
1533 765 1595 818 οὐ
1650 766 1808 836 μόνον
1863 766 1967 819 ὐπὸ

317 855 434 905 τῶν
499 851 823 907 ἀποστόλων
896 854 1283 925 μαθητευθεὶς,
1353 853 1441 906 καὶ
1523 855 1966 932 συκιαναστραφεῖς

316 937 563 1004 πολλοῖς
607 941 698 996 τὸν
736 941 943 1015 Κύριον
1003 943 1318 1014 ἑωρακόσιν,
1365 942 1508 998 ἀλλὰ
1539 944 1625 997 καὶ
1679 944 1780 997 ὐπὸ
1829 945 1964 999 ἀπο-

317 1029 538 1083 στόλων
571 1029 646 1090 εἷς
678 1031 773 1098 νῆν
818 1032 995 1084 Ἀσίαν
1035 1032 1406 1101 κατασταθείς,
1440 1030 1492 1086 έν
1532 1035 1600 1104 τῇ
1632 1039 1730 1101 τῆς
1781 1034 1965 1106 Σμύρ-

313 1138 420 1186 νης
470 1117 743 1190 ἐκκλησίᾳ
802 1121 1120 1186 ἐπίσκοπος,
1169 1123 1227 1175 ὃν
1284 1121 1372 1174 καὶ
1431 1124 1594 1192 ἡμεῖς
1646 1123 1960 1194 ἑωράκαμεν

312 1204 372 1258 ὲν
405 1209 474 1278 τῇ
505 1206 696 1280 πρώτῃ
739 1211 899 1279 ἡμῶν
947 1208 1162 1279 ἡλίκίᾳ,
1202 1207 1291 1262 ἐπὶ
1343 1210 1485 1264 πολὺ
1517 1211 1621 1283 γάρ
1671 1211 1962 1282 παρέμεινε

312 1295 410 1348 καὶ
467 1296 603 1350 πάνυ
661 1296 932 1370 γηραλέος
985 1299 1071 1366 ἦν,
1131 1295 1359 1367 ἐνδόξως
1419 1297 1506 1351 καὶ
1574 1297 1961 1364 ἐπιφανέστατα

315 1385 670 1453 μαρτυρήσας
727 1383 921 1452 ἐξῆλθε
976 1389 1073 1439 τοῦ
1134 1386 1278 1459 βίου,
1334 1390 1499 1439 ταῦτα
1570 1382 1802 1454 διδάξας,
1853 1386 1957 1457 ἀεὶ,

312 1469 350 1523 ἆ
399 1471 486 1524 καὶ
543 1473 689 1546 παρὰ
735 1478 846 1527 τῶν
895 1473 1220 1528 ἀποστόλων
1274 1473 1508 1547 ἕμαθεν’
1561 1475 1593 1530 ἃ
1640 1475 1728 1530 καὶ
1770 1478 1803 1544 ἡ
1832 1477 1955 1532 Ἐκ-

307 1559 523 1629 κλησία
551 1559 924 1635 παραδίδωσιν
951 1582 963 1594 ·
999 1563 1030 1617 ’ὰ
1060 1563 1148 1618 καὶ
1193 1565 1331 1635 μόνα
1372 1565 1512 1618 ἔστὶν
1549 1563 1756 1634 ἀληθῆ.
1801 1572 1956 1641 Μαρ-

305 1653 538 1722 τνδροῦσι
586 1651 806 1715 τούτοις
853 1653 907 1706 αἱ
955 1655 1094 1708 κατά
1137 1654 1238 1721 τήν
1290 1656 1467 1708 Ἀσίαν
1519 1652 1803 1724 ἐκκλησίαι
1852 1661 1955 1708 πᾶ-

311 1758 426 1794 σαι.
467 1741 556 1794 καὶ
609 1742 660 1795 o't
713 1742 879 1815 μέχρι
930 1745 1019 1795 νῦν
1073 1739 1478 1816 διαδεδεγμένοι
1521 1744 1612 1797 τὸν
1665 1741 1953 1817 Πολυχάρ-

1320 365 1928 426 ECCLESIASTICZE
1971 365 2359 427 HISTORIIE
2399 367 2546 427 LIB.
2595 366 2703 426 III.

532 495 564 549 ἃ
630 497 972 573 καταλέγειν,
1031 499 1119 550 καὶ
1186 502 1255 571 τῇ
1323 499 1565 570 παρούσῃ
1631 499 1945 574 πραγματείη

2090 507 2396 568 memorat,
2445 517 2572 572 quae
2623 499 2837 554 referre
2883 505 2938 552 et
2985 494 3256 566 praesenti
3305 492 3464 565 operi
3511 492 3724 562 adjun-

3605 358 3728 416 958

2081 607 2214 661 gere
2246 591 2402 662 pium
2434 605 2559 646 esse
2583 589 2805 660 judico.
2834 587 2898 641 In
2931 584 3098 641 tertio
3128 583 3284 639 enim
3317 581 3526 638 Pontra
3553 580 3726 637 haere-

2079 695 2162 735 ses
2187 680 2351 747 libro,
2384 679 2503 734 haec
2552 680 2631 734 ita
2676 678 2746 732 de
2783 693 2850 731 eo
2889 676 3062 731 refert
3093 689 3106 728 :
3143 696 3171 723 ‹‹
3212 671 3565 743 Polycarpus
3591 685 3723 724 vero

2080 785 2193 823 non
2251 769 2420 824 modo
2474 768 2546 822 ab
2609 764 2886 838 apostolis
2955 762 3277 829 institutus,
3337 775 3471 814 cum
3525 757 3724 814 multis

2077 874 2276 912 eorum
2345 858 2510 926 vixit,
2578 856 2679 928 qui
2730 854 3044 909 Dominum
3095 850 3206 922 ipsi
3275 848 3564 914 viderunt,
3624 845 3720 902 sed

2077 949 2252 1002 etiam
2295 963 2395 1018 per
2443 944 2758 1016 apostolos,
2810 940 3152 1015 Smyrnensi
3199 937 3463 994 Ecclesiae
3494 936 3553 990 in
3583 933 3720 989 Asia

2075 1037 2384 1108 episcopus
2429 1035 2729 1090 ordinatus
2779 1039 2882 1086 est.
2936 1032 3118 1094 Quem
3177 1026 3326 1084 205
3390 1030 3449 1081 et
3501 1041 3608 1079 nos
3659 1023 3719 1078 in

2075 1125 2259 1195 prima
2297 1128 2498 1181 nostra
2529 1127 2694 1178 astate
2723 1120 3015 1176 vidimus:
3041 1117 3262 1173 diutius
3291 1115 3448 1171 enim
3473 1113 3633 1179 vixit,
3665 1120 3720 1166 et

2079 1215 2135 1268 in
2176 1214 2361 1269 multa
2391 1218 2690 1268 senectute
2721 1226 2855 1266 cum
2887 1224 3101 1280 magna
3133 1204 3316 1277 gloria
3345 1202 3717 1274 magniﬁcen-

2071 1304 2298 1359 tissime
2331 1303 2605 1374 martyrio
2635 1301 2816 1369 obito,
2865 1315 2896 1353 ο
2936 1298 3052 1353 vita
3081 1294 3346 1361 excessit,
3379 1309 3448 1349 ea
3485 1307 3716 1361 semper

2069 1392 2284 1447 docens
2316 1408 2442 1462 quae
2474 1393 2546 1446 ab
2580 1389 2859 1461 apostolis
2891 1387 3190 1451 didicerat,
3215 1389 3272 1440 et
3301 1399 3427 1454 quae
3460 1379 3715 1435 Ecclesia

2067 1482 2264 1549 tradit,
2298 1499 2422 1552 quae
2463 1480 2732 1535 videlicet
2761 1479 2887 1534 sola
2916 1481 3056 1533 sunt
3077 1491 3229 1530 vera.
3259 1473 3572 1529 Testantur
3606 1470 3712 1524 hoc

2066 1569 2326 1626 ecclesiae
2382 1570 2612 1625 Asianos
2659 1584 2884 1632 omnes,
2933 1574 2988 1621 et
3045 1563 3145 1637 qui
3192 1563 3261 1618 ad
3313 1561 3471 1616 hunc
3523 1574 3706 1628 usque

2066 1661 2220 1716 diem
2268 1661 2327 1715 in
2375 1659 2674 1732 Polycarpi
2717 1671 3048 1714 successere
3098 1655 3313 1720 locum,
3364 1652 3515 1720 quod
3569 1649 3703 1704 fidei

2068 1750 2306 1820 majoris
2364 1750 2688 1820 certiorque
2742 1745 3000 1803 veritatis
3058 1744 3221 1799 testis
3280 1741 3476 1808 fuerit,
3528 1753 3705 1810 quam

309 1846 421 1879 που
463 1828 669 1902 θρόνον,
720 1828 920 1901 πολλῷ
978 1829 1414 1902 ἀξιοπιστότερον
1463 1832 1550 1885 καὶ
1607 1827 1945 1906 βεϐαιότερον

321 1912 371 1934 ΊὛ
433 1915 458 1934 n
499 1913 512 1934 Ι
687 1914 698 1934 7
936 1916 959 1932 ν
1130 1918 1192 1934 Α,
1241 1917 1260 1934 ‘
1377 1918 1387 1934 Ι
1616 1920 1628 1934 1
1691 1923 1737 1934 ι.
1857 1921 1866 1934 l

2063 1837 2404 1894 Valentinus
2433 1843 2490 1894 et
2518 1838 2798 1903 Marcion,
2829 1841 2886 1891 et
2917 1835 3057 1890 item
3083 1832 3180 1888 alii
3213 1831 3558 1886 insanarum
3591 1827 3713 1898 opi-

309 1912 576 1983 ἀληθείας
630 1914 875 1989 μάρτυρα
932 1916 1060 1971 ὄντα
1126 1917 1483 1972 Οὐαλεντίνου
1542 1920 1631 1973 καὶ
1691 1921 1954 1993 Μαρκίω-

308 2023 400 2063 νος
448 2004 540 2057 καὶ
586 2008 693 2058 τῶν
745 2005 953 2060 λοιπῶν
999 2009 1350 2085 κακοφρόνων
1378 2026 1391 2040 °
1452 2007 1539 2062 καὶ
1589 2009 1676 2062 ἐπὶ
1735 2011 1952 2079 Ἀνική-

306 2112 409 2145 του
449 2090 794 2165 ἐπιδημήσας
831 2099 898 2169 τῇ
930 2095 1138 2169 Ῥώμῃ,
1180 2095 1424 2158 πολλοὺς
1465 2097 1569 2151 ἀπὸ
1608 2102 1713 2152 τῶν
1763 2119 1951 2173 προει-

308 2179 566 2252 ρημένων
634 2183 920 2256 αἱρετικῶν
997 2183 1314 2258 ἐπέστρεψεν
1391 2186 1477 2239 ἐπὶ
1542 2187 1642 2254 τήν
1709 2187 1950 2257 Ἐκκλη-

307 2267 428 2321 σίκν
481 2273 578 2324 τοῦ
638 2276 792 2340 Θεοῦ,
847 2272 971 2344 μίαν
1025 2275 1116 2327 καὶ
1179 2275 1344 2343 μόνην
1416 2274 1618 2344 ταύτην
1691 2274 1948 2346 ἀλήθειαν

300 2357 544 2431 κηρόξας
611 2359 714 2414 ὑπὸ
785 2365 892 2415 τῶν
979 2362 1305 2417 ἀποστόλων
1387 2365 1778 2442 παρειληφέναι
1843 2367 1944 2432 τήν

303 2447 412 2501 ὑπὸ
469 2453 566 2518 τῆς
627 2450 955 2518 Ἐκκλησίας
1009 2450 1480 2527 παραδεδομένην.
1545 2456 1640 2509 Καὶ
1702 2455 1833 2509 εἶ’σὶν
1894 2456 1945 2511 οἱ

299 2536 626 2601 ἀκούσαντες
688 2539 876 2613 αὐτοῦ,
934 2541 1015 2596 ὅτι
1073 2543 1392 2611 Ἰωάννηςὸ
1438 2548 1534 2598 τοῦ
1594 2543 1788 2618 Κυρίου
1850 2566 1946 2617 μα-

296 2627 496 2696 θητὴς,
565 2628 617 2682 ἐν
679 2632 748 2702 τῇ
818 2629 1024 2706 Ἐφέσῳ
1089 2633 1372 2704 πορευθεὶς
1451 2631 1787 2701 λούσασθαι,
1855 2634 1946 2688 καὶ

294 2714 434 2771 ἰδὼν
468 2711 574 2770 ἔσω
621 2720 903 2791 Κήρινθον,
946 2719 1177 2790 ἐξήλατο
1218 2726 1315 2777 τοῦ
1359 2721 1645 2795 βαλανείου
1690 2725 1764 2795 μὴ
1808 2722 1946 2778 λου-

298 2805 560 2877 σάμενος,
627 2805 756 2862 ἀλλ’
822 2807 1024 2878 εἴπὼν,
1085 2810 1385 2885 Φύγωμεν,
1450 2812 1526 2884 μή
1583 2812 1672 2866 καὶ
1729 2814 1792 2867 τὸ
1854 2815 1948 2887 βα-

298 2892 518 2948 λανεῖον
586 2897 852 2971 συμπέσῃ,
920 2892 1071 2952 ἔνδον
1134 2895 1286 2960 ὄντος
1369 2901 1638 2973 Κηρίνθου
1695 2900 1791 2956 τοῧ
1844 2909 1944 2972 τῆς

295 2982 562 3052 ἀληθείας
623 2983 862 3060 ἐχθροῦ.
954 2988 1050 3044 Καὶ
1120 2988 1280 3049 αὐτὸς
1367 2987 1424 3042 δὲ
1490 2991 1518 3044 ὁ
1588 2990 1944 3064 Πολύκαρπος

299 3072 585 3147 Μαρκίωνί
626 3095 758 3128 ποτε
811 3073 886 3136 είς
933 3073 1055 3149 ὄψιν
1099 3075 1245 3148 αὐτῷ
1287 3076 1520 3146 ἐλθόντι,
1551 3081 1641 3134 καὶ
1691 3082 1945 3156 φήσαντι,

299 3160 661 3237 Ἐπιγίνωσκε
746 3165 931 3236 ἡμᾶς,
999 3165 1263 3238 ἀπεκρίθη
1303 3185 1315 3197 ·
1386 3167 1764 3242 Ἐπιγινώσκω
1849 3170 1939 3224 τὸν

296 3249 654 3324 πρωτότοκον
707 3257 804 3306 τοῦ
870 3260 1129 3312 Σατανᾶ.
1197 3257 1470 3324 Τοσαύτην
1534 3257 1583 3311 οἱ
1644 3243 2023 3314 ἀπόστολοιῧ

294 3340 390 3393 καὶ
435 3340 486 3393 οἱ
549 3341 787 3412 μαθηταὶ
842 3341 1015 3397 αὐτῶν
1071 3344 1221 3418 εἶχον
1287 3341 1586 3412 εὐλάϐειαν,
1657 3347 1729 3409 ὡς
1804 3347 1941 3419 μηδὲ

301 3429 476 3504 μέχρι
517 3428 696 3504 λόγων
756 3440 1035 3488 κοινωνεῖν
1085 3455 1188 3488 τινι
1249 3440 1356 3489 τῶν
1407 3440 1940 3512 παραχαρασσόντων

293 3521 400 3586 τήν
448 3519 732 3589 ἀλήθειαν,
774 3523 847 3584 ὡς
896 3523 987 3576 καὶ
1041 3524 1255 3585 Παῦλος
1305 3523 1538 3600 ἔφησεν
1588 3528 1938 3601 Αἱρετικὸν

295 3609 652 3683 ἄνθρωπον
690 3613 848 3683 μετὰ
893 3612 1044 3684 μίαν
1091 3614 1198 3668 καὶ
1249 3612 1557 3690 δευτέραν
1604 3618 1942 3672 νουθεσίαν

290 3702 661 3770 παραιτοῦ,
695 3698 890 3761 εἰδὼς
921 3700 1019 3757 ὅτι
1055 3700 1500 3777 ἐξέστραπται
1534 3706 1561 3759 ὁ
1591 3710 1938 3774 τοιοῦτος,

289 3788 402 3841 καὶ
434 3787 802 3862 ἁμαρτάνει
835 3789 920 3844 ὢν
951 3792 1560 3867 αὐτοκατάκριτος.
1593 3793 1819 3851 Ἐστιδὲ
1847 3798 1936 3851 καὶ

287 3878 560 3948 ἐπιστολὴ
625 3879 987 3955 Πολυκάρπου
1049 3884 1184 3958 πρὸς
1248 3884 1660 3954 Φιλιππησίους
1703 3906 1938 3962 γεγραμ-

293 3966 438 4045 μέδη
500 3969 803 4039 ἱκανωτάτη
841 4011 854 4024 .
916 3970 964 4043 ἐξ
1026 3975 1092 4040 ἧς
1150 3973 1240 4027 καὶ
1305 3975 1398 4028 τὸν
1455 3982 1776 4049 χαρακτῆρα
1837 3983 1937 4045 τῆς

287 4057 529 4118 πίστεως
588 4058 752 4114 αὐτοῦ
809 4061 894 4114 καὶ
947 4061 1009 4114 τὸ
1071 4063 1328 4138 κήρυγμα
1381 4069 1480 4132 τῆς
1567 4063 1824 4134 ἄληθείας
1883 4068 1932 4120 οἱ

296 4147 634 4222 βουλόμενοι
690 4149 780 4202 καὶ
835 4151 1212 4225 φροντίζοντες
1259 4158 1360 4220 τῆς
1406 4153 1609 4207 ἒαατῶν
1663 4155 1932 4227 σωτηρίας

290 4234 547 4290 δύνανται
593 4239 778 4308 μαθεῖν
810 4282 823 4295 .
862 4263 883 4290 ι
931 4244 1108 4294 Ταῦτα
1157 4242 1278 4315 περί
1321 4242 1520 4298 τούτου
1552 4244 1580 4297 ὁ
1616 4244 1930 4318 Εἰρηναῖος.

2066 1928 2309 1982 nionum
2360 1932 2660 1994 auctores;
2714 1926 2814 1998 qui
2863 1940 2998 1980 cum
3050 1923 3295 1978 Romam
3327 1919 3437 1974 sub
3467 1914 3706 1972 Aniceto

2064 2016 2440 2086 pervenisset,
2474 2016 2672 2071 multis
2698 2031 2763 2071 ex
2793 2014 2874 2070 eis
2923 2013 3024 2084 qui
3065 2010 3199 2066 dicti
3243 2012 3380 2065 sunt
3418 2004 3705 2062 hareticis

2061 2107 2371 2176 persuasit,
2419 2109 2484 2160 ut
2531 2106 2601 2160 ad
2644 2103 2960 2159 Ecclesium
2995 2101 3098 2157 Dei
3130 2100 3405 2164 redirent,
3437 2112 3614 2151 unam
3648 2099 3704 2149 et

2059 2195 2242 2251 solam
2280 2197 2425 2252 hanc
2469 2196 2790 2260 veritatem,
2845 2208 3022 2263 quam
3067 2189 3324 2245 Ecclesia
3369 2183 3696 2252 tradiderit,

2055 2300 2118 2339 se
2150 2285 2221 2338 ab
2250 2283 2530 2354 apostolis
2563 2283 2858 2354 accepisse
2879 2280 3219 2353 praedicans.
3239 2277 3480 2331 Exstant
3500 2273 3695 2330 adhuc

2056 2374 2151 2444 qui
2183 2388 2251 2427 ex
2281 2389 2346 2428 eo
2377 2372 2720 2435 audiverint,
2757 2369 3041 2425 Joannem
3072 2365 3304 2423 Domini
3335 2361 3690 2434 discipulum

2055 2463 2264 2532 Ephesi
2314 2463 2568 2518 lavatum
2619 2460 2934 2533 aliquando
2982 2456 3184 2524 ivisse;
3235 2458 3504 2510 caeterum
3554 2467 3687 2506 cum

2054 2553 2112 2606 in
2145 2552 2370 2608 balneis
2413 2551 2755 2607 Corinthum
2801 2549 3063 2614 vidisset,
3111 2545 3336 2601 illotum
3384 2541 3520 2597 inde
3551 2557 3692 2612 pro-

2057 2641 2298 2712 fugisse,
2348 2651 2520 2712 atque
2570 2641 2786 2695 dixisse
2839 2654 2854 2692 :
2910 2637 3247 2708 Fugiamus,
3306 2633 3564 2701 obsecro,
3622 2644 3692 2686 ne

2055 2729 2355 2798 balneum,
2385 2729 2444 2784 in
2479 2746 2594 2800 quo
2624 2727 2960 2795 Corinthus,
2981 2725 3244 2782 veritatis
3269 2722 3561 2786 inimicus,
3584 2723 3696 2788 est,

2055 2820 2339 2876 concidat.
2392 2820 2525 2890 Ipse
2575 2832 2811 2889 quoque
2860 2814 3234 2888 Polycarpus,
3277 2827 3412 2867 cum
3461 2809 3514 2865 ei
3544 2813 3696 2864 Mar-

2055 2911 2180 2964 cion
2215 2908 2274 2964 in
2307 2913 2686 2978 conspectum
2717 2906 2959 2973 veniret,
2991 2908 3047 2960 et
3077 2904 3312 2971 diceret,
3342 2900 3525 2956 Nosce
3555 2914 3692 2954 nos:

2054 2998 2373 3069 respondit,
2423 2998 2631 3065 Nosco,
2680 2995 2975 3066 inquiens,
3029 3008 3204 3047 nosco
3235 2987 3690 3062 primogenitum

2055 3088 2294 3142 Satanae.
2348 3088 2528 3142 Tanta
2584 3083 2834 3156 apostoli
2873 3087 2932 3140 et
2988 3081 3258 3153 discipuli
3306 3093 3507 3134 eorum
3558 3075 3696 3131 reli-

2053 3177 2224 3248 gione
2271 3176 2522 3244 fuerunt,
2575 3179 2741 3229 utne
2779 3172 2952 3228 verba
3010 3171 3247 3241 quidem
3293 3165 3698 3223 communica-

2054 3271 2181 3322 rent
2210 3282 2339 3320 cum
2369 3264 2646 3336 quopiam
2670 3278 2896 3328 eorum,
2921 3260 3021 3332 qui
3044 3259 3338 3316 veritatem
3365 3255 3697 3311 adulterant

2052 3361 2225 3426 atque
2256 3356 2615 3427 depravant:
2663 3357 2727 3408 ut
2773 3350 2987 3407 Paulus
3029 3351 3206 3405 etiam
3237 3345 3386 3402 dixit
3421 3359 3434 3399 :
3466 3341 3694 3398 Hereti-

2054 3460 2176 3499 cum
2208 3445 2484 3499 hominem
2527 3448 2651 3514 post
2692 3458 2864 3497 unam
2899 3449 3063 3511 atque
3092 3439 3326 3493 alteram
3355 3431 3692 3490 admonitio-

2051 3550 2176 3590 nem
2206 3533 2408 3600 devita,
2457 3534 2632 3587 sciens
2681 3531 2825 3601 quod
2871 3530 3157 3584 subversas
3193 3529 3270 3581 est
3307 3525 3402 3595 qui
3429 3520 3695 3592 ejusmodi

2051 3629 2151 3692 est,
2183 3629 2237 3678 et
2265 3621 2556 3694 delinquit,
2586 3619 2810 3692 proprio
2830 3618 3051 3690 judicio
3078 3631 3176 3672 suo
3205 3614 3601 3669 condemnatus
3621 3608 3690 3665 ⁵ο.

2052 3713 2150 3767 Est
2176 3721 2367 3768 autem
2399 3715 2456 3766 et
2484 3709 2734 3780 epistola
2764 3706 3066 3779 Polycarpi
3097 3701 3440 3775 longissima
3461 3701 3532 3756 ad
3557 3698 3695 3754 Phi-

2050 3802 2342 3872 lippenses
2391 3800 2627 3870 scripta,
2675 3814 2744 3854 ex
2791 3814 2928 3869 qua,
2979 3795 3079 3868 qui
3121 3792 3435 3857 voluerint,
3470 3789 3690 3862 quique

2049 3890 2253 3945 salutis
2302 3906 2422 3945 suis
2471 3903 2670 3944 curam
2726 3885 3031 3955 gesserint,
3083 3880 3261 3938 simul
3309 3884 3370 3936 et
3397 3877 3692 3950 specimen

2050 3979 2181 4034 (idsi
2210 3978 2367 4034 illius
2389 3986 2442 4034 et
2463 3977 2786 4034 doctrinam
2809 3974 3071 4031 veritatis
3093 3973 3319 4029 discere
3344 3971 3638 4042 poterunt.
3663 3987 3691 4016 »

2049 4068 2176 4123 Haec
2235 4068 2306 4122 de
2361 4083 2426 4124 eo
2487 4066 2755 4122 Irenaeus.
2816 4062 3019 4119 Multis
3083 4066 3275 4117 autem
3335 4055 3690 4114 testimoniis

2047 4157 2258 4229 prioris
2289 4154 2546 4228 epistolae
2577 4154 2730 4210 Petri
2763 4152 3138 4224 Polycarpus,
3171 4150 3230 4204 in
3256 4164 3325 4205 ea
3351 4149 3479 4220 ipsa
3508 4159 3686 4216 quam

2047 4246 2216 4302 modo
2245 4245 2520 4310 diximus,
2554 4241 2802 4315 epistola
2832 4257 2933 4297 sua
2963 4241 3164 4296 utitur.

290 4324 544 4386 Πολλαῖς
603 4324 660 4381 δὲ
721 4328 1042 4404 μαρτυρίαις
1099 4330 1206 4385 ἀπὸ
1262 4338 1362 4402 τῆς
1419 4333 1682 4409 προτέρας
1742 4335 1947 4409 Πέτρου
2026 4331 2356 4403 Ἐπιστολῆς
2415 4332 2443 4385 ὁ
2497 4329 2856 4406 Πολύκαρπος
2913 4327 2963 4384 ἐν
3041 4331 3109 4402 τῇ
3184 4326 3444 4401 εἰρημένη
3520 4322 3684 4378 αὐτοῦ⁹

285 4423 496 4492 χρῆται
530 4417 815 4492 ἐπιστολῇ.

890 4515 1151 4568 ΚΕΦΔΛ.
1193 4515 1326 4572 AA'.

289 4596 448 4671 Περὶ
489 4603 606 4666 τῆς
637 4594 968 4678 διαδοχῆς
998 4605 1130 4678 τῶν,
1155 4601 1473 4678 τηνικάδε
1528 4604 1938 4678 αὐτοκρατό-

659 4691 781 4744 ρων
809 4667 924 4726 xui
947 4677 1072 4728 τῶν
1104 4667 1312 4750 ἔργ’ων
1344 4673 1590 4733 αὐτῶν.

365 4778 427 4832 Ὀ
469 4780 599 4840 Πῖος
657 4775 712 4832 δὲ
777 4779 1126 4849 Ἀντωνῖνος,
1196 4783 1223 4836 ὁ
1289 4783 1381 4837 καὶ
1449 4779 1690 4853 Εὐσεϐὴς
1760 4782 1934 4857 ὄνομα

291 4866 468 4940 σχὼν,
511 4865 599 4920 ἐπὶ
667 4868 790 4943 τρία
855 4871 944 4924 καὶ
1021 4870 1192 4926 εἷ’κοσι
1258 4875 1355 4941 τήν
1419 4874 1605 4948 ἀρχὴν
1672 4871 1931 4938 διιθύνας,

291 4955 498 5028 Μάρκῳ
547 4958 750 5030 Οὐήρῳ
807 4959 909 5030 υἱῷ
965 4964 1045 5032 τῷ
1095 4962 1182 5016 καὶ
1241 4963 1393 5033 αὐτῷ
1451 4962 1754 5035 Ἀντωνίνῳ
1812 4962 1931 5017 ἐπι-

287 5042 569 5115 κληθέντι,
615 5047 707 5100 σὺν
752 5047 972 5122 Λουκίῳ
1028 5053 1107 5124 τῷ
1162 5047 1385 5127 ἀδελφῷ
1440 5052 1538 5121 τὴν
1599 5051 1926 5127 αὐνοκρατο·

361 5215 407 5250 ⁸⁸
431 5216 548 5273 Tit.
580 5233 666 5288 Ill,
702 5221 788 5276 10.

359 5386 436 5472 (ί)
465 5391 748 5472 'I‘._Aurel_.
799 5393 1127 5472 Antoninus
1155 5395 1327 5472 Pius,
1372 5398 1612 5472 Adriani
1644 5417 1838 5472 gener,
1865 5399 1937 5458 ab

288 5466 501 5538 epdemr
541 5464 606 5538 ἱιι⁸
649 5464 836 5520 filium
887 5467 1199 5538 adoptatus
1249 5469 1379 5535 fuit,
1428 5470 1601 5526 sicuti
1632 5464 1688 5527 ἐι
1715 5475 1785 5529 ab
1820 5464 1928 5529 hoc

287 5530 364 5585 M.
399 5535 724 5608 Antoninus
768 5551 964 5608 gener.
999 5530 1077 5593 'L.
1120 5545 1314 5596 autem
1345 5530 1570 5597 Annius
1599 5546 1928 5601 Antoninus

286 5618 468 5687 nepos
522 5605 811 5687 Antonini
853 5610 969 5687 Pii_
997 5610 1121 5687 fu‘ii.
1180 5611 1274 5687 _M—_
1321 5613 1671 5687 Antoninus,
1718 5619 1816 5687 qui
1875 5622 1932 5672 et

285 5673 674 5747 Philosophus
703 5678 911 5751 dictus,
944 5679 1007 5737 L.
1037 5673 1298 5738 Annium
1320 5673 1686 5741 Antoninum
1716 5673 1930 5744 Verum

2517 4515 2675 4570 206
2716 4512 2949 4569 CAPUT
2987 4510 3200 4567 XXXI.

2045 4607 2118 4661 De
2146 4606 2480 4660 successione
2527 4604 2642 4674 ejus
2691 4603 2949 4673 temporis
2978 4603 3394 4682 imperatorum,
3423 4594 3688 4665 rebusque

2663 4690 2859 4730 eorum
2885 4681 3063 4745 gestis.

2113 4785 2463 4853 Antoninus,
2489 4784 2581 4839 cui
2613 4783 2790 4840 etiam
2820 4782 2908 4838 Pii
2959 4796 3170 4837 nomen
3213 4778 3317 4834 fuit
3348 4776 3448 4849 (1),
3477 4771 3687 4846 viginti

2043 4880 2161 4930 tres
2192 4873 2500 4946 imperavit
2528 4890 2734 4941 annos,
2779 4876 2836 4928 et
2874 4870 3190 4943 imperium
3223 4868 3552 4924 Romanum
3585 4865 3689 4919 de-

2043 4965 2253 5020 cedens
2301 4964 2492 5020 Marco
2539 4963 2682 5018 ιΕΙὶο
2731 4961 2872 5029 ﬁlio,
2925 4965 2982 5016 et
3029 4959 3141 5031 ipsi
3183 4956 3478 5014 Antonino
3511 4953 3683 5021 dicto,

2040 5059 2099 5110 et
2155 5054 2328 5110 Lucio
2404 5054 2565 5111 fratri
2630 5053 2760 5124 ejus
2831 5050 3084 5122 reliquit.
3145 5048 3286 5104 Pius
3348 5061 3519 5118 porro
3575 5044 3686 5098 iste

2049 5401 2278 5481 imperii
2310 5400 2536 5481 socium
2561 5399 2673 5456 sibi
2703 5399 2962 5481 adscivit.
2990 5402 3061 5481 Et
3087 5403 3212 5454 tum
3237 5399 3493 5481 primum
3517 5397 3681 5481 Rom.

2042 5471 2280 5544 respub.
2339 5473 2567 5528 duobus
2622 5488 2786 5544 aequo
2828 5474 2958 5543 jure
3006 5471 3427 5543 imperantibus
3467 5471 3681 5542 paruit.

2039 5543 2172 5616 cum
2227 5548 2396 5599 antea
2445 5543 2706 5616 singulos
2745 5560 2974 5615 semper
3019 5544 3316 5616 habuisset
3362 5547 3680 5616 Augustos.

2039 5615 2364 5686 Utrumque
2414 5613 2687 5673 Hadriani
2740 5613 2912 5687 jussu
2963 5615 3292 5673 Antoninus
3350 5613 3487 5671 Pius
3538 5613 3680 5668 ado-

2040 5687 2243 5758 ptavit.
