4032 6282
214 411 336 474 961

1205 402 1820 468 ΕΟΟΕΕΒΙΑΒΤΙΕΛΕ
1861 402 2253 465 ΗΙΞΤΟΒΙΛΕ
2290 404 2444 465 LlB.
2491 403 2597 465 IlI.

3500 403 3621 467 962

211 544 319 613 τὴν
362 546 529 613 ἧτταν
577 541 1025 616 ἀπενεγκάμενος,
1072 536 1153 618 ἐφ’
1202 538 1285 601 οἷς
1337 536 1398 593 οὔ
1444 535 1627 599 καλῶς
1673 534 1863 611 ἔπρατ-

1979 538 2243 610 soquein
2270 537 2687 611 professionem
2718 541 2981 595 nostram
3024 537 3345 596 criminans
3388 541 3626 600 invehe-

212 653 298 695 τε,
355 632 446 688 καὶ
506 631 680 707 λέγων
737 628 1028 699 διετώθαζε
1119 629 1185 683 τὰ
1268 627 1529 703 ἡμέτερα,
1614 623 1865 704 διεφάνη.

218 726 497 796 Πονηροῖς
541 721 647 795 γάρ
693 740 804 774 τισι
848 723 959 773 τῶν
1003 715 1193 792 ἄρχειν
1247 715 1540 793 λαχόνσων
1598 716 1733 789 μετὰ
1774 717 1863 771 καὶ

216 809 411 865 ἄλλων
465 811 727 878 ωσκευήν
776 811 891 863 κατ’
948 806 1113 862 αὐτοῦ
1160 806 1555 875 ποιησάμενος,
1610 805 1869 880 βασάνοις

219 900 309 967 ὠς,
340 898 643 964 πλείσταις,
699 897 790 952 καὶ
844 896 907 951 τὸ
964 893 1273 950 τελεὸταῖον
1333 894 1508 967 ξίφεσι
1564 890 1864 964 διακόπτει,

219 990 298 1052 ὡς
331 993 409 1060 τῷ
456 985 567 1044 ὄντι
615 989 716 1056 τὴν
761 983 942 1057 ἀληθῆ
996 983 1186 1058 σοφίαν
1232 981 1560 1056 ῳιλήσαννα,
1593 985 1681 1038 καὶ
1732 984 1868 1058 πρὸς

218 1080 317 1135 τὸν
374 1080 713 1153 ποθοῦμενον
760 1076 933 1137 οὕτως
992 1073 1196 1148 ἐχώρει
1244 1072 1504 1147 Χριστόν.
1534 1078 1596 1129 Ἃ
1656 1070 1715 1127 δὲ
1760 1093 1868 1127 πα-

216 1169 332 1222 θεῖν
379 1160 634 1240 ἔμελλεν,
684 1166 736 1220 ἐν
790 1168 862 1239 τῇ
939 1160 1252 1237 δηλωθείσῃ
1324 1158 1595 1239 ἀπολογίᾳ
1662 1163 1865 1240 φθάσας

212 1256 601 1332 προαγορεύει,
660 1252 806 1310 οὕτω
861 1253 999 1307 κατᾶ
1055 1252 1207 1325 ῥῆμα
1277 1247 1485 1321 διεξιών
1542 1266 1559 1282 ⁶
1610 1274 1639 1303 ‹‹
1696 1251 1865 1327 Κάγὼ

214 1345 316 1402 οὖν
345 1341 638 1421 προσδοκῶ
707 1340 810 1399 ὁπό
883 1361 1030 1405 τινος
1096 1345 1205 1394 τῶν
1265 1338 1666 1413 ὠνομασμένων
1743 1339 1863 1396 ἐπι-

211 1432 607 1505 ϐουλευθῆναι,
662 1432 753 1488 καὶ
803 1431 950 1504 ξύλῳ
1015 1429 1362 1507 ἑντιναγῆναι
1396 1449 1408 1461 ·
1484 1429 1521 1500 ἢ
1591 1428 1681 1485 καὶ
1760 1431 1863 1485 ὑπὸ

212 1526 561 1601 Κρήσκεντος
591 1526 690 1578 τοῦ
737 1517 1078 1599 ἀφιλοσόφου
1121 1519 1211 1574 καὶ
1243 1517 1595 1596 φιλοκόμπου
1620 1537 1634 1552 ’
1667 1519 1731 1574 οὗ
1760 1518 1860 1594 γάρ

212 1612 525 1693 φιλόσοφον
575 1608 745 1667 εἰπεῖν
801 1607 948 1682 ἄξιον
1004 1609 1096 1664 τὸν
1146 1605 1335 1682 ἄνδρα,
1392 1609 1452 1670 ὃς
1507 1629 1569 1684 γε
1624 1608 1748 1685 περὶ
1787 1610 1861 1662 ὧν

214 1706 299 1778 μὴ
354 1703 639 1758 ἐπίσταται
686 1697 931 1770 δημοσίᾳ
971 1702 1396 1773 καταμαρτυρεῖ,
1429 1698 1504 1760 ὡς
1551 1698 1724 1753 ἀθέων
1769 1698 1860 1753 καὶ

210 1787 427 1849 ἀσεϐῶν
484 1794 826 1866 Χριστιανῶν
878 1788 1075 1860 ὄντων,
1123 1788 1261 1862 πρὸς
1320 1790 1479 1863 χάριν
1523 1788 1611 1842 καὶ
1653 1785 1857 1857 ἡδονὴν

209 1887 325 1938 τῶν
395 1878 821 1953 πεπλανημένων
877 1882 1045 1934 τοῦτο
1101 1876 1374 1951 πράττων.
1434 1874 1558 1931 Εἴτε
1611 1880 1713 1952 γάρ
1780 1877 1857 1949 μὴ
1889 1920 1935 1987 Β

217 1971 233 1987 9
398 1969 412 1987 ι
581 1974 604 1986 ο
752 1972 776 1983 ~
852 1969 896 1987 υ
1056 1970 1082 1981 ε’
1169 1964 1193 1987 θ
1227 1963 1251 1987 ’5
1274 1967 1283 1981 '
1682 1986 1699 1987 φ
1720 1966 1759 1987 ,l

211 1969 464 2046 ἐντυχὼΑ
514 1974 631 2033 τοῖς
684 1972 783 2025 τοῦ
852 1969 1087 2041 Χριστοῦ
1166 1963 1461 2039 διδάγμασι
1536 1966 1859 2041 κατατρέχει

211 2063 407 2133 ἡμῶν,
438 2055 800 2132 παμπόνηρός
841 2055 975 2128 ἐστι,
1005 2054 1095 2110 καὶ
1149 2053 1382 2110 ἰδιωτῶν
1442 2054 1586 2111 πολὺ
1634 2055 1860 2131 χείρων,

211 2150 269 2206 οἳ
328 2147 692 2226 φυλάττονται
750 2144 1027 2208 πολλάκις
1082 2145 1205 2217 περὶ
1264 2146 1337 2199 ὧν
1394 2143 1497 2200 οὐκ
1552 2145 1859 2201 ἐπίστανται

211 2238 560 2312 διαλέγεσθαι
608 2238 699 2292 καὶ
758 2233 1223 2310 ψευδομαρτυρεῖν
1256 2250 1270 2265 ⁸
1320 2236 1355 2305 ἢ
1416 2234 1461 2289 εἷ
1512 2233 1754 2309 ἐντυχὼν
1800 2234 1861 2290 οὐ

208 2335 419 2399 συνῆκε
474 2328 538 2381 τὸ
597 2325 649 2382 ἐν
706 2325 893 2387 αὐτοῖς
945 2321 1258 2400 μεγαλεῖον,
1306 2326 1342 2395 ἢ
1374 2325 1570 2385 συνιεῖς
1619 2325 1753 2399 πρὸς
1799 2323 1863 2378 τὸ

213 2420 294 2491 μὴ
339 2417 746 2486 ὁποπτεοθῆναι
789 2420 1038 2477 τοιοῦτος
1076 2421 1252 2470 ταῦτα
1298 2419 1466 2486 ποιεῖ,
1510 2413 1656 2469 πολὺ
1718 2411 1862 2486 μᾶλ-

209 2505 314 2562 λον
362 2507 586 2581 ἀγεννής
631 2506 723 2561 καὶ
770 2506 1159 2580 παμπόνηρος,
1195 2504 1477 2574 ἶδιωτικῆς
1531 2505 1621 2559 καί
1653 2502 1862 2579 ἀλόγου

212 2594 380 2665 δόξης
432 2595 522 2650 καὶ
572 2591 746 2675 φόϐου
804 2596 904 2650 οὐκ
958 2593 1200 2651 ἐλάττων
1260 2592 1354 2650 ὥν.
1420 2618 1449 2645 »
1523 2597 1697 2648 Ταῦσα
1767 2594 1860 2665 μὶν

214 2688 513 2747 ἰουστῖνος
547 2703 560 2715 ·
623 2684 705 2739 ὅτι
766 2682 825 2738 δὲ
879 2686 1016 2739 κατὰ
1070 2686 1169 2753 τὴν
1214 2684 1378 2739 αὐτοῦ
1423 2680 1724 2756 πρόῤῥησιν
1761 2682 1862 2736 ὑπὸ

211 2773 414 2830 τούτου
474 2771 542 2843 δὴ
598 2777 695 2828 τοῦ
748 2775 1084 2848 Κρήσκεντος
1138 2773 1201 2828 τὸ
1248 2775 1364 2827 κατ’
1421 2772 1585 2826 αὐτοῦ
1662 2769 1861 2846 συῤῥά-

213 2883 414 2925 καντος
467 2858 787 2917 διαδούλιον
840 2861 1206 2932 τετελείωται,
1251 2861 1474 2935 ἀπόχρη
1523 2860 1611 2914 καὶ
1671 2866 1863 2914 Τατια-

219 2956 301 3022 νῷ
356 2954 644 3023 παριστάν,
703 2948 859 3025 ἀνδρὶ
912 2952 1003 3005 τὸν
1067 2950 1164 3024 μὶν
1208 2955 1422 3022 πρῶτον
1458 2948 1622 3003 αὐτοῦ
1658 2946 1773 3021 βίον
1808 2945 1861 3001 ἐν

212 3046 333 3102 τοῖς
394 3044 504 3095 τῶν
562 3038 848 3108 Ἑλλήνων
927 3042 1212 3112 μαθήμασι
1288 3038 1713 3111 σοφιστεύσαντι,
1771 3038 1862 3092 καὶ

216 3131 439 3205 βαθεῖαν
492 3128 757 3203 ὲσχηκότι
809 3128 963 3199 δόξαν
1013 3128 1065 3183 ἐν
1104 3131 1345 3196 τούτοις,
1380 3126 1481 3183 οὒκ
1510 3128 1775 3202 ἐλάχιστα
1806 3124 1864 3181 δὲ

208 3219 307 3274 καὶ
370 3218 593 3291 μνήμης
651 3216 773 3290 ἄξια
830 3214 920 3272 διὰ
979 3217 1157 3293 λόγων
1206 3220 1343 3290 ἡμῖν
1413 3215 1856 3273 καταλελοιπὸτι.

211 3309 417 3382 Γράφει
471 3306 647 3360 τοίνυν
705 3308 757 3361 ἐν
803 3309 882 3377 τῷ
933 3307 1069 3379 πρὸς
1126 3306 1400 3377 ’Έλληνας
1471 3306 1637 3361 αὐτοῦ
1713 3303 1862 3380 λόγῳ

215 3395 430 3456 οὕτως·
493 3416 522 3445 (ι
576 3396 673 3449 Καὶ
728 3395 756 3449 ὁ
824 3395 1264 3466 θαυμαςιώτατος
1322 3396 1609 3456 Ἰουστῖνος
1688 3394 1863 3469 ὀρθῶς

214 3484 571 3564 ἐξεφώνησεν,
617 3483 847 3541 ἐοικέναι
895 3487 1026 3548 τοὺς
1073 3485 1506 3560 προιερημένους
1556 3485 1801 3559 λῃσταῖς.
1832 3509 1860 3536 ››

218 3576 355 3633 Εἶτα
408 3576 497 3630 καὶ
556 3596 674 3631 τινα
729 3574 873 3631 ἄλλα
928 3577 1053 3651 περὶ
1126 3581 1234 3632 τῶν
1310 3575 1618 3652 φιλοσόσων
1695 3572 1888 3630 εἰπὼν”

217 3665 517 3743 ἐπιφέρει·
578 3689 605 3718 α
665 3667 923 3739 Κρήσκης
976 3663 1067 3720 οὖν
1124 3664 1490 3726 ἐννεοττεύσας
1545 3668 1615 3730 τῇ
1651 3663 1863 3739 μεγάλῃ

216 3756 409 3825 πόλει,
457 3753 810 3829 παιδεραστίᾳ
861 3756 954 3828 μὲν
1003 3756 1205 3818 πάντας
1267 3757 1616 3831 ὑπερήνεγκε,
1664 3757 1863 3831 φιλαρ-

216 3844 386 3919 γυρίᾳ
417 3843 474 3900 δὲ
528 3845 668 3900 πάνυ
723 3846 1007 3922 προσεχὴς
1064 3846 1129 3914 ἦν
1178 3864 1191 3877 ·
1252 3846 1481 3899 θανάτου
1530 3841 1586 3899 δὲ
1642 3846 1861 3899 ὁκατα-

219 3941 443 4009 φρονεῖν
524 3930 937 4008 συμϐουλεύων,
1004 3934 1183 3997 οὕτως
1266 3936 1424 3997 αὐτὸς
1499 3932 1691 3990 ἐδεδίει
1775 3936 1864 3989 τὸν

218 4025 468 4090 θάνατον,
521 4024 595 4087 ὡς
650 4023 739 4078 καὶ
791 4025 1100 4092 Ἰουστῖνον,
1149 4024 1389 4098 καθάπερ
1439 4023 1660 4098 μεγάλῳ
1689 4028 1859 4095 κακῷ,

212 4118 299 4182 τῷ
345 4112 558 4184 θανάτῳ
604 4108 919 4187 περιϐαλεῖν
983 4112 1513 4187 πραγματεύσασθαι.
1561 4114 1709 4167 Διὸτι
1756 4133 1863 4182 κη-

217 4211 435 4271 ρύττων
489 4203 589 4269 τὴν
654 4200 935 4271 ἀλήθειαν,
1012 4200 1237 4276 λίχνους
1310 4200 1440 4262 τοὺς
1527 4201 1861 4279 φιλοσόφους

215 4289 311 4343 καὶ
372 4290 686 4352 ἀπατεῶνας
754 4288 1034 4365 συνέλεχε.
1118 4314 1148 4342 η
1229 4292 1331 4347 Καὶ
1405 4291 1668 4360 τοιαύτην
1764 4293 1860 4364 μὲν

215 4382 396 4437 αἰτίαν
430 4380 556 4456 ἔσχε
582 4384 645 4437 τὸ
665 4384 800 4437 κατά
831 4385 1119 4439 Ἰουστῖνον
1157 4382 1471 4457 μαρτύριον.

1974 632 2155 697 retur,
2187 628 2455 685 Justinus
2483 627 2852 692 convicisset,
2886 643 3019 683 cum
3064 627 3351 701 improbis
3378 630 3626 701 quibus-

1976 719 2112 774 dam
2136 718 2235 790 qui
2265 721 2644 789 magistratus
2692 717 2989 789 gerebant,
3011 722 3185 790 atque
3234 718 3437 776 itidem
3495 737 3621 777 cum

1973 808 2106 865 aliis
2161 807 2260 863 ille
2324 806 2759 879 conspiratione
2807 811 3008 863 contra
3086 807 3389 865 Justinum
3448 810 3623 880 facta,

1974 896 2281 953 tormentis
2338 896 2791 968 quamplurimis
2847 911 2983 952 eum
3033 896 3245 967 affecit,
3304 901 3361 953 et
3406 905 3633 970 postre.

1976 1004 2072 1043 mo
2134 987 2345 1058 gladiis
2418 987 2589 1043 etiam
2676 985 2940 1056 confecit,
2994 1003 3138 1043 veras
3213 1005 3454 1061 prorsus
3528 1011 3623 1050 ea-

1974 1078 2203 1150 pientise
2226 1080 2600 1133 sectatorum.
2633 1075 2719 1132 Ita
2772 1075 2870 1132 ille
2924 1075 2996 1132 ad
3054 1077 3450 1137 desideratum
3507 1082 3619 1139 sibi

1972 1167 2269 1223 Christum
2291 1165 2537 1222 transiit.
2570 1165 2703 1228 Que
2744 1170 2940 1222 autem
2985 1182 3267 1237 passurus
3315 1169 3521 1239 fuerat,
3553 1188 3622 1229 ea

1973 1261 2143 1312 antea
2163 1272 2397 1327 quoque
2426 1257 2484 1310 in
2523 1271 2591 1311 ea
2647 1270 2823 1327 quam
2865 1255 3144 1324 diximus,
3171 1259 3488 1327 posteriore
3530 1262 3624 1317 de-

1973 1345 2232 1401 fensione
2264 1344 2532 1400 divinans
2566 1344 2854 1415 pradixit,
2887 1345 2956 1399 ad
2986 1342 3145 1401 hunc
3192 1347 3431 1404 modum
3479 1350 3623 1407 scri-

1971 1434 2114 1489 bens
2147 1451 2162 1489 :
2193 1454 2223 1484 ‹‹
2252 1434 2369 1504 Ego
2400 1431 2634 1504 quidem
2670 1430 2916 1487 insidias
2947 1437 3006 1488 et
3046 1433 3400 1491 fustuarium
3433 1453 3614 1510 exspe

1971 1526 2117 1579 ctoa
2157 1523 2457 1595 quopiam,
2491 1521 2592 1594 qui
2643 1519 2892 1592 alicujus
2949 1521 3027 1577 sit
3076 1522 3348 1595 nominis,
3380 1526 3473 1582 vel
3539 1528 3613 1584 ab

1970 1613 2098 1685 ipso
2129 1615 2304 1668 etiam
2335 1612 2640 1668 Crescente
2668 1611 2996 1682 insipiente,
3020 1615 3366 1685 arrogantiae
3396 1616 3613 1689 quippe

1969 1704 2153 1774 magis
2185 1719 2362 1774 quam
2412 1700 2703 1770 sapientiae
2735 1704 2991 1755 amante.
3025 1701 3308 1774 Indignus
3356 1722 3610 1776 namque

1967 1797 2075 1860 est,
2108 1792 2211 1864 qui
2241 1790 2622 1863 philosophus
2648 1797 2701 1846 et
2732 1790 3027 1862 sapientis;
3066 1797 3290 1850 amator
3331 1794 3556 1852 dicatur
3589 1811 3605 1850 :

1968 1887 2271 1953 propterea
2299 1881 2454 1952 quod
2486 1879 2719 1951 publice
2748 1881 2820 1936 de
2840 1881 3012 1938 rebus
3042 1898 3191 1954 quas
3238 1882 3493 1955 ignorat,
3525 1884 3615 1941 vi-

1966 1971 2174 2028 delicet
2202 1972 2356 2044 quod
2386 1969 2697 2025 Christiani
2726 1970 2881 2025 athei
2930 1987 3281 2045 prorsusque
3321 1972 3449 2031 sine
3493 1974 3612 2032 Deo

1967 2064 2024 2118 et
2052 2061 2218 2133 impii
2250 2064 2387 2128 sint,
2417 2063 2727 2126 asseverat,
2742 2060 2813 2114 ad
2838 2060 3089 2131 gratiam
3110 2061 3487 2120 etlibidinsm
3514 2080 3616 2121 eo-

1966 2167 2099 2206 rum
2130 2149 2228 2221 qui
2256 2147 2330 2204 ab
2357 2164 2423 2204 eo
2447 2152 2586 2204 sunt
2618 2148 2677 2202 in
2707 2164 2959 2205 errorem
2991 2150 3236 2221 seducti,
3269 2153 3324 2207 id
3374 2152 3611 2210 faciens.

1965 2240 2025 2296 Si
2058 2239 2213 2294 enim
2236 2237 2557 2294 doctrinam
2583 2237 2815 2306 Christi,
2849 2254 3026 2310 quam
3084 2255 3199 2295 non
3256 2241 3466 2311 attigit,
3517 2258 3615 2298 re-

1968 2327 2380 2400 prehendendo
2412 2326 2751 2397 proscindit,
2800 2326 3273 2398 improbissimus
3320 2333 3428 2399 est,
3459 2330 3615 2385 idio-

1967 2419 2044 2475 tis
2064 2423 2239 2489 atque
2271 2417 2523 2472 indoctis
2553 2415 2890 2473 hominibus
2919 2416 3107 2473 multo
3156 2418 3424 2488 deterior,
3458 2420 3612 2478 268

1967 2507 2069 2579 qui
2112 2522 2264 2579 sepe
2301 2507 2373 2561 de
2419 2506 2593 2562 rebus
2639 2521 2787 2577 quas
2834 2505 3122 2578 ignorant,
3157 2507 3314 2579 loqui
3360 2513 3418 2564 et
3465 2509 3612 2568 falso

1969 2596 2267 2653 testificari
2300 2597 2708 2668 supersedent;
2724 2597 2822 2651 sed
2840 2596 2885 2651 si
2899 2596 3285 2652 Christianam
3301 2599 3613 2669 professio-

1969 2703 2099 2742 nem
2127 2685 2360 2750 didicit,
2391 2689 2493 2740 aut
2524 2685 2973 2756 amplitudinem
3003 2686 3130 2757 ejus
3162 2702 3275 2741 non
3307 2686 3615 2758 intellexit,

1968 2782 2072 2832 aut
2101 2779 2252 2832 certe
2283 2773 2579 2843 intellexit,
2602 2779 2659 2829 et
2683 2789 2753 2828 ne
2765 2774 3131 2830 Christianus
3148 2791 3277 2832 esse
3306 2781 3619 2848 suspectus

1969 2866 2089 2933 ﬁat,
2119 2881 2235 2920 non
2267 2864 2644 2920 criminatur:
2680 2863 2871 2934 itaque
2895 2862 3064 2936 longe
3083 2865 3274 2921 adhuc
3290 2870 3379 2921 est
3398 2865 3620 2937 impor-

1970 2956 2184 3022 tunior,
2219 2951 2614 3024 nihilingenui
2637 2958 2692 3007 et
2713 2950 2971 3008 liberalis
2993 2952 3212 3024 ingenii
3254 2953 3498 3023 habens,
3533 2960 3621 3012 ut-

1971 3049 2103 3115 pote
2129 3042 2325 3113 inepta
2354 3046 2412 3096 et
2439 3041 2695 3096 absurda
2712 3040 2981 3110 Opinione
2999 3041 3109 3110 vir,
3143 3042 3449 3115 timorique
3479 3061 3617 3100 sor-

1969 3131 2105 3188 dido
2134 3131 2442 3187 obnoxius.
2470 3150 2500 3178 »
2527 3128 2656 3184 Haec
2685 3129 2978 3185 Justinus.
3013 3131 3173 3197 Quod
3222 3136 3416 3188 autem
3451 3134 3617 3203 juxta

1972 3238 2140 3277 suam
2174 3221 2360 3291 ipsius
2406 3219 2837 3291 praedictionem
2859 3219 3236 3291 aCrescente,
3261 3222 3362 3293 qui
3418 3227 3621 3281 auctor

1974 3311 2135 3366 inita
2160 3318 2360 3366 conlra
2388 3325 2521 3364 eum
2562 3307 2978 3379 conjuratiouis
3039 3309 3172 3376 fuit,
3222 3310 3485 3367 sublatus
3521 3312 3621 3381 sit,

1971 3401 2258 3455 Tatianus
2291 3398 2438 3454 satis
2480 3401 2749 3464 testatur,
2774 3398 2855 3452 vir
2903 3399 3192 3468 egregius,
3216 3399 3317 3470 qui
3376 3401 3620 3470 primam

1972 3492 2199 3542 aetatem
2223 3486 2551 3543 Graecorum
2577 3486 2903 3556 disciplinis
2925 3486 3203 3542 docendis
3233 3490 3619 3560 consumpsit,

1973 3591 2361 3647 magnamque
2389 3575 2447 3630 in
2481 3576 2565 3630 eis
2595 3573 2828 3630 laudem
2864 3577 2954 3631 est
3000 3580 3367 3644 consecutus,
3399 3578 3619 3649 quique

1972 3691 2087 3729 non
2119 3690 2306 3745 pauca
2336 3672 2621 3727 memoria
2650 3672 2828 3741 digna
2858 3672 3027 3727 nobis
3058 3672 3234 3728 etiam
3275 3674 3495 3745 scripta
3524 3691 3617 3731 re-

1970 3763 2162 3834 liquit.
2197 3765 2250 3818 Is
2277 3761 2548 3833 itaquein
2579 3761 2838 3817 oratione
2877 3778 2984 3817 sua
3014 3763 3086 3818 ad
3118 3762 3445 3820 Graecosita
3479 3765 3619 3820 scri-

1973 3853 2062 3907 bit
2091 3869 2104 3907 :
2134 3873 2163 3903 «
2194 3852 2263 3907 Et
2288 3850 2562 3906 Justinus
2611 3850 2996 3906 admiratione
3043 3854 3306 3908 omnium
3348 3853 3628 3925 dignissi-

1974 3956 2103 3996 mus
2137 3944 2284 3996 recte
2315 3954 2415 3993 eos
2467 3938 2540 3993 de
2578 3937 2790 4005 quibus
2847 3937 3100 3993 diximus
3133 3939 3462 4009 persimiles
3492 3956 3622 3997 esse

1974 4029 2342 4101 praedonibus
2370 4027 2731 4083 exclamavit.
2768 4049 2790 4078 ι
2828 4026 3043 4083 Deinde
3073 4028 3206 4084 aliis
3256 4029 3618 4100 quibusdam,

1972 4121 2043 4175 de
2082 4117 2463 4188 phiIOSOphis,
2517 4117 2693 4172 rebus
2742 4118 3044 4189 expositis,
3094 4117 3312 4174 infert:
3358 4119 3620 4190 «Itaque

1971 4209 2246 4264 Crescens
2266 4222 2398 4262 cum
2423 4206 2480 4260 in
2513 4221 2728 4277 magna
2759 4208 2900 4262 urbe
2928 4205 3289 4261 domicilium
3334 4207 3616 4265 collocas-

1973 4302 2080 4362 set,
2120 4294 2354 4351 lascivia
2395 4294 2630 4366 quidem
2678 4295 2737 4349 in
2781 4311 2992 4364 pueros
3058 4310 3263 4350 omnes
3309 4312 3621 4369 exsupera-

1974 4388 2095 4441 bat.
2126 4384 2393 4440 Avaritias
2423 4389 2618 4439 autem
2653 4383 2821 4440 valde
2876 4382 3109 4440 deditus
3152 4388 3296 4440 erat.
3329 4385 3437 4450 Qui
3478 4402 3614 4441 vero

213 4474 351 4528 aliis
407 4475 612 4527 mortis
668 4480 1069 4543 contemptura
1154 4472 1456 4539 suadebat,
1506 4476 1588 4529 ita
1634 4490 1759 4530 eam
1831 4475 1955 4546 ipse
2004 4474 2314 4540 metuebat,
2373 4477 2438 4526 ut
2499 4471 2732 4527 Justino
2797 4479 3062 4533 mortem.
3118 4472 3294 4527 veluti
3337 4489 3618 4545 magnum

213 4564 455 4635 aliquod
490 4565 732 4631 malum,
765 4564 1197 4620 cnncinnaverit
1230 4579 1243 4619 :
1277 4571 1576 4635 prOpterea
1599 4568 1751 4635 quod
1800 4564 1896 4620 ille
1941 4564 2244 4620 veritatem
2298 4562 2644 4634 predicans,
2676 4561 3054 4634 philosophos
3107 4561 3409 4618 helluones
3449 4571 3625 4632 atque

213 4657 569 4724 impostores
598 4669 722 4710 esse
742 4656 1025 4725 coarguit.
1059 4675 1088 4704 »
1118 4659 1303 4726 Atque
1336 4658 1450 4711 haec
1482 4656 1720 4726 quidem
1750 4655 1980 4709 Justino
2012 4652 2281 4725 martyrii
2310 4668 2486 4708 causa
2532 4652 2662 4707 fuit.

836 4802 1093 4853 ΚΕΦΑΛ.
1137 4802 1253 4854 AI".
1887 4804 1941 4871 ι)

215 4904 369 4976 Περὶ
424 4899 669 4977 ἄλλων,
701 4905 1081 4977 μαρτύπων,
1116 4904 1196 4959 ὧν
1248 4905 1451 4977 αὐτὸς
1496 4908 1867 4969 Ἰουστῖνος

485 4972 546 5028 ἐν
576 4970 729 5046 ἱδίῴ
761 4970 1074 5049 ἐμνήσθη
1097 4975 1597 5053 συγγράμματι.

286 5097 346 5149 Ὃ
378 5093 424 5150 δ’
456 5095 614 5158 αὐτὸς
637 5098 725 5152 καὶ
777 5096 967 5154 ἄλλων
1017 5099 1122 5173 πρὸ
1171 5098 1335 5155 αὐτοῦ
1369 5101 1696 5174 μνημονεύει
1733 5119 1865 5175 μαρ-

212 5186 396 5259 τύρων
433 5183 488 5239 ἐν
543 5189 612 5258 τῇ
670 5190 786 5241 κατ’
845 5187 1006 5242 αὐτὸν
1053 5186 1383 5264 Ἀπολογίᾳ,
1447 5189 1740 5264 χρησίμως
1795 5193 1864 5263 τῇ

217 5273 471 5330 ὑποθέσει
527 5273 618 5329 καὶ
669 5278 836 5331 ταῦτα
882 5277 1194 5347 παρατιθείς
1231 5295 1243 5310 ⁶
1276 5278 1352 5340 ὡς
1398 5278 1618 5353 γύναιον
1669 5277 1862 5351 ἰταμὸν

217 5366 327 5421 ἀπὸ
386 5363 575 5436 πείρας
632 5365 926 5437 ἀκολάστῳ
984 5367 1249 5441 συνάζύγη
1307 5366 1485 5443 ἀνδρίι
1544 5373 1631 5430 Ὡς
1693 5366 1750 5423 δὲ
1803 5370 1866 5423 τὸ

219 5453 357 5507 κατὰ
416 5454 651 5526 Χριστὸν
714 5457 875 5510 ποθεν
930 5451 1069 5529 ἔγνω
1130 5458 1445 5530 μυστήριον,
1502 5458 1752 5535 σώφρονά
1809 5477 1868 5512 τε

225 5543 350 5614 βίον
389 5543 685 5610 ἠσπάζετο,
718 5544 809 5597 καὶ
864 5544 955 5598 τὸν
996 5541 1164 5617 ἄνδρα
1207 5545 1351 5600 οὕτω
1386 5546 1544 5619 βιοῦν
1574 5543 1772 5608 ἔπειθε.
1802 5546 1866 5600 τό

219 5651 281 5686 τε
317 5627 522 5701 μέλλον
578 5631 1027 5704 ὑποσημαίνουσα
1079 5637 1186 5707 πῦρ
1241 5637 1359 5695 τοῖς
1410 5634 1676 5705 ἀκολασίᾳ
1712 5654 1869 5708 χρω-

229 5718 411 5791 μένοις
436 5717 525 5773 καὶ
566 5724 686 5782 ταῖς
728 5718 953 5790 ἡδοναῖς
1002 5720 1380 5799 φλεγομένοις,
1420 5720 1532 5778 ἔστι
1581 5721 1628 5777 δ’
1659 5723 1750 5779 ὅτε
1773 5722 1864 5778 καὶ

2538 4795 2771 4852 CAPUT
2808 4796 3050 4855 XXXIII.

1976 4906 2050 4962 De
2077 4906 2206 4962 aliis
2234 4904 2596 4976 martyribus,
2615 4893 2859 4976 quorum
2884 4905 3001 4976 ipse
3027 4908 3276 4962 Justinus
3319 4907 3374 4962 in
3432 4906 3625 4976 singu-

2348 4975 2460 5032 lari
2486 4975 2718 5049 quodam
2748 4975 2933 5034 libello
2961 4978 3234 5035 meminit.

2048 5104 2207 5160 Idem
2239 5118 2370 5158 vero
2394 5102 2453 5157 in
2483 5101 2761 5174 Apologia
2790 5119 2892 5159 sua
2931 5102 3177 5161 aliorum
3209 5120 3442 5176 quoque
3489 5110 3625 5161 ante

1975 5209 2038 5250 se
2069 5196 2391 5264 martyrum
2442 5191 2760 5257 meminit;
2802 5198 2859 5247 et
2913 5203 3258 5266 argumento
3320 5195 3625 5266 proposito

1975 5283 2383 5353 percommode
2425 5280 2816 5349 subserviens,
2846 5280 2991 5337 illud
3025 5283 3199 5338 etiam
3257 5284 3455 5339 addit:
3488 5299 3625 5338 mu-

1976 5371 2275 5426 lierculam
2308 5385 2497 5426 rerum
2557 5370 2841 5425 malarum
2902 5386 3011 5425 usu
3072 5372 3467 5441 temerariam,
3497 5374 3620 5429 viro

1973 5460 2175 5514 itidem
2224 5458 2521 5513 luxurioso
2570 5460 2836 5530 junctam
2891 5459 3088 5515 fuisse.
3149 5458 3223 5515 Ut
3304 5468 3495 5516 autem
3552 5477 3623 5515 ea

1977 5546 2284 5619 mysticam
2307 5545 2523 5602 Christi
2575 5546 2995 5616 professionem
3056 5545 3324 5602 alicunde
3380 5549 3625 5620 perdidi-

1976 5637 2229 5703 clt,cum
2263 5636 2454 5705 ipsam
2491 5637 2848 5691 moderatam
2878 5636 3398 5707 continentemque
3433 5638 3611 5692 vitam

1972 5724 2330 5798 complexam
2385 5740 2536 5795 esse,
2567 5728 2690 5781 tum
2732 5724 2888 5782 idem
2939 5740 3168 5796 quoque
3226 5726 3437 5782 marito
3477 5740 3621 5782 sua-
