4032 6282
435 337 556 401 963

1729 313 2153 378 NIGEPHORI
2195 309 2544 375 CALLISTI

3727 308 3835 369 964.

437 474 615 530 sisse:
649 470 946 541 propterea
977 461 1134 535 quod
1179 458 1263 514 illi
1311 460 1592 512 aeternum
1640 450 1806 507 illum
1862 450 2065 521 ignem,

2185 443 2258 541 ’τά
2277 443 2330 498 έν
2363 441 2707 541 ἔπαγγελίαις
2743 440 3069 520 ἐπιφέρουσα
3119 438 3311 516 ἀγαθά.
3361 442 3448 502 Ὠς
3501 438 3558 496 δὲ
3609 439 3835 495 πλεῖστα

437 538 874 634 quiimpudicis
897 558 955 609 et
1011 546 1391 621 voluptuariis
1451 549 1683 616 paratus
1742 539 1838 610 sit,
1863 538 2080 594 indica-

433 633 538 722 ret,
589 654 645 705 et
689 644 939 703 subinde
987 638 1395 713 promissiones
1455 647 1686 705 quoque
1733 633 2078 686 aeternorum

433 718 715 798 bonorum
778 737 1142 806 proponeret.
1176 724 1444 783 Sedenim
1501 737 1635 778 cum
1681 718 1868 774 multa
1929 733 2079 789 saepe

434 828 698 894 dicendo,
720 823 867 881 nihil
896 821 1047 892 apud
1078 834 1210 874 eum
1243 815 1517 878 efﬁceret,
1540 815 1598 866 et
1633 809 1733 864 ille
1762 809 1818 863 in
1849 807 2077 880 procaci

431 917 753 993 petulantia
782 931 889 969 sua
912 909 1296 983 permaneret,
1321 902 1628 959 mulierem
1659 897 1943 970 improbis
1965 913 2078 952 mo-

429 1008 594 1064 ribus
614 1003 738 1061 suis
771 1020 803 1058 a
831 1018 895 1056 se
941 995 1232 1054 alienavit.
1266 993 1371 1048 Illa
1418 991 1574 1045 enim
1637 988 1886 1057 impium
1947 1002 2075 1041 esse

421 1096 716 1170 judicans,
749 1107 881 1146 cum
912 1087 1011 1144 tali
1044 1085 1313 1154 deinceps
1342 1080 1461 1136 viro
1492 1076 1887 1143 consuevisse,
1920 1073 2072 1130 269

431 1163 528 1258 qui
568 1187 777 1257 praeter
807 1184 1029 1235 natura
1058 1175 1214 1247 leges
1239 1170 1427 1228 modis
1466 1167 1740 1224 omnibus
1789 1180 1890 1235 per
1935 1163 2074 1217 libi-

433 1253 598 1332 dines
642 1271 836 1328 varias
891 1267 1247 1338 voluptatem
1292 1261 1747 1318 consectaretur,
1807 1253 2073 1308 secedere

432 1365 506 1422 ab
536 1379 602 1419 eo
634 1358 958 1417 constituit.
982 1354 1206 1411 Utvero
1227 1365 1353 1406 eam
1387 1344 1717 1420 propinqui,
1751 1358 1850 1414 pro
1882 1345 2074 1396 aucto-

430 1456 602 1510 ritate
631 1468 758 1519 sua,
788 1449 860 1504 ab
899 1462 964 1502 eo
995 1441 1234 1500 consilio
1268 1441 1408 1495 sunt
1450 1431 1759 1499 deborlati,
1794 1445 2074 1502 spemque

429 1544 484 1602 ei
516 1542 796 1609 facerunt,
818 1537 1008 1593 virum
1024 1534 1082 1589 in
1105 1530 1317 1588 melius
1342 1529 1633 1582 mutatum
1654 1519 2070 1592 aliquandoiri,

428 1647 666 1690 manere
704 1644 835 1684 cum
867 1639 933 1682 eo
963 1630 1048 1680 est
1070 1624 1284 1678 coacta.
1319 1617 1632 1686 Postquam
1663 1627 1797 1666 vero
1827 1609 2073 1664 maritus

425 1719 826 1781 Alexandriam
851 1714 1164 1787 proiectus.
1196 1710 1366 1779 longe
1406 1706 1582 1761 etiam
1615 1700 1862 1757 deterior
1885 1700 2071 1754 factus

2185 534 2416 610 λέγουσα
2461 534 2662 603 ἥκιστα
2710 534 2989 603 πειθήνιον
3049 531 3221 606 εἶχεν,
3297 530 3498 594 ἐκείνος
3565 529 3834 604 ἐπιμένων

2178 630 2257 696 τῷ
2316 623 2686 699 ἀσελγαίνειν,
2717 621 3014 698 ἀλλοτρίαν
3050 619 3139 676 διὰ
3178 626 3288 676 τῶν
3319 621 3562 694 πράξεων
3598 621 3833 676 ἐποιεῖτο

2178 718 2278 786 τήν
2337 715 2604 790 γαμετήν.
2641 717 2702 769 Ἠ
2735 714 2866 791 γυνὴ
2930 709 2987 766 δὲ
3041 716 3138 766 τοῦ
3184 708 3384 766 λοιποῦ
3442 706 3629 772 ἀσεϐὲς
3660 713 3834 787 ἡγου-

2184 803 2317 878 μένη
2366 801 2520 878 ἀνδρὶ
2569 808 2806 875 τοιούτῳ
2874 798 3416 877 συγκατακλίνεσθαι,
3466 798 3568 869 ἔξω
3623 799 3833 878 φύσεως

2183 895 2357 968 νόμου
2407 895 2570 950 παντί
2626 914 2684 968 γε
2739 892 2928 968 τρόπῳ
2976 890 3181 966 πόρους
3228 887 3442 961 ἡδονῶν
3501 891 3834 965 πειρωμένῳ

2180 985 2468 1054 ποιεῖσθαι,
2520 979 2941 1059 διαρῥήγνυσθαι
2988 979 3182 1036 τούτου
3245 975 3507 1035 ἐϐούλετο
3543 1021 3557 1035 .
3618 984 3710 1040 Ὦς
3768 977 3829 1034 δὲ

2179 1077 2286 1129 τῶν
2335 1073 2600 1151 σφετέρων
2650 1069 3044 1126 δυσωπούντων
3099 1068 3188 1125 καῖ
3248 1066 3445 1124 ἐλπίδα
3510 1069 3834 1145 προτεινόν-

2176 1183 2305 1232 των,
2345 1163 2420 1224 εἷς
2453 1158 2648 1216 ἐλπίδα
2700 1154 3014 1233 μεταϐολῆς
3059 1156 3284 1231 ’ἤξοντός
3326 1178 3458 1212 ποτε
3482 1161 3578 1212 τοῦ
3608 1154 3828 1231 ἀνδρὸς,

2183 1250 2357 1323 μένειν
2413 1250 2742 1326 ἡνάγκαστο.
2801 1249 2949 1304 Ἐπεὶ
3005 1245 3050 1302 δ’
3098 1249 3126 1301 6
3187 1247 3319 1322 ἀνὴρ
3352 1245 3487 1301 κατᾶ
3514 1249 3615 1316 τὴν
3667 1245 3829 1303 Ἀλε·

2181 1337 2455 1411 ξάνδρειαν
2506 1339 2601 1393 ἰὼν
2651 1335 2851 1409 πολλῷ
2899 1335 3262 1412 χαλεπώτερα
3317 1335 3568 1408 πράττε.ν
3605 1334 3832 1411 ξῆγγέλ-

2181 1425 2329 1497 λετο,
2360 1431 2394 1498 ἡ
2428 1431 2559 1504 γυνή
2595 1425 2870 1482 δεδοικυῖα
2921 1427 2996 1500 μὴ
3047 1425 3304 1486 κοινωνὸς
3351 1423 3434 1496 εἴη
3480 1429 3588 1480 τῶν
3631 1419 3834 1495 ἀσεϐηο

2184 1519 2365 1590 μάτων
2409 1518 2618 1592 τάνδρὶ,
2673 1516 2966 1590 ὁμόκοιτος
3020 1514 3109 1569 καὶ
3143 1513 3458 1586 ὁμοδίαιτος
3489 1515 3638 1587 αὐτῷ
3671 1513 3831 1584 οὖσα,

2183 1602 2398 1681 βιϐλίον
2449 1605 2778 1661 ἀποστασίου
2821 1606 3132 1678 πέμπουσα,
3173 1603 3202 1658 ’ὀ
3255 1601 3540 1680 ῥεπούδιον
3585 1600 3831 1676 λέγεται,

2179 1693 2543 1770 διεζεύγνυτο.
2603 1700 2659 1750 Ὀ
2727 1693 2804 1762 δὲ,
2859 1691 2976 1749 δέον
3037 1692 3252 1768 μᾶλλον
3313 1691 3525 1767 χαίρειν
3601 1691 3692 1746 ἐπὶ
3755 1696 3832 1765 τῇ

429 1828 558 1869 esse
587 1810 772 1866 dictus
801 1809 909 1873 est,
948 1802 1156 1858 mulier
1199 1798 1398 1864 verita,
1431 1795 1482 1850 si
1512 1794 1582 1848 de
1613 1795 1816 1847 caetero
1865 1789 2065 1844 eodem

2176 1785 2415 1860 γυναικὶ,
2476 1783 2662 1860 ὅτιπερ
2713 1785 2805 1839 τὸν
2860 1784 3121 1858 πρότερον
3185 1783 3302 1857 βίον
3361 1781 3649 1852 ἁπειπατο,
3707 1783 3836 1855 xui-

2360 1875 2374 1888 ι
2459 1879 2486 1888 α-
2654 1875 2701 1888 In
2908 1873 2921 1888 \
2983 1873 2996 1888 9
3069 1872 3088 1888 κ
3179 1872 3190 1888 Ι
3389 1870 3406 1888 \
3515 1872 3528 1888 Ι
3731 1845 3749 1857 υ

427 1917 561 1957 cum
590 1899 687 1955 illo
718 1897 865 1952 lecto
923 1893 1243 1961 eademque
1289 1901 1486 1942 mensa
1511 1881 1796 1948 utercber,
1830 1894 1900 1933 ne
1954 1877 2068 1932 im-

426 1989 662 2063 pietatis
694 1999 924 2058 quoque
953 1982 1080 2052 ejus
1111 1980 1270 2034 ﬁeret
1302 1973 1606 2047 particeps,
1641 1969 1819 2025 misso
1859 1966 1944 2022 illi
1977 1981 2064 2022 re-

423 2061 588 2152 pudii
633 2075 852 2142 libello,
886 2073 956 2128 ab
988 2087 1053 2127 eo
1093 2069 1361 2138 sejuncta
1407 2066 1513 2119 est.
1559 2061 1658 2116 llle
1714 2073 1884 2130 porro
1934 2072 2064 2112 cum

424 2145 686 2240 conjugis
721 2181 838 2220 suae
872 2177 1048 2218 causa
1073 2155 1258 2212 laetari
1314 2153 1635 2220 debuisset,
1669 2164 1794 2221 quis
1845 2145 2068 2202 scilicet

423 2259 600 2331 priori
660 2271 778 2310 sua
835 2253 963 2307 vitae
1027 2247 1304 2304 nuntium
1362 2240 1704 2304 remisisset,
1775 2236 2066 2304 simulque

423 2323 785 2412 ebrietatem,
831 2339 1152 2404 lasciviam,
1195 2339 1252 2390 et
1308 2333 1397 2405 (ut
1452 2346 1567 2385 uno
1615 2327 1787 2382 verbo
1851 2323 2064 2394 dicam)

423 2433 854 2507 improbitatem
880 2443 1136 2494 omnem,
1161 2433 1224 2480 ut
1253 2420 1503 2493 amplius
1535 2433 1668 2473 cum
1693 2415 1868 2470 servis
1911 2411 2068 2468 aliis-

423 2506 537 2598 que
569 2523 754 2595 turpis
783 2523 1044 2592 questus
1084 2513 1274 2586 gratia
1317 2506 1633 2581 impudicis
1674 2521 1790 2560 non
1834 2517 2068 2570 congre-

420 2618 674 2681 deretur,
698 2590 884 2668 nec'in
914 2606 1224 2662 libidinum
1247 2616 1408 2657 ccsno
1457 2597 1837 2663 volutaretur,
1874 2590 2065 2648 valere

420 2705 712 2777 iussisset,
743 2701 855 2772 ipsi
883 2711 1116 2771 quoque
1147 2699 1211 2749 ut
1241 2690 1483 2746 meliora
1525 2687 1868 2756 sequeretur
1923 2697 2067 2736 sua—

423 2771 600 2851 sisset
632 2771 896 2849 :tanium
917 2787 1076 2843 abest
1106 2790 1166 2838 ut
1195 2781 1254 2836 id
1287 2777 1504 2844 fecerit,
1538 2780 1603 2830 ut
1652 2773 1721 2828 ab
1779 2771 1908 2842 ipsa
1959 2773 2067 2825 sta-

423 2885 525 2939 tim
575 2880 956 2944 discessione,
1013 2868 1407 2930 accusationis
1447 2863 1736 2930 libellum,
1795 2859 2065 2917 Christia-

422 2987 558 3027 nam
589 2985 718 3025 eom
746 2983 888 3033 esse,
922 2959 1260 3034 imperatori
1306 2953 1600 3012 obtulerit.
1642 2948 1849 3005 Mulier
1896 2963 2066 3018 porro

422 3061 618 3127 citata,
645 3055 897 3130 supplici
929 3065 1162 3125 quoque
1189 3046 1388 3103 libello
1437 3041 1684 3113 principi
1715 3041 1870 3105 dato,
1907 3036 2068 3105 petiit

423 3149 535 3206 sibi
582 3128 860 3220 permitti,
920 3146 984 3197 ut
1030 3155 1151 3197 rem
1199 3134 1543 3192 familiarem
1601 3144 1766 3185 suam
1810 3128 2060 3198 primum

422 3217 796 3304 constituere,
838 3250 902 3290 ac
941 3230 1149 3287 deinde
1203 3221 1558 3282 accusationi
1598 3221 1649 3276 ei
1717 3217 2065 3289 respondere

425 3331 641 3402 posset.
676 3325 835 3390 Quod
869 3337 1004 3378 cum
1054 3319 1156 3374 illa
1211 3317 1599 3387 impetrasset,
1624 3307 1870 3364 maritus
1917 3321 2079 3361 accu-

426 3393 649 3476 satione
697 3413 933 3482 abolita,
992 3409 1152 3465 illam
1201 3405 1427 3477 quidem
1470 3397 1718 3465 dimisit,
1744 3397 1816 3451 ad
1885 3393 2074 3450 Ptole-

428 3523 641 3566 maum
673 3510 861 3562 autem
888 3493 1342 3573 quemdam,qui
1371 3491 1529 3547 illam
1547 3488 1773 3560 pietatis
1804 3486 2072 3557 dogmata

428 3597 746 3663 docuisset,
774 3597 865 3650 est
891 3604 1226 3647 conversus.
1251 3582 1396 3639 Eum
1447 3580 1579 3636 dolo
1610 3591 1943 3649 aggressus,
1976 3577 2066 3629 ut-

423 3688 484 3743 in
541 3683 775 3741 vincula
811 3681 1194 3750 conjiceretur
1248 3671 1454 3729 effecit.
1515 3663 1854 3722 Centurioni
1912 3662 2066 3718 enim

422 3776 653 3832 cuidam
702 3771 814 3828 sibi
861 3770 1043 3825 amico
1100 3761 1407 3837 persuasit,
1443 3762 1507 3814 ut
1562 3753 1926 3812 Ptolemaeum
1981 3768 2068 3806 ar-

419 3869 650 3935 reptum
680 3862 789 3918 hoc
848 3863 1081 3914 tantum
1131 3852 1535 3923 interrogaret,
1567 3863 1638 3900 an
1697 3842 2065 3898 Christianus

419 3932 587 4011 esset.
625 3951 799 4007 Illum
833 3949 1046 4020 quippe
1078 3940 1337 3999 veritatis
1369 3939 1681 4000 amantem,
1707 3932 2066 4002 minimeque

418 4044 858 4103 fraudulentum
891 4044 992 4095 aut
1024 4036 1388 4100 mendacem,
1413 4027 1611 4084 statim
1673 4041 1734 4080 se
1791 4023 2068 4080 Christia-

415 4152 558 4191 num
593 4149 723 4189 esse
753 4129 1172 4203 professurum.
1207 4123 1408 4191 Itaque
1437 4118 1497 4172 in
1520 4112 1748 4169 vincula
1777 4112 1875 4168 ille
1932 4127 2062 4166 con-

407 4226 628 4296 jectus,
678 4221 850 4291 longo
907 4222 1166 4286 tempore
1214 4229 1247 4266 a
1303 4205 1641 4265 centurione
1709 4205 1798 4256 est
1852 4205 2060 4256 tortus.

418 4290 735 4379 l’ostremo,
767 4290 861 4364 ubi
895 4308 964 4362 ad
1020 4301 1314 4359 Urbicium
1354 4295 1615 4368 judicem
1661 4290 1960 4358 adductus,
2010 4306 2066 4356 et

421 4405 493 4460 ab
525 4417 592 4458 eo
625 4401 1012 4469 interrogatus
1042 4395 1151 4452 est.
1183 4392 1480 4460 propterea
1511 4380 1666 4454 apud
1721 4378 1933 4434 Christi
1972 4380 2065 4436 do-

415 4493 665 4552 ctrinam
699 4491 1090 4550 consectatus,
1123 4482 1270 4536 bene
1300 4476 1412 4532 sibi
1443 4477 1599 4530 esset
1644 4470 1937 4538 conscius,
1972 4469 2063 4524 di-

2181 1897 2289 1950 ρειν
2332 1875 2560 1929 εἰποῦσα
2607 1875 2792 1948 μέθαις
2833 1873 2925 1928 καὶ
2971 1872 3281 1947 ἀσελγείαις
3317 1870 3407 1926 καὶ
3456 1872 3601 1945 πάσῃ
3669 1891 3831 1924 συνε-

2177 1965 2342 2020 λόντα
2391 1966 2548 2043 φάναι
2601 1963 2784 2035 κακίᾳ,
2817 1962 2905 2017 καὶ
2961 1967 3039 2034 τῷ
3091 1963 3228 2034 μετὰ
3272 1965 3380 2016 τῶν
3413 1960 3698 2035 ὐπηρετῶν
3729 1960 3827 2014 καὶ

2180 2057 2524 2128 μισθοφόρων
2561 2051 2863 2118 κυλίεσθαι,
2911 2053 3001 2106 καὶ
3049 2051 3195 2123 αὐτῷ
3244 2071 3307 2125 γε
3364 2047 3680 2122 σύμϐουλος
3709 2054 3826 2105 τῶν

2174 2143 2497 2219 κρειττόνων
2560 2141 2893 2198 καθίστατο⁴
2948 2141 2974 2195 6
3035 2138 3092 2195 δὲ
3156 2138 3348 2195 αὐτίκα
3422 2145 3523 2208 τῆς
3603 2137 3825 2209 ἐκείνης

2176 2235 2461 2312 συναφείας
2495 2231 2856 2308 ἀπαλλαγεὶς,
2899 2237 2979 2305 τῷ
3029 2231 3387 2304 αὐτοκράτορι
3441 2225 3662 2305 βιϐλίον
3696 2249 3828 2284 κατ-

2175 2325 2402 2399 ηγορίας
2433 2321 2633 2393 ἐδίδου,
2666 2323 2738 2384 ὠς
2784 2321 2869 2393 εἴη
2907 2323 3222 2396 Χριστιανή.
3272 2321 3481 2390 Ἐκείνη
3534 2317 3592 2373 δὲ
3641 2340 3824 2394 προσο

2175 2411 2460 2482 κληθεῖσα,
2510 2407 2731 2487 βιϐλίον
2778 2408 3068 2472 ἀναδοῦσα,
3114 2409 3232 2483 ᾔτει
3293 2408 3556 2483 πρότερον
3601 2428 3824 2485 συγχω-

2177 2504 2404 2577 ρηθῆναι
2464 2501 2529 2557 τὰ
2572 2502 2688 2556 κατ’
2738 2501 2901 2568 αὐτὴν
2947 2497 3323 2570 διοικήσασθαι
3377 2517 3390 2531 ·
3455 2494 3640 2552 ἔπειτα
3694 2498 3822 2570 περί
3886 2552 3889 2554 ,

2177 2555 2193 2577 Ιν
2233 2555 2242 2570 ⁸
2305 2555 2313 2570 Ι
2356 2555 2400 2556 7"
2477 2555 2486 2556 ί
2520 2555 2527 2557 ⁷
2615 2555 2621 2556 ί
2862 2555 2871 2568 ⁸
3115 2555 3124 2570 Ι
3769 2555 3779 2570 ι

2175 2592 2250 2645 ὢν
2343 2591 2709 2666 κατηγόρητο,
2788 2589 3086 2663 ἀπολογίαν
3160 2589 3450 2645 ποιεῖσθαι.
3525 2587 3679 2643 Ἐπεὶ
3767 2584 3826 2642 δὲ

2174 2679 2348 2735 ἀνεῖτο
2407 2680 2580 2751 ἐκείνη
2644 2682 2677 2750 ἡ
2737 2677 2974 2749 αἴτησις,
3035 2679 3063 2734 6
3120 2678 3258 2753 ἀνὴρ
3313 2677 3558 2732 ἀπειπὼν
3605 2675 3822 2748 ἐκείνην

2179 2771 2271 2842 μὲν
2333 2768 2496 2839 εἷάσε,
2555 2770 2690 2842 πρός
2741 2789 2862 2823 τινα
2937 2765 2993 2823 δέ
3069 2767 3420 2841 Πτολεμαὶον
3495 2763 3827 2822 διδάσκαλον

2174 2859 2347 2933 ἐκεῖνῃ
2405 2863 2512 2914 τῶν
2567 2860 2685 2913 κατ’
2746 2852 3015 2912 εὐσέϐειαν
3071 2853 3379 2932 [δογμάτων
3455 2854 3822 2931 γεγενημένον

2174 2948 2445 3022 έτράρετο.
2481 2949 2581 3004 Καὶ
2613 2945 2678 3016 δὴ
2739 2948 2908 3022 τέχνῃ
2972 2944 3275 3019 μετελθὼν,
3337 2941 3512 3018 δεσμὰ
3559 2939 3828 3019 περιϐάλ-

2175 3036 2260 3092 λει
2288 3035 2474 3111 τάνδρί
2501 3056 2515 3070 ·
2545 3039 2719 3092 πείθει
2768 3038 2855 3091 καὶ
2887 3036 2992 3110 γάρ
3038 3056 3157 3089 τινα
3209 3035 3607 3113 ἑκατόνταρχον
3658 3033 3822 3113 φίλον

2175 3127 2324 3199 αὐτῷ
2382 3126 2526 3196 ὅντα,
2586 3121 2842 3182 λαϐέσθαι
2899 3129 2996 3180 τοῦ
3056 3122 3427 3194 Πτολεμαίου,
3659 3099 3824 3178 τοῦτο

2181 3219 2344 3292 μόνον
2374 3218 2639 3293 ἀνερωτᾷν
2675 3217 2719 3271 εἰ
2778 3215 3100 3287 Χριστιανός
3147 3212 3259 3268 ἔστι
3295 3232 3306 3244 ·
3358 3214 3448 3267 καὶ
3483 3214 3576 3267 τὸν
3611 3212 3823 3268 Πτολε-

2181 3313 2360 3382 μαῖον,
2391 3305 2674 3380 φιλαλήθη
2707 3326 2770 3381 γε
2800 3303 3010 3375 ἄλλως,
3043 3304 3132 3358 καὶ
3185 3299 3316 3376 μηδ’
3363 3301 3648 3371 ἀπατηλόν
3699 3321 3823 3355 τινα

2177 3395 2212 3466 ἢ
2245 3392 2579 3471 ψευδολόγον
2613 3393 2756 3464 ὄντα,
2805 3392 2971 3469 ῥᾷστα
3019 3390 3364 3466 ὁμολογῆσαι
3410 3389 3500 3444 καὶ
3557 3396 3820 3464 Χριστια-

2173 3487 2264 3545 νὸν
2325 3487 2506 3542 ἑαυτὸν
2565 3487 2815 3541 ἀνειπεῖν.
2880 3484 2966 3538 Ἐν
3028 3480 3249 3555 δεσμοῖς
3306 3479 3488 3536 τοίνυν
3545 3481 3822 3553 γενομένῳ

2176 3575 2260 3632 έπί
2292 3575 2434 3632 πολὺ
2483 3575 2711 3651 χρόνου,
2745 3575 2772 3628 6
2831 3572 3225 3646 ἑκατόνταρχος
3273 3568 3591 3625 ἐκολάσατο.
3622 3570 3717 3632 Ὠς
3765 3567 3825 3623 δὶ

2173 3666 2235 3720 τὸ
2290 3663 2598 3720 τελευταῖον
2662 3657 2940 3738 Οὐρϐικίῳ
3023 3661 3318 3734 προσήχθη
3401 3662 3482 3730 τῷ
3567 3659 3820 3734 ἄρχοντι,

2173 3755 2324 3819 αὖθις
2365 3756 2618 3828 ἠρωτᾰτο
2666 3772 2678 3785 ·
2735 3751 2825 3806 καὶ
2891 3751 2965 3812 ὡς
3023 3750 3091 3805 τὰ
3155 3748 3298 3804 καλὰ
3359 3748 3822 3821 συνεπιστάμενος

2173 3845 2367 3917 ἐαυτῷ,
2425 3849 2543 3905 ταῖς
2604 3844 2840 3914 Χριστοῦ
2895 3837 3317 3894 κατακολουθῶν
3391 3833 3673 3911 διδαχαῖς,
3755 3837 3821 3891 τὸ

2174 3931 2520 3987 διδασκάλων
2573 3937 2672 3999 τῆς
2724 3930 2870 3991 θείας
2919 3926 3114 3999 ἀρετῆς
3161 3923 3550 4001 ὡμολόγησεν.
3592 3925 3656 3982 Ὁ
3716 3926 3818 4000 γὰρ

2172 4022 2505 4098 ἀρνούμενος
2556 4022 2760 4089 ὁτιοῦν,
2812 4021 2846 4089 ἢ
2896 4017 3273 4090 καυεγνωκὼς,
3323 4013 3540 4091 ἔξαρνος
3585 4015 3817 4090 γίνεται,

2171 4113 2205 4182 ἢ
2268 4113 2453 4166 ἑαυτὸν
2515 4110 2724 4178 ἀναξιον
2785 4106 3139 4180 ἐπιστάμενος
3203 4103 3293 4160 καὶ
3361 4101 3660 4179 ἀλλότριον
3717 4103 3817 4160 τοῦ

2171 4203 2517 4277 πράγματος,
2568 4201 2667 4267 τὴν
2721 4195 3019 4270 ὁμολογίαν
3069 4196 3272 4271 φεύγει.
3320 4194 3418 4248 Ὧν
3464 4191 3617 4249 οὐδὲν
3648 4195 3817 4265 τάλη-

2170 4293 2250 4346 θεῖ
2305 4293 2606 4366 Χριστιανῴ
2664 4288 2968 4364 πρόσεστιν.
3030 4289 3086 4340 '0
3165 4285 3260 4357 μὲν
3341 4283 3432 4338 οὖν
3521 4280 3817 4359 Οὐρϐίκιος

2168 4380 2460 4454 ἀπάγεσθαι
2516 4379 2608 4433 τὸν
2668 4374 3011 4449 Πτολεμαῖον
3056 4372 3144 4428 διὰ
3196 4376 3295 4443 τήν
3345 4373 3647 4449 ὁμολογίαν
3695 4374 3817 4431 ἐκέ-

2170 4469 2312 4525 λευε.
2366 4469 2600 4530 Λούκιος
2655 4465 2712 4523 δέ
2755 4486 2856 4528 τις,
2909 4464 3238 4539 Χριστιανὸς
3287 4459 3343 4518 δὲ
3395 4464 3481 4518 καὶ
3517 4463 3684 4526 αὐτὸς
3714 4463 3814 4536 ὢν,

411 4579 808 4640 vinisvirtutis
838 4577 1163 4633 doctrinam
1213 4572 1298 4624 est
1353 4566 1668 4637 professus.
1703 4560 1850 4626 Quid
1899 4559 2054 4613 enim

2174 4559 2469 4634 παρεστὼς,
2501 4557 2591 4613 καὶ
2648 4557 2747 4626 τήν
2805 4553 3006 4630 ἄλογον
3060 4555 3261 4623 ταύτην
3310 4553 3483 4628 κρίσιν
3515 4549 3814 4628 Οὐρϐικίου

412 4681 602 4745 neget,
635 4671 721 4725 vel
771 4666 909 4740 quia
963 4660 1385 4731 professionem
1445 4653 1702 4717 damnet,
1744 4648 1802 4702 id
1854 4648 2050 4714 faciat,

410 4742 662 4836 vel—quia
690 4758 998 4829 indignum
1024 4768 1085 4807 se
1115 4758 1169 4806 et
1206 4747 1460 4803 alienum
1519 4759 1552 4797 ιι
1590 4756 1652 4794 re
1709 4742 1870 4794 tanta
1927 4752 2051 4795 esse

409 4825 574 4919 sciat,
612 4865 723 4906 non
758 4825 1116 4918 pr6fiteatur.
1148 4838 1431 4894 Neutrum
1481 4833 1672 4887 autem
1721 4827 1840 4883 veri
1894 4825 2053 4883 Chri-

411 4915 587 4999 stiani
608 4943 715 4995 est.
747 4915 1018 4992 Urbicius
1043 4929 1224 5002 igitur
1280 4927 1512 4996 propter
1557 4936 1686 4977 eam
1739 4915 2054 4990 professio-

412 5047 545 5088 nem
567 5027 702 5085 duci
737 5023 1110 5082 Ptolema'um
1161 5015 1360 5088 jussit.
1394 5012 1548 5068 270
1599 5007 1812 5064 Lucius
1859 5015 2054 5062 autem

410 5121 671 5195 quidam,
703 5120 761 5172 et
790 5115 916 5187 ipse
943 5106 1330 5171 Christianus,
1361 5106 1488 5158 tum
1532 5097 1614 5154 ibi
1655 5097 1920 5153 astabat:
1955 5093 2054 5166 qui

411 5184 740 5284 improbato
798 5184 974 5275 atque
1004 5201 1279 5255 damnato
1310 5193 1512 5263 iniquo
1553 5187 1769 5245 Urbicii
1809 5184 2050 5256 judicio.

413 5275 569 5369 Quae,
595 5298 839 5365 malum,
863 5292 1008 5349 ratio
1026 5289 1147 5344 haec
1172 5285 1297 5342 est?
1327 5281 1535 5354 inquit.
1568 5279 1720 5334 Num
1751 5276 1890 5349 quid
1913 5275 2053 5331 infa-

417 5391 532 5448 mis
561 5364 834 5445 maleﬁcii
871 5384 960 5437 vir
979 5380 1074 5435 hic
1105 5373 1413 5434 admisisse
1454 5369 1750 5427 convictus
1790 5364 1925 5422 est?
1947 5365 2053 5434 An,

421 5479 577 5554 quod
607 5473 921 5532 Christiani
951 5467 1189 5528 nomine
1216 5467 1444 5520 tantum
1465 5461 1514 5516 is
1543 5458 1826 5531 gaudetet
1856 5453 2057 5526 gloria-

419 5543 520 5628 tur
548 5571 851 5640 propterea
878 5561 950 5620 ad
989 5555 1342 5632 puniendum
1400 5565 1530 5608 eum
1580 5549 1912 5605 commotus
1943 5559 2004 5600 es
2031 5543 2060 5598 ?

419 5637 688 5719 Non‘hoo
717 5655 880 5713 decet
907 5651 1328 5722 imperatorum
1374 5640 1560 5715 pium,
1593 5653 1708 5696 non
1747 5637 2057 5708 imperato-

2160 4653 2533 4730 κατεγνωκὼς,
2582 4649 2682 4728 ἔφη
2720 4671 2732 4685 ’
2779 4657 2893 4704 Τινι
2944 4647 3092 4722 λόγῳ
3141 4649 3217 4719 μή
3250 4667 3301 4701 τι
3361 4649 3468 4701 τῶν
3499 4645 3814 4722 ἓπιυρήτων

2164 4737 2548 4818 διελεγχθέντα
2577 4739 2774 4814 πρᾶξαι
2805 4739 2896 4793 τὸν
2951 4733 3140 4810 ἄνδρα,
3175 4733 3256 4790 ὅτι
3315 4732 3373 4788 δὲ
3418 4735 3810 4808 προσωνυμίαν

2162 4830 2390 4907 ἐπαυχεῖ
2417 4833 2516 4901 τὴν
2574 4828 2886 4905 Χριστιανὸς
2941 4824 3190 4894 κολάζειν
3250 4825 3537 4899 ἠρέθισαι;
3578 4823 3642 4879 οὐ
3683 4827 3816 4898 πρέο

2161 4923 2329 4976 ποντά
2357 4942 2420 4996 γε
2473 4925 2643 4976 ταῦτα
2697 4913 2905 4974 εὐσεϐεῖ
2935 4912 3311 4990 αὐτοκράτορι,
3354 4910 3481 4969 οὐδὲ
3514 4912 3810 4994 φιλοσόφῳ

2164 5010 2428 5086 Καίσαρος
2459 5006 2632 5078 παιδὶ,
2697 5005 2825 5062 οὐδὲ
2880 5006 3000 5078 ἱερᾷ
3035 5001 3330 5079 συγκλήτῳ
3389 5004 3614 5074 κρίνεις,
3673 5003 3811 5078 Οὐρ-

2166 5095 2322 5154 ϐίκιε.
2361 5101 2460 5155 Καὶ
2491 5101 2573 5169 ὃς,
2607 5095 2757 5153 οὐδὲν
2787 5095 2929 5151 ἄλλο
2962 5093 3126 5149 εἰπὼν
3149 5093 3284 5168 πρὸς
3311 5092 3401 5146 τὸν
3427 5091 3659 5148 Λούκιον

2165 5195 2348 5252 Δοκείς
2380 5211 2474 5264 μοι
2531 5187 2632 5258 ἄρα
2678 5185 2767 5240 καὶ
2813 5184 2874 5238 σὺ
2902 5186 3179 5244 τοιοῦντος
3211 5179 3283 5236 ὢν
3329 5179 3382 5243 ἐς
3415 5179 3571 5256 δεῦρο
3603 5179 3811 5237 λανθά-

2164 5303 2290 5353 νειν,
2321 5280 2416 5337 τοῦ
2450 5280 2506 5337 δὲ
2553 5281 2639 5335 καὶ
2703 5275 2940 5353 μάλιστα
2985 5276 3278 5355 φήσαντος,
3319 5275 3404 5328 καὶ
3465 5273 3626 5329 αὐτὸν
3665 5274 3814 5329 ἀπά-

2163 5392 2273 5445 γειν
2321 5369 2533 5426 ἐκέλευε
2565 5387 2577 5401 ’
2639 5367 2871 5426 Λούκιος
2931 5362 2988 5418 δὲ
3043 5362 3133 5417 καὶ
3166 5360 3324 5438 χάριν
3354 5358 3546 5416 εἰδέναι
3589 5359 3810 5436 διωμο-

2170 5459 2318 5538 λόγει
2354 5480 2366 5493 ’
2399 5463 2652 5535 πονηρῶν
2683 5457 2785 5533 γὰρ
2845 5452 3281 5515 ἀπαλλάττεσθαι
3341 5447 3638 5515 δεσποτῶν,
3673 5454 3818 5526 πρὸς

2169 5550 2217 5607 δ’
2258 5551 2452 5627 ἀγαθὸν
2486 5549 2612 5606 Θεὸν
2647 5542 2858 5621 Πατέρα
2913 5541 3001 5598 καὶ
3036 5539 3264 5617 βασιλέα
3305 5547 3667 5616 μεταχωρεῖν.
3700 5544 3813 5599 Καὶ

2164 5644 2346 5718 τρίτος
2402 5639 2490 5697 ἐπὶ
2545 5638 2758 5700 τούτοις
2824 5631 3007 5708 ἕτερος
3073 5628 3339 5705 ἐπελθὼν,
3423 5633 3811 5708 προσετιμήθη
