4032 6282
194 397 307 459 965
1162 395 1775 459 ECCLESIASTIOE
1816 393 2209 457 HISTORLE
2252 392 2398 452 LIB.
2445 391 2552 450 Ill.
3463 393 3582 455 966

195 522 287 589 τήν
319 517 560 576 κόλασιν.
599 521 752 576 Ταῦτ’
793 520 982 592 εἰπὼν,
1033 520 1220 596 ἐπάγει
1270 521 1439 598 ἅσπερ
1477 521 1673 579 ἄνωθεν
1716 525 1812 579 αὖ·

1933 523 2015 579 ris
2047 521 2230 578 filium
2270 518 2705 591 philosophum.
2755 518 2878 574 Non
2909 517 3014 587 ita,
3065 521 3130 574 ut
3157 535 3317 575 sacro
3345 522 3576 580 senatui

193 614 283 665 τοῦ
322 610 500 686 φωνὰς
537 608 893 682 κατελέξαμεν
920 629 934 643 ·
986 634 1014 662 ‹‹
1051 611 1214 686 Κάγὼ
1244 610 1335 664 οὖν
1378 610 1667 686 προσδοκῶ
1721 615 1812 668 ὑπὲ

1933 613 2222 680 convenit,
2260 610 2516 683 judicas,
2550 609 2768 665 Urbici.
2804 609 2871 664 Et
2899 608 2996 664 ille
3028 625 3144 664 non
3177 609 3334 667 aliud
3360 613 3430 668 ad
3457 613 3573 668 Lu-

191 719 329 762 τινος
384 703 490 754 τῶν
546 699 952 772 ὠνομασμένων
1012 694 1497 770 ἐπιϐουλευθῆναι.
1533 727 1561 753 ι)
1618 702 1708 756 καὶ
1757 701 1812 756 τᾶ

1932 702 2087 759 cium
2121 701 2286 767 dixit,
2320 715 2498 771 quam
2532 715 2665 754 eum
2700 715 2934 770 quoque
2965 699 3139 754 talem
3172 699 3304 768 sibi,
3331 701 3579 772 quihac-

195 790 328 860 ἑξῆς.
375 785 565 843 Πολλᾶ
600 785 656 842 δὲ
705 789 794 842 καὶ
846 808 1003 850 ουτος
1053 788 1198 849 θείας
1247 789 1336 842 καὶ
1384 787 1812 865 πεπαιδευμένης

1932 800 2101 852 tenus
2152 792 2440 859 latuisset,
2497 789 2698 845 videri.
2756 791 2938 861 quue
2986 789 3081 846 ille
3129 806 3264 847 cum
3330 794 3578 851 maxime

192 877 354 937 ὐντως
384 879 566 951 ψυχῆς
598 876 996 932 καταλέλοιπεν
1040 879 1430 950 ὑπομνήματα,
1479 880 1655 949 πάσης
1699 883 1812 935 θεο-

1931 885 2338 950 asseverasset,
2372 879 2586 934 abduci
2635 894 2768 934 eum
2819 877 2990 934 simul
3051 881 3342 951 praecepit.
3385 881 3488 936 Cui
3519 899 3578 939 se

189 965 368 1044 σοφίας
426 964 515 1020 καὶ
577 962 874 1039 ὑπερτέρας
935 968 1190 1042 γνώσεως
1248 963 1510 1039 ἔμπλεω·
1570 970 1692 1042 περὶ
1745 968 1812 1023 ὦν

1931 973 2179 1044 gratiam
2210 985 2440 1041 quoque
2470 967 2567 1024 ille
2601 967 2814 1023 debere
2847 969 3144 1038 professus
3191 977 3277 1024 est
3309 986 3380 1025 :a
3410 970 3580 1026 malis

190 1053 237 1109 ἐν
265 1055 340 1124 τῷ
373 1055 504 1128 μετὰ
533 1059 722 1110 τοῦτον
753 1053 1016 1131 ἓγκαίρως
1046 1056 1203 1128 τὸμῳ
1234 1052 1636 1131 διαληψόμεθα,

1929 1061 2146 1132 quippe
2178 1058 2430 1114 dominis
2473 1073 2533 1112 se
2565 1055 2816 1124 liberari,
2867 1061 2924 1112 et
2945 1058 3016 1111 ad
3050 1057 3231 1112 Deum
3264 1057 3488 1114 Patrem
3522 1062 3580 1114 et

190 1162 375 1219 regem
410 1147 702 1218 optimum
733 1147 1004 1204 transire.
1037 1147 1120 1202 Ad
1169 1164 1311 1217 quos
1345 1149 1548 1204 tertius
1579 1148 1732 1205 alius
1780 1150 1982 1207 itidem
2032 1149 2298 1217 accessit,
2349 1149 2408 1203 in
2449 1162 2622 1217 quem
2670 1143 2955 1217 supplvcio
2993 1163 3222 1218 quoque
3267 1154 3352 1203 est
3383 1147 3580 1204 anim-

193 1237 510 1294 adversum.
560 1235 662 1292 His
707 1236 790 1292 ita
833 1240 1326 1305 commemoratis,
1378 1241 1628 1296 Justinis
1662 1257 1728 1296 ea
1774 1257 1899 1312 qua
1945 1256 2124 1310 supra
2159 1238 2559 1310 exposuimus,
2608 1235 2842 1306 subjicit
2880 1235 3098 1291 verba:
3141 1258 3170 1286 «
3205 1237 3321 1308 Ego
3345 1237 3578 1308 quidem

195 1326 437 1383 insidias
468 1331 523 1382 et
553 1327 876 1384 fustuaium
923 1339 1210 1402 exspecto,
1254 1352 1284 1382 »
1334 1335 1442 1387 etc.
1478 1331 1665 1388 Multa
1715 1347 1850 1388 vero
1889 1331 1938 1386 is
1984 1346 2235 1402 quoque.
2286 1327 2484 1383 divina
2515 1326 2692 1398 probe
2740 1325 3061 1382 instructus
3089 1327 3366 1398 doctrina,
3397 1327 3580 1383 edidit

198 1415 428 1487 scripta,
486 1415 708 1473 cmlesti
766 1418 1029 1490 sapienta
1083 1435 1472 1492 supremaque
1530 1420 1776 1477 scientia
1806 1421 2034 1477 referta.
2093 1419 2172 1475 De
2228 1417 2440 1490 quibus
2493 1414 2554 1472 in
2603 1431 2668 1471 eo
2711 1414 2809 1486 qui
2863 1416 3130 1486 sequitur
3185 1420 3363 1487 tomo,
3422 1433 3579 1473 com-

192 1507 355 1563 mode
386 1505 668 1567 dicemus.

798 1641 1054 1694 ΚΕΦΑΛ.
1098 1643 1217 1695 ΔΔ’.

379 1741 536 1817 Περὶ
565 1746 692 1798 τῶν
725 1740 787 1798 έν
818 1743 1005 1816 Ἀσίᾳ
1037 1745 1637 1822 μαρτυρησάντων.

255 1864 504 1930 Πολλοὺς
537 1864 595 1922 δὲ
624 1868 716 1922 καὶ
757 1867 962 1932 ἄλλους
1013 1870 1283 1946 μάρτυρας
1324 1870 1487 1946 λόγος
1527 1867 1644 1948 ἔχει
1684 1873 1822 1928 κατὰ

2499 1639 2732 1695 CAPUT
2781 1638 3017 1694 XXXIV.

2071 1753 2153 1806 De
2173 1749 2323 1813 aliis,
2356 1747 2452 1820 qui
2482 1749 2541 1802 in
2571 1748 2696 1802 Asia
2724 1747 2993 1818 martyrio
3021 1751 3152 1801 sunt
3181 1747 3483 1818 per/uncti.

2003 1876 2057 1930 M
2079 1875 2234 1930 ultos
2256 1891 2388 1932 vero
2427 1878 2484 1929 et
2513 1873 2658 1930 alios
2689 1875 2972 1942 martyres
3003 1873 3060 1927 in
3085 1871 3218 1926 Asia
3248 1872 3430 1929 fuisse
3446 1887 3581 1929 con-

187 1959 284 2027 τήν
339 1957 520 2015 Ἀσίαν
568 1956 940 2035 ἐνδιαπρέψαι,
990 1963 1076 2015 καὶ
1128 1964 1292 2038 πρινή
1345 1963 1559 2037 Μάρκον
1628 1963 1812 2036 Αὐρή-

1933 1968 2068 2033 stat,
2092 1964 2436 2036 priusquam
2450 1967 2680 2019 Marcus
2696 1961 2964 2018 Aurelius
2988 1960 3329 2018 Antoninus.
3357 1958 3579 2018 Justini

194 2045 303 2101 λιον
362 2048 698 2119 Ἀντῶνῖνον,
755 2050 856 2103 ὑπὸ
917 2049 1205 2106 Ἰουστίνου
1271 2053 1361 2106 καί
1409 2073 1571 2108 τινων
1629 2051 1819 2109 ἄλλων

195 2133 622 2208 πηρακληθέντα,
674 2141 753 2208 τῷ
796 2143 965 2210 κοινῷ
1012 2146 1112 2209 τῆς
1165 2141 1339 2203 Ἀσίας
1390 2141 1712 2214 ἐπιστεῖλαι,
1753 2142 1821 2212 ἢν

196 2227 293 2300 πρὸ
358 2225 598 2305 βραχέος
667 2228 830 2284 αὐτοῦ
915 2227 1208 2298 ἐπιστολὴν
1277 2230 1655 2306 πᾶρεθέμεθα,
1731 2233 1821 2289 καὶ

194 2321 380 2371 παῦσαι
417 2319 515 2372 τὸν
574 2315 859 2395 διωγμόν·
910 2319 998 2374 ὅτε
1051 2325 1317 2395 μεγίστων
1373 2325 1640 2393 κινήσεως
1686 2323 1822 2378 κατᾶ

193 2407 284 2473 τήν
321 2406 497 2463 Ἀσίαν
539 2409 940 2484 γεγενημένων,
982 2408 1076 2464 σὺν
1116 2409 1319 2483 πολλῷ
1357 2409 1576 2486 θυρύϐῳ
1605 2414 1695 2468 καὶ
1725 2414 1816 2469 τὸν

191 2495 451 2567 ὁμιλητήν
481 2499 593 2551 τῶν
627 2497 948 2552 ἂποστόλων
998 2497 1381 2574 Πολύκαρπον,
1422 2505 1499 2574 τῷ
1539 2503 1817 2576 μαρτυρίῳ

186 2582 528 2652 τελειωθῆναί
572 2603 729 2660 φασιν
757 2606 768 2618 ·
803 2585 862 2646 ’ὸς
905 2587 1041 2659 μετά
1086 2587 1176 2640 τὸν
1225 2589 1634 2664 θαυματουργὸν
1683 2597 1816 2644 Βου-

185 2668 338 2724 κόλον
363 2679 460 2741 τῆς
498 2674 818 2746 Σμυρναίων
871 2672 1161 2744 ἐκκλησίας
1211 2678 1458 2752 ἡγήσατο
1485 2698 1496 2710 ο
1529 2678 1620 2731 καὶ
1653 2677 1813 2734 εἰσέτι

186 2755 229 2810 δ’
276 2759 554 2840 ἐγγράφως
614 2763 676 2816 τὸ
741 2762 1035 2837 μαρτύριον
1085 2763 1250 2818 αὐτοῦ
1310 2766 1562 2844 φέρεται·
1612 2768 1673 2821 οὗ
1722 2767 1813 2822 καὶ

184 2865 294 2902 τινα
327 2853 390 2923 τῇ
423 2851 681 2924 παρούσῃ
728 2850 933 2921 ἐντάξαι
971 2856 1152 2930 γραφῇ
1204 2855 1489 2927 ἀναγκαῖον
1540 2856 1673 2910 εἶναί
1720 2878 1812 2925 μοι

262 2936 272 2954 .
462 2941 478 2959 .
599 2941 613 2958 κ
809 2941 822 2958 ς

187 2957 427 3013 φαινεται.
484 2945 536 2996 Η
569 2937 624 2994 δε
655 2959 852 3014 γραφη,
889 2941 948 2995 ἐκ
995 2943 1291 3016 προσώπου
1322 2947 1387 3013 ἧς
1434 2945 1596 3008 αὐτὸς
1627 2947 1812 3020 ἡγεῖτο

185 3027 306 3080 κατά
345 3029 440 3095 τήν
499 3028 684 3083 Ἀσίαν
737 3027 1025 3099 ἐκκλησίας
1075 3030 1211 3098 ἐστὶ,
1261 3038 1382 3093 ταῖς
1430 3034 1565 3087 κατὰ
1617 3035 1814 3089 Πόντον

183 3117 480 3190 παροικίαις
542 3119 607 3171 τὰ
666 3119 801 3192 πρὸς
860 3125 938 3190 τῷ
984 3120 1126 3176 τέλει
1166 3123 1344 3195 τούτῳ
1402 3123 1661 3200 γενόμενα
1715 3123 1813 3199 ἔμ-

184 3211 310 3280 φανῆ
354 3209 704 3260 καθιστῶσα·
758 3205 906 3286 λέγει
958 3205 1015 3262 δὲ
1061 3207 1232 3271 οὕτως
1259 3229 1272 3243 ·
1324 3212 1384 3266 Ἦ
1417 3211 1679 3282 ἐκκλησία
1715 3218 1812 3269 τοῦ

183 3297 306 3346 Θεοῦ
360 3296 393 3362 ἡ
463 3298 804 3364 παροικοῦσα
874 3296 1144 3368 Σμύρναν,
1187 3302 1284 3371 ·τῇ
1353 3299 1649 3372 Ἐκκλησία
1711 3306 1807 3356 τοῦ

184 3386 305 3436 Θεοῦ
332 3382 400 3457 τῇ
431 3353 772 3458 παροικούσῃ
802 3382 852 3438 ἒν
905 3353 1284 3460 (ξιιλομηλίῳῖ
1317 3353 1408 3442 καί
1449 3353 1647 3452 πάσαιέ
1845 3353 1886 3419 C

181 3472 309 3525 κατά
370 3473 549 3527 πάντα
613 3471 812 3542 τόπον,
880 3473 1037 3548 ἁγίας
1102 3475 1401 3546 καθολικῆς
1487 3481 1812 3549 Ἑκκλησίας

181 3563 508 3633 παροικίαις,
556 3559 732 3632 ἔλεος,
783 3562 998 3636 εῗρήνη,
1030 3565 1119 3619 καὶ
1166 3565 1349 3640 ἀγάπη
1402 3572 1538 3622 Θεοῦ
1585 3571 1812 3645 Πατρὸς,

180 3650 264 3702 καὶ
293 3651 495 3725 Κυρίου
526 3652 687 3724 ἡμῶν
717 3654 898 3722 Ἰησοῦ
928 3654 1164 3728 Χριστοῦ
1214 3655 1572 3727 πληθυνθείη.
1627 3660 1816 3734 Έγρά-

181 3741 348 3812 ψαμεν
405 3741 560 3814 ὑμῖν,
622 3738 870 3818 ἀδελφοὶ,
899 3742 967 3798 τὰ
1013 3744 1148 3799 κατὰ
1192 3744 1319 3808 τοὺς
1373 3751 1814 3821 μαρτυρήσαντας

178 3829 261 3881 καὶ
307 3829 397 3884 τὸν
461 3832 732 3904 μακάριον
790 3833 1194 3906 Πολύκαρπονο
1255 3835 1400 3896 ὅστις
1457 3836 1637 3911 ὥσπερ
1697 3838 1812 3892 ἐπι-

181 3920 476 3992 σφραγίσας
547 3917 634 3974 διὰ
699 3927 797 3989 τῆς
869 3923 1166 3997 μαρτυρίας
1244 3925 1430 3996 αὐτοῦ,
1517 3926 1813 3982 κατέπαυσε

177 4007 262 4061 τὸν
296 4005 539 4082 διωγμόν
567 4028 580 4040 ·
625 4010 712 4062 καὶ
757 4009 1024 4085 ἔρχονταί
1054 4033 1116 4087 γε
1160 4012 1310 4075 εὐθὺς
1359 4016 1463 4088 πρὸ
1493 4020 1589 4070 τοῦ
1643 4014 1814 4070 Πολυ-

178 4097 384 4169 κάρπου
452 4102 564 4152 τῶν
632 4096 819 4153 ἄλλων
890 4101 1176 4176 μαρτύρων
1259 4105 1625 4176 θαυμάζοντες
1688 4106 1814 4166 τοὺς

178 4183 392 4257 ἄθλους,
436 4189 588 4253 ὅπως
633 4186 971 4260 κατέπληξαν
1015 4197 1132 4254 τοῖς
1183 4192 1372 4258 ἄθλοις
1427 4197 1555 4258 τοὺς
1603 4197 1810 4268 θεωμέ-

176 4295 316 4338 νους.
349 4277 496 4338 Τινὲς
549 4279 642 4350 μὲν
676 4279 779 4352 γὰρ
816 4279 992 4334 αὐτῶν
1045 4281 1185 4336 οὕτω
1231 4288 1349 4345 ταῖς
1384 4284 1596 4356 μάστιξι
1643 4286 1810 4360 μέχρι

173 4367 278 4416 τῶν
334 4362 632 4420 ένδοτάτων
689 4362 906 4436 φλεϐῶν
972 4390 1029 4423 τε
1093 4372 1179 4425 καὶ
1236 4371 1508 4447 ἀρτηριῶν
1568 4379 1810 4447 κατεξαί-

172 4474 342 4523 νοντο,
395 4457 471 4517 ὡς
511 4457 600 4510 καί
638 4458 704 4511 τὰ
745 4457 794 4510 έν
840 4465 1042 4533 μυχοῖς
1090 4459 1376 4534 ἀπόρῥητα
1420 4468 1515 4518 τοῦ
1559 4466 1808 4538 σώματος

173 4543 346 4598 αὐτῶν
408 4543 550 4616 μέλη
611 4551 700 4600 καί
761 4545 1054 4624 σπλάγχνα
1128 4551 1592 4607 κατοπτεύεσθαι·
1645 4553 1810 4609 ἄλλοι

175 4633 364 4705 κήρυξι
425 4639 542 4698 τοῖς
598 4635 703 4689 ἄπὸ
762 4633 1037 4707 θαλάσσης
1087 4639 1174 4692 καὶ
1231 4637 1426 4703 ἄλλοις
1503 4637 1812 4704 ὀϐελίσκοις

1935 2054 2301 2124 aliorumque
2351 2053 2818 2108 Christianorum
2866 2049 3076 2106 libellis
3109 2057 3426 2120 permotus,
3458 2051 3580 2122 epi-

1933 2144 2102 2211 stola,
2137 2159 2314 2214 quam
2347 2142 2521 2214 paulo
2552 2145 2687 2198 ante
2719 2140 3134 2206 retulimus,ad
3164 2140 3311 2196 Asia
3335 2139 3578 2213 populos

1931 2233 2131 2299 missa,
2192 2232 2654 2303 persecutionem
2716 2229 3021 2287 cohibuit:
3076 2245 3189 2300 quo
3232 2235 3487 2300 tempore
3518 2228 3576 2282 in

1932 2321 2201 2378 maximis
2228 2321 2379 2378 Asiae
2417 2321 2677 2376 motibus
2707 2327 2761 2375 et
2786 2318 3008 2389 ingenti
3040 2317 3323 2386 tumultu,
3355 2321 3581 2390 aposto-

1928 2412 2117 2468 lorum
2147 2416 2399 2468 sectator
2430 2409 2787 2482 Polycarpus
2822 2409 3099 2481 martyrio
3121 2417 3206 2463 est
3237 2409 3576 2466 defunctus:

1927 2502 2027 2573 qui
2060 2509 2187 2573 post
2231 2499 2512 2557 Bucolum
2563 2499 3028 2556 admirandorum
3069 2512 3307 2568 operum
3339 2497 3570 2553 effecto-

1925 2608 2072 2659 rem,
2133 2592 2566 2664 Smyrnteorum
2614 2588 2862 2645 ecclesias
2921 2587 3168 2658 praefuit.
3219 2587 3563 2658 Martyrium

1923 2697 2055 2736 vero
2087 2683 2232 2750 ejus,
2289 2680 2348 2734 in
2407 2680 2623 2749 scripto
2655 2677 2826 2734 hodie
2866 2693 3095 2749 quoque
3134 2675 3558 2746 circumfertur,

1924 2772 2075 2842 quod
2117 2771 2173 2825 in
2223 2787 2466 2842 persona
2490 2771 2616 2838 ejus
2649 2784 2820 2840 quam
2853 2769 2911 2822 in
2942 2767 3078 2822 Asia
3109 2765 3255 2821 rexit
3281 2767 3556 2836 ecclesiae,

1923 2861 1992 2914 ad
2043 2858 2299 2914 ecclesiae
2347 2858 2512 2914 Ponti
2566 2859 2812 2925 editum,
2869 2865 3187 2912 extremum
3238 2856 3366 2926 ejus
3429 2855 3556 2910 vitm

1923 2952 2116 3005 actum
2171 2949 2324 3004 clare
2355 2949 2608 3020 exponit.
2643 2948 2806 3002 Unde
2839 2947 3031 3018 aliqua
3083 2951 3280 3001 nostro
3328 2959 3561 3016 quoque

1921 3040 2078 3110 operi
2109 3040 2361 3094 inserere
2415 3038 2646 3109 placuit.
2681 3037 2862 3109 Verba
2909 3038 3036 3106 ejus
3087 3035 3206 3091 haec
3237 3043 3374 3090 sunt
3404 3051 3416 3090 :
3451 3035 3563 3090 Ec-

1921 3128 2097 3184 clesia
2153 3129 2252 3184 Dei
2287 3144 2410 3197 quas
2459 3128 2723 3198 Smyrnm
2772 3130 2878 3194 est,
2935 3124 3087 3181 21]
3162 3123 3423 3180 Ecclesia
3460 3122 3558 3178 Dei

1922 3217 2073 3288 aqud
2097 3217 2532 3285 Philomelium,
2565 3215 2955 3285 omnibusque
2987 3214 3204 3285 ubique
3235 3219 3450 3268 sanctas
3471 3229 3561 3268 ca-

1921 3307 2148 3362 tholice
2187 3305 2453 3362 Ecclesia:
2513 3305 2796 3376 parmciis,
2852 3302 3272 3370 misericordia,
3332 3320 3460 3374 pax,
3507 3305 3565 3358 et

1926 3397 2176 3452 charitas
2222 3397 2318 3450 Dei
2372 3397 2586 3462 Patris,
2619 3400 2672 3450 et
2702 3393 2932 3449 Domini
2965 3393 3142 3449 nostri
3174 3392 3313 3447 Jesu
3345 3390 3560 3447 Christi

1925 3482 2369 3554 multiplicetur.
2425 3481 2779 3552 Scripsimus
2820 3481 3001 3548 vobis,
3039 3480 3259 3546 fratres,
3294 3479 3364 3533 de
3403 3493 3564 3533 mar-

1926 3573 2171 3643 tyribus,
2205 3579 2259 3627 et
2315 3572 2481 3626 beato
2513 3570 2826 3642 Polycarpo
2875 3586 2887 3624 :
2921 3569 3022 3640 qui
3053 3567 3225 3624 veluti
3267 3565 3564 3638 signaculo

1927 3662 2181 3733 quodam
2229 3660 2536 3732 impresso,
2571 3676 2671 3730 per
2717 3657 3060 3730 martyrium
3093 3672 3265 3713 suum
3299 3671 3568 3726 persecu-

1925 3750 2139 3806 tionem
2193 3749 2472 3805 cohibuit.
2506 3749 2571 3802 Et
2601 3747 2830 3802 initium
2861 3746 3151 3802 scribendi
3181 3745 3401 3800 faciunt
3429 3749 3564 3800 ante

1927 3839 2326 3911 Polycarpum,
2361 3837 2432 3892 de
2465 3836 2814 3908 martyribus
2863 3835 3013 3904 aliis,
3052 3850 3299 3907 quorum
3331 3834 3565 3906 egregia

1925 3929 2293 3985 admirantur
2322 3927 2662 3994 certamina,
2684 3925 2895 3996 quibus
2921 3925 3015 3980 alii
3040 3925 3190 3996 apud
3214 3928 3566 3994 spectatores

1923 4027 2220 4091 stuporem
2251 4017 2596 4074 excitarunt.
2627 4015 2870 4082 Quidam
2903 4030 3094 4070 eoram
3129 4014 3210 4070 ita
3249 4013 3445 4086 ﬂagris
3491 4012 3566 4068 ad

1925 4111 2228 4166 interiores
2262 4125 2445 4178 usque
2476 4123 2646 4163 venas
2685 4112 2740 4161 et
2767 4105 3009 4160 arterias
3041 4107 3179 4160 sunt
3219 4104 3374 4172 cerei,
3415 4107 3478 4159 ut
3508 4104 3564 4158 in

1924 4199 2140 4256 abditis
2171 4199 2397 4254 sinibus
2441 4201 2660 4252 secreta
2682 4195 2938 4266 corporis
2971 4194 3228 4250 membra
3247 4197 3304 4249 et
3332 4195 3457 4265 ipsa
3481 4191 3567 4247 vi-

1925 4306 2081 4347 scera
2112 4289 2606 4360 conspicerentur.
2640 4286 2886 4352 Quidam
2918 4283 3084 4340 humi
3117 4283 3284 4339 testis
3315 4283 3563 4339 marinis

1923 4379 2165 4450 allisque
2195 4379 2380 4434 acutis
2409 4376 2647 4449 spiculis
2670 4375 3183 4444 constratis,super
3197 4373 3564 4436 eacollocati,

1924 4475 2096 4539 atque
2114 4468 2247 4523 hinc
2260 4472 2315 4523 et
2337 4467 2472 4521 inde
2486 4465 2689 4536 raptati
2706 4469 2925 4531 sunt;et
2940 4481 3072 4518 mox
3088 4462 3354 4532 plurimis
3369 4461 3562 4516 omnis

1922 4559 2150 4631 generis
2183 4558 2387 4629 poenis,
2419 4557 2726 4612 tormentis
2758 4559 2815 4611 et
2839 4554 3194 4610 cruciatibus
3225 4551 3445 4616 afﬂicti,
3470 4568 3570 4622 po-

1923 4654 2138 4704 stremo
2170 4647 2373 4702 bestiis
2402 4650 2541 4702 sunt
2569 4645 2799 4716 objecti.
2818 4648 2880 4699 ln
2905 4641 3112 4714 primis
3136 4657 3266 4697 vero
3290 4640 3566 4712 martyrio

174 4719 309 4792 ὀξέσι
359 4725 497 4777 κατὰ
541 4730 645 4798 γῆς
699 4727 1162 4799 στρωννυμένοις⁶
1224 4729 1312 4784 καὶ
1373 4731 1564 4792 αὐτοὺς
1616 4731 1812 4788 ἄνευθεν

1926 4737 2199 4793 enituisse
2257 4737 2459 4792 dicunt
2489 4734 2928 4800 Germanicum,
2962 4731 3057 4802 qui
3090 4730 3285 4786 divina
3333 4729 3566 4798 adjutus

173 4806 550 4883 ἐπισύρεσθαιο
604 4812 717 4868 εἷ’τα
766 4811 854 4868 διὰ
911 4817 1200 4871 κακώσεων
1243 4816 1516 4874 πλείστων
1557 4821 1647 4876 καὶ
1711 4823 1807 4895 βα-

173 4899 344 4952 σάνων
396 4901 664 4955 παντοίων
711 4903 802 4957 καὶ
850 4901 1230 4977 σερεϐλώσεων
1277 4909 1605 4982 προιόντων,
1654 4910 1810 4973 τέλος

171 4987 357 5060 θηρσὶν
414 4987 490 5051 είς
557 4991 720 5066 βορὰν
778 4991 1225 5068 ἀπορῥίπτεσθαι.
1283 4998 1421 5052 Φασί
1477 5021 1537 5074 γε
1589 5003 1697 5072 μὴν
1756 5002 1813 5056 εὖ

174 5075 320 5166 μαλα
348 5081 428 5166 τῷ
463 5081 742 5155 μαρτυρίῲ
785 5079 1078 5158 διαπρέψαι
1132 5089 1481 5161 Γερμανικὸν,
1533 5091 1810 5166 ὑπερῥωνο

168 5165 324 5219 νύντα
378 5165 470 5221 σὺν
529 5168 643 5239 θείᾳ
702 5172 889 5249 χάριτι
944 5174 1042 5242 τὴν
1103 5173 1341 5252 ἔμφυτον
1397 5183 1492 5232 τοῦ
1560 5165 1812 5254 σώματος

169 5256 290 5327 περὶ
334 5254 428 5309 τὸν
477 5257 696 5313 θάνατον
759 5259 981 5318 δειλίαν.
1039 5267 1147 5318 Τοῦ
1208 5264 1252 5320 δ’
1313 5267 1617 5324 ἀνθυπάτου
1678 5271 1812 5326 ὑπά-

168 5343 348 5414 γεσθαι
376 5348 572 5400 τοῦτον
634 5346 994 5422 βουλομένου,
1044 5352 1134 5406 καὶ
1163 5354 1224 5407 τὸ
1273 5353 1477 5430 κομιδῇ
1508 5363 1604 5412 τοῦ
1637 5358 1812 5432 σώμα-

165 5449 256 5492 τος
292 5432 528 5504 ἀκμαῖον
561 5434 652 5490 σὺν
697 5438 810 5512 ὥρᾳ
850 5437 1019 5512 φειδώ
1057 5463 1174 5496 τινα
1223 5438 1370 5518 ἔχειν
1416 5443 1811 5522 προϐαλλομέ-

167 5538 284 5613 νου,
439 5521 710 5613 μελλῆσαι
743 5527 833 5582 τὸν
863 5529 1008 5603 ἱερὸν
1048 5531 1273 5603 νεανίαν,
1324 5533 1468 5591 ἀλλὰ
1513 5521 1812 5613 προθύμως

164 5607 224 5704 τὸ
258 5610 451 5683 θηρίον
501 5611 577 5676 εἷς
626 5616 815 5673 ἑαυτὸν
865 5617 1281 5693 ἔπισπάσασθαι,
1335 5607 1634 5704 μονονουχὶ
1689 5607 1809 5704 βίαν

167 5695 435 5770 ἐπάγοντα
486 5703 574 5756 καὶ
659 5706 1041 5781 παροξύνοντα,
1105 5712 1179 5774 ὡς
1238 5711 1298 5767 ἄν
1353 5735 1411 5790 γε
1457 5692 1653 5791 τάχίον
1689 5692 1806 5774 ’τοῦ

1919 4827 2123 4898 gratia,
2182 4825 2422 4880 insitum
2453 4824 2676 4894 corpori
2727 4823 2929 4879 mortis
2981 4825 3201 4875 metum
3249 4818 3563 4890 superavit.

1925 4917 2068 4971 Cum
2098 4915 2253 4970 enim
2279 4912 2587 4986 proconsul
2619 4912 2944 4968 subducere
2960 4925 3094 4965 eum
3119 4925 3187 4966 ex
3216 4908 3565 4979 reliquorum

1926 5009 2244 5076 martyrum
2302 5018 2544 5059 numero
2595 5001 2786 5068 vellet,
2845 4999 3197 5072 parcendum
3258 5012 3386 5052 esse
3417 4995 3569 5052 aetati

1924 5093 2149 5150 florenti
2180 5097 2235 5149 et
2257 5094 2453 5148 formas
2485 5089 2794 5148 excellenti
2827 5104 3173 5160 suggerens,
3205 5086 3354 5143 nihil
3385 5102 3575 5142 mora-

1922 5187 2017 5238 tus
2049 5187 2137 5240 est
2192 5182 2548 5247 adolescens,
2607 5181 2706 5235 sed
2761 5195 2975 5251 magna
3021 5178 3204 5234 animi
3252 5176 3570 5247 cupiditate

1922 5271 2166 5327 bestiam
2208 5272 2265 5326 in
2318 5272 2579 5342 seipsum
2638 5267 2940 5341 pertraxit,
3003 5283 3130 5323 eam
3192 5271 3423 5322 tantum
3453 5281 3570 5320 non

1923 5377 2024 5432 per
2053 5361 2170 5416 vim
2199 5361 2435 5416 irritans
2457 5368 2627 5431 atque
2658 5357 3017 5423 concistans,
3051 5361 3113 5411 ut
3144 5356 3364 5412 scilicet
3393 5371 3568 5428 quam

1923 5449 2221 5506 celerrime
2252 5451 2321 5505 ab
2349 5449 2633 5520 improbis
2677 5447 2993 5518 impiorum
3025 5445 3330 5502 hominum
3360 5445 3568 5501 libera-

1922 5542 2080 5596 retur
2128 5538 2402 5594 moribus.
2437 5539 2578 5594 Tam
2638 5537 2862 5592 fortiter
2891 5539 3042 5591 certe
3100 5537 3156 5590 et
3197 5533 3439 5607 pulchre
3469 5549 3571 5604 per

1919 5632 2164 5686 mortem
2198 5636 2426 5701 propter
2454 5627 2746 5684 Christum
2779 5625 3121 5698 martyrium
3159 5641 3334 5681 suum
3368 5623 3567 5679 absol—

1915 5719 2015 5792 vit,
2049 5723 2114 5777 ut
2141 5733 2274 5778 eum
2307 5717 2620 5777 multitudo
2665 5716 3070 5786 demiraretur,
3105 5717 3162 5773 et
3191 5714 3263 5771 ad
3292 5712 3566 5771 virtutem
