4032 6282
90 300 181 357 969

89 445 180 481 τειν
226 424 252 477 ὃ
309 423 681 499 συμϐουλεύετέ
732 444 843 498 μοι.
907 426 975 479 Οἱ
1032 422 1093 479 δί
1164 426 1520 501 ἀποτυχόντες
1573 437 1666 483 τοῦ
1701 439 1744 492 Α

92 524 254 569 πεῖσαι
308 515 482 584 αὐτόν,
538 510 685 568 δεινά
726 515 944 590 ῥήματα
987 516 1179 588 ἔλεγον,
1210 523 1301 571 καὶ
1348 521 1476 591 μετά
1507 538 1670 573 σπον-

91 604 178 669 δῆς
224 607 505 679 καθῄρουν,
538 607 608 667 ὡς
658 610 903 658 κατιόντα
940 605 1042 659 ἀπὸ
1098 614 1191 660 τοῦ
1224 607 1502 681 ὀχήματος
1538 611 1672 662 ὑπο-

92 699 233 767 σύραι
292 698 353 747 τό
414 693 770 767 ἀντικνήμιον.
830 691 977 754 Μηδ⁹
1042 695 1165 757 ὅλως
1235 693 1287 749 δ’
1340 697 1669 772 ἐπιστραφεὶς

90 784 372 841 εἰσήλαυνεν
398 783 473 845 εἰς
500 787 559 835 τό
593 780 833 836 στάδιον.
882 783 1258 838 Εἰσελαύνοντα
1286 783 1339 839 δ’
1369 783 1457 839 οὖν
1501 791 1669 859 φωνην

88 874 343 949 οὐρανόθεν
405 873 633 947 ῥαγῆναι
708 872 950 943 λέγεται·
994 872 1185 946 Ἰσχυε
1249 880 1339 927 καὶ
1393 872 1667 950 ἀνδρίζου,

86 963 396 1034 Πολύκαρπε.
449 962 510 1014 Ὀ
536 965 628 1034 μὶν
674 958 762 1015 οὖν
793 962 948 1014 εἰπὼν
1000 962 1217 1027 ἀθέατος
1260 965 1357 1022 ἦν’
1395 964 1568 1018 πολλοί
1611 985 1671 1037 γε

89 1058 176 1124 μήν
220 1060 320 1104 τῶν
374 1054 634 1125 ἡμετέρων
696 1050 912 1114 ἑστῶτες
968 1056 1157 1115 ταύτης
1213 1056 1278 1115 ὡς
1336 1054 1478 1127 μάλα
1529 1059 1670 1126 μετέ-

91 1161 225 1213 σχον.
276 1142 429 1196 Ἐπεὶ
472 1136 531 1193 δε
576 1144 667 1192 καὶ
708 1140 962 1208 εἰσῆλθεν,
1006 1141 1051 1194 εἰ
1081 1142 1237 1205 αὐτὸς
1288 1145 1364 1202 εἴη
1407 1142 1672 1216 Πολύχαρ-

88 1251 185 1297 πος,
255 1239 461 1304 πρῶτον
546 1230 936 1287 ἀνεπυνθάνετο.
1016 1238 1120 1285 Τοῦ
1199 1228 1258 1285 δε
1339 1235 1667 1305 συνθεμένου,

84 1318 383 1380 αἰδεσθῆναι
429 1324 525 1379 τὴν
578 1318 786 1378 ἠλικίαν
827 1320 1107 1392 εἰσηγεῖτο,
1141 1326 1231 1374 καὶ
1273 1326 1368 1380 την
1409 1326 1673 1397 Καίσαρος

80 1409 268 1483 ὀμνύειν
326 1411 522 1481 τύχην,
578 1415 841 1481 μετανοεῖν
904 1428 958 1462 τε
1009 1415 1118 1472 τοῖς
1189 1414 1670 1493 προγεγενημένας,

77 1505 159 1551 καὶ
193 1501 441 1572 μέγιστον
489 1497 821 1573 ἀνακράζειν,
879 1494 1006 1571 Αἶρε
1057 1502 1181 1561 τοὺς
1223 1498 1427 1561 ἀθέους.
1477 1506 1581 1553 Τοῦ
1614 1496 1672 1552 δε

79 1585 198 1662 μηδ’
273 1588 405 1649 ὅλως
491 1587 944 1660 έπιστρεφομένου,
1028 1586 1258 1660 ἀνάγκην
1335 1590 1494 1661 ίπῆγε
1576 1593 1671 1648 τὴν

80 1682 336 1751 Καίσαρος
384 1679 558 1749 τύχην
602 1675 886 1749 ἀναφέρειν,
936 1681 1027 1729 καὶ
1076 1680 1163 1730 τόν
1215 1681 1447 1751 Χριστόν
1494 1674 1667 1731 λοιδο.

76 1774 173 1839 ρεῖν
204 1785 218 1799 ·
270 1770 365 1819 καὶ
406 1774 560 1819 τοῦτο
600 1762 826 1841 δρῶντα,
878 1765 1025 1826 εύθῦς
1072 1765 1515 1822 ἀπαλλάττεσθαι.
1570 1773 1669 1820 Πο-
1698 1791 1737 1845 Β

76 1856 328 1930 λύκαρπον
387 1851 449 1908 δε
496 1858 629 1931 πρὸς
681 1862 849 1908 ταῦτα
900 1855 1058 1917 εἰπεῖν
1091 1874 1105 1888 ⁸
1166 1852 1528 1927 Ὀγδοήκοντα
1577 1862 1666 1910 καὶ

79 1946 125 2009 ἓξ
157 1949 242 2005 ἔτη
275 1943 509 1999 δουλεύω
546 1945 711 2015 αύτῷ,
767 1950 856 1998 καὶ
880 1942 1037 2005 ⁵οὐδέν
1067 1964 1131 2019 με
1160 1944 1369 1999 έκάκισε
1400 1961 1414 1976 ’
1446 1950 1532 1999 καὶ
1558 1954 1666 2008 πῶς

81 2033 299 2108 δύναμαι
350 2034 745 2109 βλασφημῆσαι
774 2039 863 2087 τόν
902 2035 1125 2088 Βασιλέα
1156 2039 1243 2087 τόν
1290 2037 1533 2088 σώσαντά
1560 2054 1662 2107 μες

78 2125 138 2180 Εἰ
184 2122 239 2177 δε
269 2128 337 2177 σὺ
392 2132 657 2199 προσποιῇ
702 2122 899 2196 ἀγνοεῖν
940 2126 1082 2185 ὅστις
1130 2124 1255 2198 εἰμὶ,
1308 2127 1423 2178 ῖσθι
1461 2123 1529 2183 δή
1585 2128 1665 2178 ὅτι

78 2219 381 2289 Χριστιανός
414 2214 522 2286 εἰμι
556 2232 568 2243 ⁸
605 2213 648 2266 εἰ
683 2210 745 2266 δέ
771 2232 856 2266 σοι
893 2210 987 2266 διὰ
1018 2210 1260 2275 σπουδῆς
1296 2217 1382 2267 τόν
1421 2215 1665 2290 ἡμέτερον

83 2306 190 2378 ὅρον
219 2308 419 2377 μαθεῖν,
464 2308 648 2376 χώραν
695 2300 854 2357 δίδου
898 2312 1083 2377 καιρῷ,
1114 2309 1204 2357 καὶ
1232 2306 1476 2376 μάνθανε.
1523 2305 1582 2357 '0
1614 2300 1665 2357 δ’

85 2392 385 2462 ἀνθύπατος,
439 2400 648 2463 Πεῖσον,
696 2395 813 2465 ἔφη,
866 2395 954 2445 τὸν
1003 2390 1194 2466 δῆμον.
1231 2393 1291 2446 Ὀ
1337 2391 1416 2460 δε,
1466 2397 1525 2448 ΣΞ

89 2483 225 2554 μόλις
299 2484 457 2554 λόγου
540 2482 790 2545 καταξιῶ.
846 2479 1195 2535 Διδασκάλιον
1274 2486 1374 2557 γὰρ
1456 2485 1667 2557 ἔχομεν,

92 2572 274 2645 ἀρχαῖς
321 2578 411 2626 καὶ
467 2571 726 2636 έξουσίαις
783 2571 1107 2645 ἀποχρῶσαν
1170 2577 1334 2645 νέμειν
1395 2579 1572 2646 τιμὴν,
1627 2577 1672 2627 εἶ

94 2680 149 2733 γε
198 2659 263 2720 δὴ
322 2666 391 2733 μὴ
438 2670 508 2733 τῷ
546 2661 771 2714 εὐσεϐεῖν
817 2666 1194 2737 προσίσταται.
1245 2666 1401 2734 Δήμῳ
1454 2659 1505 2716 δ’
1555 2662 1671 2715 ἀλο-

101 2752 257 2818 γίστῳ
306 2753 385 2811 τίς
435 2754 670 2802 κοινωνία
738 2747 852 2821 έμοί
893 2766 909 2815 ;
966 2754 1067 2803 Καὶ
1118 2750 1179 2811 ὃς
1231 2751 1421 2822 θηρίων
1474 2751 1670 2810 ἠπείλει

109 2834 278 2908 ἀκμὰς,
330 2837 374 2890 εἰ
426 2840 616 2897 ἥκιστα
666 2839 827 2891 ἐθέλοι
882 2846 1165 2911 μετανοεῖν.
1221 2839 1395 2901 Κάλει,
1457 2845 1613 2911 φησὶν
1644 2841 1671 2891 6

105 2926 450 2999 Πολύκαρπος·
505 2928 565 2980 ού
609 2928 710 3003 γὰρ
769 2926 883 3000 έμοί
930 2930 1176 2999 μετάνοια
1212 2937 1388 3000 σαφῶς
1433 2930 1669 3003 ὀρισθείη

96 3016 123 3072 ἡ
169 3014 261 3070 ἀπὸ
288 3026 386 3069 τῶν
433 3022 734 3091 κρειττόνων
774 3016 858 3070 έπὶ
907 3020 973 3070 τὰ
1010 3023 1176 3093 χείρω
1204 3020 1502 3091 μετάθεσις,
1563 3017 1673 3072 ἀλλ’

90 3105 117 3162 ἠ
159 3104 208 3157 ἐκ
236 3114 332 3159 τῶν
379 3107 627 3179 χαλεπῶν
678 3105 761 3159 ἰπὶ
799 3109 867 3159 τά
905 3104 1093 3160 δίκαιά
1136 3126 1189 3161 τε
1241 3112 1326 3161 καὶ
1362 3110 1506 3164 ὅσια.
1560 3116 1669 3185 Πῦρ

90 3192 160 3246 ἰπὶ
196 3199 398 3258 τούτοις
439 3198 465 3249 6
498 3193 735 3259 δικάζων
779 3196 998 3255 ἠπείλει.
1027 3196 1086 3249 Ὀ
1128 3194 1199 3265 δ’,
1234 3197 1461 3270 Ἀγνοεῖν
1501 3202 1672 3263 ἔοικας

86 3283 230 3355 μάλα,
289 3287 457 3358 ἔλεγε,
515 3292 620 3359 πῦρ
689 3284 938 3361 ἐπιφέρων
991 3289 1048 3339 τὸ
1097 3290 1226 3362 πρὸς
1279 3289 1415 3361 ὥραν
1468 3287 1674 3341 σϐεννύ-

82 3392 234 3445 μενον,
292 3381 352 3429 τό
429 3374 478 3437 ές
528 3374 608 3428 ἀεὶ
678 3372 921 3448 διαμένον
978 3378 1027 3428 ἓν
1078 3381 1250 3449 γεέννῃ
1316 3384 1426 3440 τοῖς
1471 3376 1671 3431 ἀσεϐεῖν

82 3465 345 3537 ᾑρημένοις
411 3467 746 3540 τηρούμενον.
821 3468 1026 3518 Τούτων
1081 3470 1171 3518 καὶ
1237 3465 1404 3518 ἄλλων
1473 3467 1674 3541 εἰρημέ-

76 3572 165 3605 νων
218 3554 503 3619 πλείστων,
589 3556 815 3629 θάρσους
876 3555 1028 3617 εύθύς
1097 3559 1185 3608 τόν
1249 3555 1397 3627 ἅγιον
1448 3558 1673 3629 ὑποπίμ-

74 3643 319 3711 πλασθαι,
353 3647 428 3705 ὡς
472 3648 563 3697 καὶ
592 3648 651 3697 τὸ
683 3641 905 3718 φαιδρὸν
944 3651 1106 3698 αυτοῦ
1162 3648 1253 3697 καὶ
1298 3645 1557 3703 ἀπτόητον
1586 3648 1674 3697 τόν

74 3729 330 3793 δικαστὴν
416 3732 685 3787 έκνοοῦντα
765 3737 859 3786 σὺν
954 3736 1181 3807 θαύματι
1239 3733 1470 3807 θάμϐους
1546 3731 1673 3786 εἶναι

72 3827 277 3893 μεστόν.
312 3823 425 3878 Καὶ
455 3826 570 3895 τρὶς
616 3829 690 3893 τῷ
737 3827 931 3895 κηρυκι
958 3821 1149 3895 ιμϐοᾷν
1176 3829 1250 3893 τῷ
1283 3818 1458 3895 δήμῳ,
1506 3824 1675 3875 Πολύ-

69 3929 271 3985 καρπος
344 3909 626 3985 παρρησίᾳ
700 3914 1021 3984 Χριστιανὸν
1100 3910 1281 3963 ἑαυτὸν
1347 3910 1672 3983 ὡμολόγησε’

70 4003 194 4053 Τότε
253 4006 360 4053 πᾶν
417 4003 477 4052 τὸ
523 3999 721 4062 πλῆθος
780 3999 1050 4067 Ἐλλήνων,
1101 4004 1192 4053 καὶ
1258 3999 1491 4072 μάλιστα
1549 4000 1676 4054 Ἰου-

66 4086 233 4142 δαίων
266 4098 376 4143 τῶν
402 4093 498 4147 την
552 4092 788 4162 Σμύρνην
835 4089 1133 4155 οἰκούντων,
1183 4089 1363 4151 εἰωθός
1411 4092 1533 4161 ἕχον
1566 4096 1677 4152 τοῖς

71 4183 326 4241 τοιούτοις
413 4174 467 4231 εὖ
530 4178 671 4250 μάλα
758 4181 1165 4253 καθυπουργείν,
1220 4187 1469 4251 κραυγαῖς
1522 4178 1676 4232 έϐόων

70 4266 301 4341 ἀσήμοις
332 4285 346 4299 ·
380 4267 443 4320 Ὀ
473 4272 646 4343 πατὴρ
677 4274 778 4319 τῶν
830 4275 1182 4342 Χριστιανῶν,
1214 4268 1241 4319 6
1290 4276 1389 4319 τῶν
1419 4269 1677 4340 ἡμετέρων

74 4360 196 4410 θεῶν
234 4359 581 4431 καθαιρέτης,
615 4358 642 4408 6
695 4361 766 4429 μὴ
821 4359 956 4409 θύειν
1005 4352 1145 4429 μηδὲ
1192 4364 1503 4430 προσκυνεῖν
1544 4362 1678 4409 πᾶσι

66 4450 278 4509 τούτοις
339 4444 751 4518 ἐγκελευόμενος,
800 4449 965 4521 πυρὸς
1023 4442 1231 4504 δαπάνη
1286 4448 1532 4517 γενέσθω.
1578 4449 1680 4498 Καὶ
1710 4487 1754 4541 D

70 4539 159 4588 τὸν
184 4536 503 4607 Ἀσιάρχην
534 4530 854 4587 ἐπέσπευδον
893 4532 1145 4586 Φίλιππον
1176 4549 1190 4562 ⁸
1243 4531 1350 4586 ἔδει
1396 4536 1498 4608 γὰρ
1538 4534 1680 4603 αὐτῷ

69 4633 387 4701 προφητικῷ
437 4643 498 4696 γε
550 4628 660 4676 ἄντι
705 4620 860 4699 ἀνδρὶ
897 4629 967 4695 μὴ
1010 4627 1068 4676 τὸ
1126 4625 1308 4698 όραθὶν
1345 4623 1519 4695 ἐκείνῳ
1566 4620 1684 4676 δια-

72 4724 247 4768 πεσεῖν
274 4731 299 4746 “
350 4708 651 4775 ένδοθέντος
695 4708 805 4779 οὖν,
859 4716 916 4765 τὸ
947 4714 1094 4788 ἔργον
1135 4714 1319 4765 θᾶττον
1363 4713 1393 4771 ἡ
1434 4713 1581 4784 λόγος
1616 4712 1684 4773 εἰς

72 4809 235 4878 πέρας
292 4802 447 4863 εὐθὺς
497 4800 765 4865 ἐξέϐαινεν.
822 4808 1166 4877 Παραχρῆμα
1219 4804 1319 4874 γάρ
1375 4810 1467 4854 τοῦ
1517 4801 1684 4874 ὄχλου

77 4896 191 4947 ὅσον
220 4895 479 4967 περιττὸν
508 4895 598 4943 καὶ
648 4890 887 4949 ἀνόνητον
916 4895 1007 4943 καὶ
1036 4899 1143 4953 τοῖς
1173 4893 1426 4953 τοιούτοις
1454 4891 1688 4964 μάλιστα

71 4992 293 5058 χαῖρον,
339 4984 419 5033 ἔτι
449 4977 508 5033 δὲ
536 4985 624 5033 καὶ
678 4980 739 5032 τό
773 4984 865 5039 τὴν
912 4982 1144 5053 Σμύρναν
1176 4980 1350 5033 οἰκοῦν
1395 4976 1686 5033 Ἰουδαϊκὸν

70 5074 255 5133 εἰωθός
324 5072 458 5141 ἕχον
503 5076 615 5132 τοῖς
651 5072 787 5122 κατά
835 5076 1168 5145 Χριστιανῶν
1217 5072 1282 5131 ὡς
1318 5068 1459 5142 μάλα
1495 5071 1689 5144 πρόθυ-

69 5182 167 5235 μον
195 5163 338 5215 εἶναι
368 5163 461 5211 καὶ
506 5161 572 5211 τά
616 5161 822 5231 ἔσχατα
865 5160 1163 5233 ὑπουργεῖν,
1198 5160 1254 5212 ἑκ
1304 5166 1404 5211 τῶν
1435 5161 1689 5233 έργαστη-

68 5257 200 5327 ρίων
260 5253 357 5302 καὶ
416 5244 696 5321 βαλανείων
772 5248 900 5311 ξύλα
953 5253 1044 5301 καὶ
1119 5250 1375 5322 φρύγανα,
1438 5253 1531 5301 καὶ
1586 5250 1685 5306 ὅση

71 5341 206 5399 ἄλλη
253 5343 560 5413 εὔπρηστος
605 5337 731 5410 ὕλη,
787 5341 877 5390 καὶ
915 5340 986 5399 ὡς
1035 5336 1175 5411 μάλα
1229 5343 1357 5412 πυρὶ
1392 5337 1690 5411 προσφιλὴς

72 5428 503 5504 διαρπάσαντες,
560 5428 746 5481 θᾶττον
798 5426 1046 5493 ἀνῆπτον,
1101 5429 1291 5482 ἔκαιον.
1347 5429 1491 5483 Ἐπεὶ
1538 5425 1590 5482 δ’
1655 5429 1688 5487 ἡ

72 5519 205 5595 φλόξ
260 5517 336 5580 εἰς
384 5520 520 5589 μέγα
561 5514 939 5592 ἁνερῥιπίζετο,
990 5516 1227 5590 έπειράτο
1278 5515 1517 5571 ὑπολύειν
1568 5516 1692 5571 ἀπο·

75 5612 292 5689 θέμενος
343 5607 417 5660 τά
489 5607 690 5679 ἱμάτια,
746 5610 819 5680 μὴ
893 5611 1140 5683 πρότερον
1210 5607 1347 5661 τοῦτ’
1422 5605 1636 5686 ένεργῶν
1674 5623 1691 5640 ο

397 5712 647 5783 Panos.
689 5714 791 5773 Gn.
836 5712 1049 5779 CXLV.

1104 297 1675 362 ECCLESIASTICE
1724 302 2084 362 HISTORIA?
2122 306 2265 366 LIB.
2307 306 2408 367 III.

3324 303 3441 369 1970

1780 431 1955 504 273
1990 432 2143 499 Quid
2196 448 2346 504 rogo
2389 432 2531 492 mali
2558 437 2667 501 est,
2718 435 2767 492 si
2813 435 3002 504 dicas,
3033 437 3280 494 Domine
3311 439 3440 495 Cte-

1780 537 1901 587 sar,
1955 527 2013 578 et
2064 524 2115 578 si
2144 523 2465 590 sacriﬁces,
2496 526 2817 599 salvusque
2864 526 2945 583 ita
2982 542 3233 584 maneas
3262 526 3292 583 τ
3331 528 3432 586 Ille

1778 616 1979 668 autem
2036 613 2298 684 primum
2351 614 2435 669 eis
2483 630 2601 671 non
2640 614 2965 687 respondit.
3016 616 3435 674 Insislentibus

1779 706 1981 757 autem
2030 701 2310 772 amplius,
2352 705 2481 759 Non
2518 719 2673 771 sum,
2712 704 2923 775 inquit,
2964 704 3229 762 facturus
3268 706 3435 778 quod

1776 789 2071 845 suadetis.
2103 792 2250 847 Tum
2281 790 2381 857 illi,
2412 792 2577 865 quod
2617 793 2669 848 ei
2720 809 2855 865 quas
2886 792 3097 851 vellent
3146 811 3267 850 non
3297 811 3434 867 per.

1781 879 2131 945 suasissent,
2159 879 2441 949 gravibus
2486 882 2681 937 virum
2712 882 3094 954 increparunt
3125 885 3343 950 verbis,
3377 890 3435 941 et

1779 984 1919 1025 cum
1948 968 2177 1040 impetu
2200 985 2272 1025 ex
2292 968 2569 1027 vehiculo
2592 971 3022 1028 deturbarunt:
3054 988 3178 1045 quo
3202 989 3345 1030 casu
3375 975 3437 1030 in

1779 1056 1924 1112 tibia
1975 1063 2063 1113 est
2097 1058 2355 1126 graviter
2394 1058 2588 1115 Iesus.
2624 1058 2772 1116 Nihil
2801 1066 3003 1116 autem
3033 1061 3213 1117 rebus
3242 1064 3434 1119 omni-

1778 1145 1892 1203 bus
1920 1154 2280 1216 commotus,
2303 1155 2405 1204 aut
2435 1154 2857 1215 commutatus,
2875 1149 2935 1204 in
2962 1150 3223 1206 stadium
3252 1168 3430 1209 suum

1779 1239 1868 1290 est
1918 1249 2311 1305 progressus:
2345 1240 2399 1291 et
2441 1236 3066 1307 progredientiecaelo
3110 1254 3223 1294 vox
3273 1240 3431 1297 into-

1780 1322 1982 1380 nuisse
2031 1321 2249 1379 fertur:
2285 1323 2470 1380 Fortis
2498 1330 2650 1391 esto,
2697 1331 2753 1382 et
2800 1325 3039 1381 viriliter
3090 1342 3222 1397 age,
3256 1327 3435 1400 Poly-

1781 1427 1980 1483 carpe.
2025 1418 2214 1484 Atque
2251 1415 2355 1484 qui
2400 1413 2558 1470 hanc
2605 1414 2790 1470 edidit
2837 1431 3068 1482 vocem,
3116 1417 3431 1475 invisibilis

1781 1502 2025 1574 quidem
2058 1502 2153 1558 ille
2183 1501 2291 1558 fuit
2317 1518 2329 1558 :
2364 1504 2469 1559 sed
2496 1503 2697 1575 plures
2721 1519 2794 1559 ex
2815 1503 3161 1561 hominibus
3187 1506 3432 1576 nostris,

1781 1590 1887 1663 qui
1919 1596 2046 1646 tum
2074 1590 2154 1646 ibi
2181 1591 2449 1656 aderant,
2485 1607 2619 1649 eam
2667 1592 3075 1649 exaudierunt.
3113 1595 3183 1650 Ut
3230 1601 3433 1653 autem

1779 1694 1853 1735 eo
1876 1680 2164 1751 pervenit,
2197 1696 2276 1736 an
2314 1681 2441 1752 ipse
2485 1680 2846 1753 Polycarpus
2888 1687 3065 1751 esset,
3097 1684 3360 1754 primum
3395 1701 3433 1744 a

1777 1769 2137 1842 proconsule
2162 1774 2250 1824 est
2277 1770 2708 1840 interrogatus:
2740 1786 3001 1843 cumque
3030 1771 3224 1828 fassus
3253 1778 3429 1841 esset,

1772 1863 1903 1915 tum
1928 1858 2022 1914 ille
2068 1858 2411 1915 cohortatus
2440 1864 2550 1925 est,
2580 1865 2643 1915 ut
2680 1861 2868 1916 aetatis
2899 1877 3021 1917 suae
3060 1860 3307 1919 haberet
3333 1880 3431 1921 ra-

1770 1948 2016 2013 tionem,
2049 1963 2154 2020 per
2175 1949 2420 2005 Caesaris
2442 1949 2744 2005 fortunam
2768 1950 2994 2021 juraret
3016 1966 3031 2006 :
3057 1966 3128 2008 ea
3153 1968 3289 2024 quas
3315 1970 3423 2010 an-

1768 2034 1867 2095 tea
1896 2037 2144 2103 fecisset,
2178 2053 2284 2109 per
2322 2039 2734 2110 pcenitentiam
2765 2038 3061 2096 aboleret:
3099 2058 3169 2097 ac
3198 2042 3427 2114 ingenti

1770 2143 1917 2184 voce
1963 2128 2343 2196 exclamaret,
2395 2126 2552 2183 Tolle
2603 2128 2811 2184 atheos
2860 2128 3233 2203 deorumque
3285 2148 3429 2191 con-

1772 2215 2116 2287 temptores.
2152 2217 2299 2272 Cum
2325 2222 2527 2272 autem
2557 2216 2635 2272 ad
2661 2232 2734 2273 ea
2763 2216 2944 2273 verba
2973 2233 3097 2274 non
3122 2235 3436 2291 permove-

1772 2310 1955 2371 retur,
1989 2305 2406 2361 necessitatem
2438 2305 2490 2360 ei
2536 2304 2845 2377 imponere
2874 2308 3198 2378 proconsul
3237 2325 3433 2381 perre-

1772 2395 1877 2463 xit,
1913 2400 1974 2449 ut
2006 2409 2110 2465 per
2149 2393 2398 2451 Caesaris
2442 2394 2744 2451 fortunam
2767 2396 3014 2466 juraret,
3046 2401 3103 2453 et
3129 2398 3433 2457 Christum

1775 2483 2059 2541 conviciis
2088 2483 2423 2539 incesseret.
2459 2483 2626 2549 Quod
2678 2484 2726 2540 si
2777 2483 3026 2551 fecisset,
3058 2489 3256 2543 statim
3290 2504 3430 2546 eum

1776 2574 2092 2631 liberatum
2144 2572 2216 2627 iri
2269 2573 2558 2643 promisit.
2612 2576 2759 2629 Tum
2812 2573 2891 2630 ad
2939 2590 3011 2631 ea
3067 2575 3432 2651 Polycarpus

1776 2664 1923 2722 dixit
1950 2679 1962 2717 :
1997 2662 2351 2732 Octuaginla
2380 2669 2431 2717 et
2464 2678 2568 2719 sex
2596 2679 2789 2719 annos
2817 2663 2870 2719 ei
2908 2666 3184 2732 inservio,
3230 2682 3428 2741 neque

1780 2753 1900 2810 ulla
1935 2752 2013 2809 ab
2057 2767 2127 2808 eo
2166 2768 2305 2808 sum
2346 2750 2595 2808 affectus
2644 2752 2898 2823 injuria;
2928 2756 3239 2827 quomodo
3287 2772 3430 2829 ergo

1779 2843 2049 2900 animum
2090 2841 2367 2896 inducere
2408 2842 2658 2913 possim,
2692 2847 2755 2897 ut
2792 2858 2898 2915 per
2926 2843 3338 2915 blaphemiam
3377 2846 3431 2901 ei

1781 2931 2161 2997 maledicam,
2192 2929 2297 3002 qui
2336 2946 2432 2986 me
2460 2930 2696 2987 salvum
2736 2929 2892 2998 fecit,
2923 2935 3142 3003 Regem
3174 2950 3378 2990 meum
3403 2933 3433 2991 ?

1778 3020 1944 3094 quod
1966 3020 2013 3075 si
2052 3018 2397 3075 dissimulas
2441 3035 2536 3076 me
2579 3020 2717 3093 quis
2749 3020 2885 3086 sim,
2918 3037 3114 3089 nosse,
3147 3024 3431 3081 Christia-

1779 3125 1926 3166 num
1958 3125 2053 3165 me
2082 3124 2213 3165 esse
2246 3108 2424 3164 scito:
2458 3114 2637 3182 atque
2672 3112 2720 3165 si
2751 3111 2947 3167 studio
2992 3112 3181 3168 habes
3210 3112 3435 3185 profes-

1780 3198 2008 3255 sionem
2041 3203 2307 3253 nostram
2333 3213 2715 3268 cognoscere,
2755 3200 2831 3255 da
2877 3200 3076 3257 locum
3107 3207 3165 3257 et
3194 3206 3432 3273 tempus

1779 3293 2209 3361 opportunum,
2277 3302 2532 3359 eamque
2598 3288 2865 3345 addisce.
2926 3289 3028 3345 Hic
3064 3291 3431 3362 proconsul:

1781 3377 1939 3434 Plebi
1964 3376 2100 3443 hoc,
2126 3375 2337 3448 inquit,
2365 3376 2681 3448 persuade.
2709 3379 2773 3432 Et
2793 3394 2997 3434 rursus
3030 3378 3391 3451 Polycarpus
3415 3396 3431 3436 :

1780 3471 1855 3526 Te
1885 3467 2190 3539 equidem,
2222 3466 2324 3533 ait,
2365 3481 2521 3536 aegre
2553 3469 2930 3525 veneratione
2961 3469 3163 3542 aliqua
3192 3471 3430 3540 dignor.

1784 3560 2147 3628 Praeceptum
2194 3556 2353 3611 enim
2400 3555 2717 3622 habemus,
2759 3558 3131 3630 magistratui
3177 3564 3233 3615 et
3270 3564 3436 3632 pote-

1782 3645 2038 3701 statibus
2086 3643 2356 3700 debitum
2396 3644 2715 3701 exhibendi
2758 3646 3070 3716 honorem,
3103 3647 3152 3703 si
3187 3648 3435 3721 quidem

1782 3734 2001 3791 divinae
2043 3734 2278 3806 pietatis
2325 3733 2509 3789 cultui
2539 3749 2659 3789 non
2688 3735 3056 3791 adversetur.
3089 3738 3235 3793 Cum
3263 3737 3435 3809 plebe

1783 3829 2007 3889 autem,
2051 3838 2187 3894 quas
2230 3822 2394 3878 nulla
2432 3822 2657 3878 ratione
2703 3824 2958 3889 ducitur,
2991 3841 3127 3897 quia
3171 3826 3316 3882 mihi
3348 3832 3438 3885 est

1783 3910 2183 3968 communio?
2251 3910 2468 3967 Deinde
2518 3911 2859 3983 proconsul,
2912 3913 3029 3969 nisi
3082 3915 3429 3987 resipiscere

1782 4001 1975 4065 vellet.
2028 4000 2354 4056 bestiarum
2399 4000 2448 4056 ei
2498 4000 2791 4057 furentem
2834 4003 3128 4074 impetum
3174 4005 3435 4061 minatus

1784 4096 1894 4149 est.
1927 4090 2013 4146 Ad
2044 4105 2226 4161 quem
2259 4088 2354 4144 ille
2374 4105 2387 4144 :
2407 4094 2677 4155 Accerse,
2710 4090 2920 4163 inquit,
2949 4107 3051 4147 eas
3080 4109 3094 4145 :
3122 4108 3437 4166 nunquam

1785 4180 1946 4236 enim
1972 4178 2443 4250 resipiscentiam
2470 4195 2619 4245 esse,
2654 4179 2798 4235 mihi
2827 4181 2969 4235 satis
2999 4181 3369 4254 probabitur,
3404 4199 3442 4240 a.

1790 4266 2134 4349 melioribus
2175 4267 2252 4323 ad
2277 4266 2571 4324 deteriora
2598 4269 2914 4324 transitum
2947 4285 2958 4323 :
2994 4270 3097 4326 sed
3126 4286 3260 4326 eam
3303 4289 3440 4344 quas

1788 4374 1824 4415 a
1854 4357 2200 4430 perniciosis
2223 4357 2299 4412 ad
2320 4357 2485 4427 justa
2514 4363 2570 4413 et
2595 4362 2803 4414 sancta
2832 4373 3010 4429 opera
3040 4359 3124 4426 fit,
3156 4361 3444 4418 mutatio-

1788 4463 1947 4503 nem.
1990 4446 2073 4501 lbi
2112 4461 2351 4501 rursum
2389 4446 2574 4515 judex
2604 4446 2740 4518 igne
2770 4464 2908 4503 eum
2948 4449 3171 4505 terruit.
3204 4452 3269 4504 Et
3298 4450 3391 4505 ille
3418 4466 3439 4504 Δ;

1790 4537 1899 4603 Qui
1924 4535 2066 4591 mihi
2094 4536 2328 4607 (inquit)
2353 4535 2576 4606 ignem,
2595 4537 2696 4607 qui
2716 4537 2862 4591 hora
2888 4553 3008 4593 una
3028 4538 3443 4608 exstinguitur,

1790 4624 2199 4681 minabundus
2220 4623 2425 4685 infers,
2459 4640 2703 4695 prorsus
2732 4625 3006 4695 ignorare
3036 4626 3274 4693 videris,
3299 4642 3439 4684 eum

1778 4714 1894 4787 qui
1919 4714 1978 4768 in
2001 4712 2278 4782 gehenna
2299 4712 2617 4784 impietatis
2651 4714 3046 4771 sectatoribus
3068 4720 3446 4787 praeparatus

1791 4809 1879 4860 est
1899 4803 2101 4873 ignem
2120 4802 2572 4874 sempiternum.
2596 4802 2772 4874 274
2790 4804 2887 4857 His
2912 4808 3089 4875 atque
3109 4804 3238 4860 aliis
3262 4820 3447 4876 quam

1795 4891 2069 4966 plurimis
2117 4890 2256 4945 hinc
2294 4895 2473 4962 atque
2524 4891 2663 4947 inde
2712 4891 2958 4963 prolatis
2989 4893 3185 4957 dictis,
3228 4892 3453 4950 ﬁducia

1796 4980 2000 5038 statim
2040 4981 2125 5034 vir
2151 4984 2396 5035 sanctus
2422 4980 2703 5051 repletur,
2755 4996 2943 5053 usque
2981 4981 3135 5037 adeo
3167 4987 3228 5039 ut
3261 4981 3450 5053 judex

1797 5072 1928 5143 ipse
1970 5074 2317 5141 stupescens
2358 5068 2562 5125 lmtum
2606 5069 2762 5126 illius
2792 5068 3023 5125 vultum
3053 5077 3232 5142 atque
3261 5071 3453 5142 impa-

1798 5158 2007 5215 vidum
2030 5158 2302 5214 animum
2324 5156 2738 5214 admiraretur.
2771 5162 2960 5229 Atque
2989 5158 3082 5214 ille
3111 5174 3452 5230 praeconem

1798 5252 1884 5305 ter
1931 5246 2009 5304 ad
2056 5246 2349 5318 populum
2393 5247 2765 5319 proclamare
2804 5246 2998 5317 jussit,
3056 5247 3453 5319 Polycarpum

1800 5352 2023 5409 magna
2038 5352 2177 5392 cum
2193 5335 2463 5392 libertate
2486 5352 2547 5391 se
2570 5336 2973 5393 Christianum
2994 5336 3276 5408 proﬁteri.
3302 5339 3454 5393 Tum

1800 5432 2015 5483 cuncta
2044 5424 2385 5491 multitudo,
2416 5424 2762 5483 Gramorum
2792 5429 2850 5483 et
2893 5425 3237 5482 Iudaeorum
3268 5425 3455 5483 maxi-

1800 5533 1919 5583 me,
1949 5516 2054 5589 qui
2099 5516 2419 5588 Smyrnam
2464 5514 2811 5583 incolentes,
2838 5515 2901 5571 in
2929 5515 3228 5586 ejusmodi
3265 5516 3457 5573 turbis

1803 5605 2136 5665 admodum
2186 5603 2690 5662 tumultuantibus
2742 5603 3082 5665 subservire
3131 5620 3459 5664 consueve-

3109 5711 3175 5773 31
