4032 6282
143 278 238 340 973
1144 274 1715 337 ECCLESIASTICIE
1757 274 2114 336 HISTOBI/E
2152 278 2288 335 LIB.
2330 276 2431 335 IlI.
3359 268 3467 335 974

141 404 403 479 martyris
442 419 704 472 carnem,
753 410 1166 479 praeceperunt
1217 406 1480 471 cuidam,
1528 410 1588 461 ut
1634 405 1711 463 ab
1747 406 2035 463 exteriore
2066 410 2233 478 parte
2262 404 2509 478 cuspide
2546 404 2743 461 virum
2772 407 3048 462 sanctum
3080 402 3425 461 confoderet
3457 419 3474 460 :

140 512 251 569 quo
277 496 451 562 facto,
479 500 648 552 tanta
664 495 754 551 vis
778 495 1089 567 sanguinis
1116 494 1366 560 efﬂuxit,
1406 501 1470 551 ut
1498 495 1651 566 ignis
1691 484 2038 552 violentiam
2070 511 2316 552 omnem
2363 494 2781 566 exstingueret.
2818 494 3145 551 Permultos
3172 510 3318 551 sane
3348 498 3476 550 stu-

139 600 241 658 por
268 584 633 641 admirantes
661 584 895 655 invasit,
932 590 1164 641 tantum
1210 584 1491 640 interesse
1536 585 1688 641 inter
1716 584 2005 656 profanos
2041 590 2098 641 et
2139 591 2380 641 sanctos
2421 586 2575 641 viros
2609 600 2908 658 :quorum
2955 600 3112 640 unus
3142 584 3239 640 hic
3278 583 3471 649 fuerit,

141 674 520 731 admiratione
557 674 797 744 dignus,
829 674 1194 746 apostolicus
1241 674 1419 747 plane
1471 679 1528 730 et
1572 673 1960 746 propheticus
2006 675 2121 732 vir.
2161 674 2259 730 Ille
2290 690 2470 746 porro
2511 675 2614 745 qui
2652 674 2829 729 bonis
2869 690 3107 746 semper
3138 672 3475 739 insidiatur,

140 780 262 819 cum
294 768 413 819 tam
447 762 678 819 celebre
707 765 1063 836 martyrium
1090 779 1247 829 esse,
1279 769 1336 818 et
1356 764 1548 819 virum
1579 778 1715 819 eum
1750 762 1829 818 ab
1855 763 2095 818 ineunte
2134 769 2305 819 aetate
2346 763 2845 834 irreprehensibili
2868 763 3108 819 vivendi
3135 763 3364 818 ratione
3392 763 3479 817 vi-

140 858 249 909 tam
277 851 663 923 transegisse,
698 857 754 908 et
803 859 1109 921 postremo
1137 852 1394 908 victoriae
1416 868 1701 908 coronam
1735 858 1792 907 et
1826 852 2110 908 brabium
2154 853 2427 909 retulisse
2458 858 2741 923 cerneret,
2775 868 2959 925 quam
2990 851 3476 923 potuitmaximo

139 940 323 996 studio
342 940 662 1007 laboravit,
691 946 753 997 ut
798 956 968 997 sacro
1018 941 1174 997 illius
1208 956 1459 1011 corpore
1506 957 1618 997 nos
1668 940 2099 997 excideremus.
2135 942 2389 1007 Quidam
2421 943 2582 998 enim
2607 942 2870 997 Nicetem
2920 942 3166 997 Herodis
3215 944 3470 1013 patrem,

138 1029 366 1086 fratrem
410 1035 612 1086 autem
643 1032 842 1086 Darcaa
874 1030 973 1101 (l),
1029 1031 1457 1097 subornarunt,
1490 1030 1551 1085 ui
1581 1030 1825 1101 prasidi
1865 1032 2269 1102 persuaderet,
2296 1047 2369 1087 ne
2414 1032 2495 1087 ita
2543 1032 2824 1103 martyris
2877 1031 3139 1087 cadaver
3175 1031 3475 1099 integrum

139 1118 483 1190 relinqueret
517 1118 893 1190 :periculum
938 1135 1067 1175 esse
1119 1119 1405 1185 dicentes,
1437 1133 1512 1174 ne
1565 1118 1848 1179 cruciﬁm
1897 1119 1997 1176 illo
2046 1120 2270 1186 relicto,
2298 1120 2390 1177 isti
2437 1120 2599 1176 hunc
2626 1120 2870 1176 tandem
2909 1121 3101 1175 colere
3122 1119 3472 1191 inciperent.

139 1209 208 1264 ita
232 1208 615 1278 suggestione
640 1207 984 1263 Iudaeorum
1016 1223 1229 1279 corpus
1258 1208 1382 1277 igni
1431 1207 1709 1264 traditur.
1758 1207 2090 1265 Sectatores
2120 1215 2319 1266 autem
2376 1210 2552 1278 illius,
2585 1208 2844 1264 collectis
2900 1209 3131 1264 ossium
3170 1208 3466 1280 reliquiis.

137 1312 272 1353 auro
300 1296 520 1369 quovis
572 1296 1045 1369 pretiosioribus,
1091 1296 1203 1352 sibi
1253 1311 1372 1362 eas,
1422 1313 1545 1369 quo
1588 1296 1788 1352 decuit
1841 1302 2022 1370 atque
2063 1298 2325 1370 oportuit
2363 1298 2518 1363 loco,
2560 1297 2723 1353 velut
2758 1297 3110 1355 thesaurum
3151 1312 3471 1353 conserva-

134 1391 282 1443 runt.
359 1388 424 1442 Et
462 1385 540 1441 ab
594 1401 667 1442 eo
724 1391 1012 1458 tempore,
1054 1401 1194 1441 cum
1232 1385 1628 1442 exsultatione
1679 1387 1973 1443 memoria
2023 1388 2151 1458 ejus
2191 1392 2280 1443 est
2341 1386 2665 1443 celabrata.
2706 1409 2727 1437 ι
2757 1389 2822 1442 Et
2878 1403 2972 1442 res
3016 1386 3261 1459 quidem
3325 1386 3474 1442 cele-

131 1474 364 1531 berrimi
412 1474 721 1547 Polycarpi
755 1474 935 1531 talem
978 1474 1243 1531 habuere
1303 1474 1657 1543 ﬁnem,una
1713 1491 1852 1531 cum
1899 1476 2220 1534 duodecim
2254 1475 2368 1533 illis
2420 1492 2493 1533 ex
2554 1477 2702 1532 urbe
2741 1475 3152 1549 Philadelphia
3195 1476 3473 1548 martyri-

132 1563 257 1630 bus,
287 1564 391 1638 qui
421 1579 661 1622 sacrum
692 1562 899 1619 itidem
927 1568 1165 1621 strenue
1190 1563 1565 1637 complevere
1587 1568 1910 1621 certamen.

717 1676 959 1726 ΚΕΦΑΛ.
990 1671 1115 1736 Λς’.

133 1800 276 1870 Περὶ
327 1795 529 1849 ἄλλων
575 1798 917 1870 μαρτύρων
967 1794 1122 1850 κατὰ
1174 1800 1288 1870 τὴν
1340 1794 1543 1854 αὐτὴν
1596 1802 1712 1847 τῶν

196 1865 433 1943 χρόνων
493 1865 807 1941 περίοδον
850 1870 1107 1941 σύναμα
1136 1867 1535 1941 Πολυκάρπῳ
1564 1886 1712 1940 μαρ-

196 1942 472 2015 τυρησάν
509 1960 648 1997 των.

194 2051 332 2101 Κατὰ
389 2045 450 2101 δι
500 2052 595 2105 τὴν
647 2047 809 2106 αὐτὴν
861 2055 961 2099 τῶν
1011 2050 1216 2121 χρόνων
1272 2042 1510 2121 περίοδον
1554 2044 1602 2097 ἐν
1645 2052 1708 2118 τῇ

130 2142 414 2211 Σμυρναίων
475 2137 619 2191 πόλει
670 2142 761 2189 καὶ
815 2136 945 2189 ἄλλα
1008 2138 1274 2210 μαρτύρια
1339 2131 1567 2209 διάφορα
1628 2153 1710 2205 γε·

128 2228 293 2280 νίσθαι
342 2229 374 2286 ἡ
436 2227 627 2279 ἄνωθεν
675 2223 864 2285 ἐδήλου
907 2230 1082 2299 γραφή
1114 2244 1128 2257 ·
1183 2224 1294 2296 μεθ’
1340 2224 1407 2274 ὧν
1453 2228 1544 2276 καὶ
1595 2230 1710 2281 Μη-

130 2313 377 2391 τρόδωρόν
440 2336 556 2369 τινα
613 2323 709 2378 τῆς
772 2316 908 2367 κατὰ
968 2318 1253 2386 Μαρκίωνα
1306 2312 1519 2377 πλάνης,
1587 2331 1713 2388 πρε-

136 2403 361 2480 σϐύτερος
423 2401 473 2458 δ’
536 2401 665 2458 εἶναι
727 2400 916 2472 ἕδόκει,
988 2402 1306 2476 ἀνῃρῆσθαι,
1372 2401 1711 2475 προσωμιλη-

133 2498 252 2546 κότα
273 2498 425 2567 πυρί.
467 2493 551 2546 Ἐν
604 2492 681 2555 οἷς
732 2497 821 2544 καὶ
854 2493 879 2544 6
909 2491 1069 2553 πολὺς
1125 2495 1218 2549 τὴν
1259 2494 1551 2564 μαρτυρίαν
1586 2495 1711 2543 Πιο-

136 2602 228 2643 νιος
277 2580 333 2642 ἧν
365 2602 379 2613 ⁸
431 2583 491 2636 οὗ
537 2584 630 2645 τὰς
676 2584 813 2634 κατὰ
859 2585 1008 2657 μέρος
1052 2581 1352 2653 ὁμολογίας,
1394 2585 1488 2639 τήν
1537 2582 1582 2631 τ’
1626 2578 1707 2632 ἐπὶ

142 2674 293 2741 μέσων
343 2669 521 2745 δήμων
583 2670 882 2745 παρρησίαν
934 2675 1025 2722 καὶ
1090 2668 1393 2739 ἀπολογίαν,
1456 2674 1539 2721 ναὶ
1604 2672 1707 2741 μὴν

144 2764 226 2811 καὶ
266 2763 351 2822 τὰς
388 2763 432 2813 ἓν
466 2768 630 2835 καιρῷ
680 2756 944 2822 δεξιώσεις
985 2766 1085 2810 τῶν
1125 2754 1394 2830 διωγμῶν,
1436 2765 1546 2819 τοῖς
1576 2760 1709 2832 πρὸς

149 2847 282 2902 αὐτόν
328 2848 376 2902 ἰν
428 2850 603 2926 εἱρκτῇ
660 2854 782 2901 ὄντα
832 2850 1245 2921 ἀφικνουμένοις,
1292 2851 1376 2898 καὶ
1414 2848 1506 2909 τὰς
1543 2866 1709 2921 παρα-

138 2940 321 3007 μυθίας,
380 2942 472 3001 τάς
530 2958 584 2992 τε
632 2937 919 3011 βασάνους,
979 2936 1299 2997 καθηλώσεις
1337 2955 1410 3001 τε,
1476 2940 1565 2988 καὶ
1616 2938 1710 2997 τὰς

1745 1672 1793 1726 Α

2302 1675 2478 1747 27s
2516 1674 2739 1731 CAPUT
2777 1675 2993 1730 xxxvr.

1824 1799 1911 1856 De
1938 1798 2074 1855 aliis
2104 1799 2492 1870 martyribus,
2532 1800 2635 1871 qui
2663 1799 2858 1856 eodem
2888 1799 3014 1867 ipso
3047 1804 3306 1867 tempore
3346 1815 3469 1859 una

1948 1886 2081 1927 cum
2112 1871 2468 1943 Polycarpo,
2500 1872 2793 1942 martyrio
2824 1872 3005 1928 vitam
3033 1871 3343 1940 ﬁnierunt.

1895 2047 2118 2105 Eadem
2148 2049 2261 2106 hac
2279 2054 2448 2106 aetate
2475 2049 2638 2122 apud
2664 2052 3006 2121 Smyrnaeos
3020 2053 3076 2106 et
3096 2049 3213 2106 alia
3239 2049 3471 2109 diversa

1823 2138 2110 2210 martyris
2137 2138 2336 2203 fuisse,
2362 2138 2613 2211 epistola
2641 2139 2860 2211 saepius
2891 2138 3148 2208 allegata
3164 2139 3425 2196 declarat
3456 2157 3471 2197 :

1822 2227 1883 2281 in
1915 2228 2137 2299 quibus
2176 2232 2228 2283 et
2282 2227 2645 2285 Metrodorus
2695 2228 2945 2300 quidam
3013 2227 3322 2284 Marcionis
3385 2244 3472 2285 er-

1820 2330 2015 2371 rorem
2066 2321 2322 2385 secutus,
2366 2316 2680 2388 presbyter
2728 2320 2927 2371 autem
2973 2330 3102 2371 esse
3146 2315 3468 2386 judicatus,

1820 2403 1988 2459 vivus
2028 2407 2379 2461 combustus
2411 2411 2515 2461 est.
2541 2406 2825 2460 Praeterea
2854 2404 3105 2473 insignis
3162 2403 3257 2459 ille
3310 2421 3473 2461 mar-

1820 2497 1914 2565 tyr
1965 2493 2227 2560 Pionius,
2264 2495 2435 2565 cujus
2479 2494 2724 2565 quidem
2768 2492 2859 2548 vel
2898 2492 3196 2562 sigillatim
3236 2492 3471 2550 habitas

1822 2582 2253 2654 confessiones,
2285 2583 2376 2639 vel
2428 2583 2731 2655 publicam
2764 2582 2823 2637 in
2864 2581 3073 2636 mediis
3105 2582 3343 2653 populis
3382 2582 3470 2638 di-

1824 2672 1993 2727 cendi
2044 2672 2399 2737 libertatem,
2436 2678 2490 2728 et
2519 2672 2655 2727 ﬁdei
2699 2670 3132 2735 defensionem,
3179 2675 3470 2742 praeterea

1822 2765 2090 2834 tempore
2130 2762 2609 2833 persecutionum
2632 2760 2990 2832 hospitalem
3021 2759 3470 2833 benignamque

1822 2866 2030 2906 eorum
2065 2851 2167 2923 qui
2204 2851 2277 2906 ad
2304 2867 2367 2906 se
2399 2850 2787 2920 confugerent
2813 2850 3309 2920 exceptionem,et
3330 2866 3469 2906 cum

1822 2939 1881 2995 in
1913 2956 2146 2995 carcere
2190 2944 2362 3003 esset,
2396 2939 2755 3011 pavidorum
2790 2936 3000 3009 plenas
3039 2936 3468 2994 consolationis

133 3024 176 3077 ἕν
214 3036 322 3102 πυρί
380 3032 677 3103 καρτερίας,
723 3032 811 3079 καὶ
852 3024 1172 3099 δοκιμασίας
1219 3028 1312 3087 τὰς
1354 3023 1437 3077 ἐπὶ
1476 3030 1609 3077 πᾶσί
1657 3043 1708 3077 τε

1824 3028 2282 3095 cohortationes,
2317 3034 2609 3085 tormenta
2645 3027 2845 3092 etiam,
2874 3026 3177 3082 clavorum
3216 3026 3466 3095 fixuras,

126 3121 204 3168 καὶ
255 3115 570 3192 ἀλγηδόνας,
627 3120 716 3169 καὶ
767 3115 1051 3168 τελευταῖον
1094 3118 1188 3174 τὴν
1236 3113 1581 3186 ἀείμηνηστον
1634 3132 1712 3166 τε·

125 3202 306 3275 λευτὴν,
370 3211 492 3269 τοὺς
558 3205 853 3279 φιλομαθεῖς
903 3208 987 3257 επὶ
1044 3208 1137 3263 τὴν
1206 3203 1368 3262 αὐτὴν
1418 3208 1712 3277 μαρτυρίαν

121 3300 477 3370 προπέμπομεν
510 3312 524 3325 ’
572 3295 631 3347 οὐ
681 3296 783 3369 γὰρ
828 3295 952 3365 ἡμῖν
1015 3292 1184 3365 σχολὴ
1242 3294 1419 3363 κυάθῳ
1472 3297 1568 3351 τὴν
1613 3301 1713 3345 τῶν

119 3382 269 3437 ἁθλων
326 3394 436 3440 τῶν
492 3386 769 3457 μαρτύρων
833 3382 1102 3435 θάλασσαν
1160 3380 1441 3455 ἐκμετρεῖν.
1504 3389 1607 3434 Τοῦ
1660 3377 1714 3434 δ’

115 3472 265 3527 αὑτοῦ
319 3478 469 3535 ἔτους
522 3477 613 3525 καὶ
654 3471 704 3524 ἐν
770 3472 1027 3544 Περγάμῳ
1086 3472 1293 3543 Κάρπον
1346 3489 1397 3522 τε
1456 3472 1542 3522 τὸν
1602 3472 1711 3522 επί-

116 3579 315 3634 σκοπον,
375 3568 465 3617 καὶ
512 3562 753 3616 Πάπυλον
804 3558 1064 3627 διάκονον,
1119 3561 1339 3631 γυναῖκά
1387 3559 1455 3612 τε⁹
1510 3561 1711 3631 Αγαθο-

107 3655 249 3711 νίκην
307 3649 543 3724 ίπεδόξῳ
616 3651 746 3703 τέλει
809 3651 1129 3725 χρήσασθαι
1200 3652 1492 3724 μαρτυρίου
1578 3651 1711 3721 μετὰ

106 3741 342 3805 πλείστας
382 3743 409 3795 6
436 3741 590 3813 λόγος
622 3741 919 3814 ἱστόρησεν.

1822 3118 1973 3173 inter
1994 3118 2148 3188 ignis
2192 3119 2488 3173 cruciatus
2510 3118 2884 3188 patientiam,
2902 3115 3219 3188 omnisque
3237 3117 3470 3185 generis

1821 3223 2033 3279 poenas
2066 3211 2121 3262 et
2168 3205 2742 3272 excarniﬁcationes,
2789 3206 3050 3277 denique
3100 3205 3469 3276 sempiterna

1822 3296 2114 3351 memoria
2143 3294 2390 3366 dignam
2424 3300 2699 3361 mortem,
2727 3294 2829 3367 qui
2864 3309 3225 3363 cognoscere
3245 3294 3468 3361 velunt,

1822 3400 1923 3440 eos
1949 3384 2026 3441 ad
2052 3402 2185 3440 eam
2217 3401 2351 3457 quae
2367 3400 2522 3455 saepe
2544 3384 2704 3440 dicta
2729 3388 2815 3439 est
2868 3383 3335 3439 testiﬁcationem
3379 3400 3471 3438 re-

1820 3474 2131 3529 mittimus.
2160 3476 2285 3529 Non
2328 3474 2487 3528 enim
2518 3473 2691 3529 nobis
2720 3475 2914 3537 vacat,
2943 3471 3163 3543 cyatho
3194 3488 3315 3527 uno
3345 3488 3472 3527 cer-

1818 3564 2115 3619 taminum
2163 3566 2508 3618 sanctorum
2541 3566 2875 3635 martyrum
2918 3575 3082 3615 mare
3114 3560 3325 3616 metiri.
3359 3563 3467 3617 Eo-

1818 3650 1957 3706 dem
2002 3652 2131 3723 ipso
2176 3666 2336 3706 anno
2384 3656 2439 3706 et
2488 3650 2756 3720 Pergami
2792 3652 3053 3721 Carpum
3085 3649 3462 3720 episcopum,

1819 3746 1876 3796 et
1926 3739 2212 3812 Pabylum
2276 3740 2620 3805 diaconum,
2707 3744 2764 3793 et
2831 3736 3142 3792 mulierem
3210 3738 3467 3808 Agatho-

102 3831 310 3905 nicem,
360 3836 553 3889 morte
613 3828 864 3902 pulchra
893 3831 1031 3901 post
1090 3826 1240 3885 alias
1299 3841 1485 3900 quam
1544 3825 1834 3898 plurimas
1883 3830 2171 3901 martyrio
2218 3828 2562 3902 perfunctos
2610 3842 2759 3893 esse,
2808 3826 3113 3883 memoriae
3161 3826 3468 3899 proditum

107 3924 210 3978 est.

703 4008 946 4061 ΚΕΦΑΛ.
989 4011 1109 4059 KZ’.

108 4120 255 4189 Περὶ
300 4125 425 4169 τῶν
466 4111 582 4189 δύμο
631 4111 933 4185 Ἐϐραίων
981 4120 1098 4189 τῶν
1155 4112 1274 4164 ὑπὸ
1332 4111 1544 4189 ᾇμμου
1598 4114 1705 4164 καὶ

230 4188 351 4241 ὑπὸ
391 4182 647 4241 παίδων
687 4179 1024 4259 ὑπερφυῶς
1064 4179 1578 4256 βαπτισθίντων.

171 4292 290 4348 Ἔτι
339 4291 400 4347 δι
440 4293 659 4365 Μάρκου
716 4289 982 4360 Αὖρηλίου
1035 4288 1340 4345 ’Λντωνίνου
1404 4291 1496 4346 τὴν
1550 4286 1702 4339 αὐτο-

99 4382 330 4454 κράτορα
364 4380 639 4451 Ῥωμαίοις
679 4372 1003 4437 διοικοῦντος
1047 4374 1243 4449 ἀρχὴν,
1298 4378 1388 4426 καὶ
1435 4381 1584 4427 τοῦτο
1635 4370 1702 4432 δή

99 4473 157 4522 τὸ
194 4465 453 4529 τηνικάδε
502 4468 741 4541 πραχθὲν
790 4465 886 4519 οὐκ
933 4464 1111 4523 ἀνήσω
1164 4467 1250 4516 τὸν
1288 4468 1480 4536 χρόνον
1522 4460 1706 4516 δοῦναι

103 4565 250 4631 σιγῇ.
296 4558 543 4634 Ἐϐραῖος
589 4558 691 4626 γάρ
741 4574 819 4616 τις
869 4563 966 4615 τῆς
1013 4552 1177 4615 αὐτῆς
1226 4548 1354 4604 ὁδοῦ
1390 4551 1438 4604 ἐν
1492 4551 1707 4626 ἐρήμοις

96 4652 273 4709 τόποις
323 4651 423 4703 καὶ
473 4641 744 4718 ἀνύδροις,
792 4647 850 4696 τὸ
906 4641 1169 4714 ψαλμικόν
1227 4641 1405 4705 εἰπεῖν,
1465 4644 1708 4702 κοινωνός

96 4730 157 4793 ἦν
221 4738 373 4799 ἡμῖν.
438 4735 582 4788 Ἐπεὶ
651 4729 700 4785 δ’
778 4731 1046 4807 ἀρρωστίᾳ
1103 4729 1448 4802 ἐπισκηψάσῃ
1519 4728 1705 4804 ἁθρόον

91 4825 281 4890 ἐκεῖνος
328 4825 569 4896 πληγεὶς,
625 4818 984 4895 προσδόκιμος
1043 4816 1104 4878 ἧν
1157 4820 1456 4891 ἱρεύγεσθαι
1509 4822 1565 4871 τὸ
1606 4818 1708 4889 ψυο

94 4912 300 4985 χίδιον,
372 4914 472 4966 κάν
516 4917 624 4972 τοῖς
678 4907 929 4983 ἀνύδροις
980 4913 1154 4968 τόποις
1208 4910 1419 4968 iniret;
1485 4905 1707 4979 ἀπολιμ-

90 5006 374 5067 πάνεσθαι,
442 5000 666 5054 ἐπέκειτο
717 5002 850 5052 πάνυ
908 4995 1117 5071 σφόδρα
1171 5001 1261 5049 καὶ
1310 4993 1582 5049 κατεδείτο
1633 4996 1708 5048 λι·

88 5100 269 5165 παρῶς
315 5090 632 5162 ἐπικείμενος
679 5096 779 5141 τῶν
839 5084 1150 5153 συνοδιτῶν,
1203 5090 1275 5157 μὴ
1329 5085 1464 5137 οὕτω
1510 5081 1578 5143 δὴ
1622 5082 1706 5154 ἐᾷν

88 5179 501 5256 ἀπερίσκεπτον,
542 5177 649 5231 ἀλλ’
693 5176 869 5240 ἀξιοῦν
917 5175 1105 5229 ἐκεῖνον
1143 5182 1235 5227 τοῦ
1287 5177 1424 5227 θείου
1463 5173 1705 5247 λουτροῦ.

88 5269 181 5323 εἶτ’
240 5269 497 5331 ἀπιόντας
551 5266 659 5339 ἰᾴν.
698 5266 788 5329 Ὠς
837 5264 888 5319 δ’
937 5268 1118 5318 ἱκεῖνοι
1158 5267 1214 5317 τὸ
1273 5268 1405 5335 μήτε
1445 5267 1532 5315 τόν
1570 5261 1709 5314 τελε-

2385 4005 2611 4062 CAPUT
2651 4003 2899 4061 XXXVII.

1815 4116 1900 4173 De
1913 4114 2145 4171 duobus
2170 4113 2410 4181 Iudaeis,
2425 4114 2614 4169 altero
2630 4112 2734 4182 qui
2753 4126 2865 4181 per
2885 4111 3354 4183 arenam,altero
3370 4110 3473 4183 qui

2126 4202 2161 4242 a
2190 4186 2395 4257 pueris
2428 4184 2675 4251 miriﬁce
2705 4190 2786 4238 est
2820 4182 3176 4252 baptizatus.

1889 4275 2101 4331 Adhuc
2149 4281 2351 4331 autem
2406 4275 2476 4327 Μ.
2530 4271 2764 4326 Aurelio
2813 4272 3112 4327 Antonino
3153 4270 3472 4340 imperium

1817 4364 2299 4429 administrante,
2326 4362 2490 4435 quod
2531 4368 2657 4416 tum
2688 4360 2922 4424 accidit,
2961 4375 3079 4415 non
3121 4365 3478 4432 praetereun-

1816 4454 1965 4509 dum
2016 4458 2104 4508 est
2141 4452 2400 4517 silentio,
2444 4450 2691 4505 Iudaeus
2733 4449 2888 4503 enim
2939 4448 3187 4520 quidam
3228 4448 3289 4502 in
3331 4448 3477 4503 locis

1798 4540 2068 4598 'desertis
2111 4546 2166 4597 et
2202 4538 2537 4610 iuaquosis,
2578 4543 2641 4592 ut
2692 4554 2829 4592 cum
2885 4537 3197 4592 Psalmista
3238 4536 3473 4607 loquar,

1817 4632 2132 4687 nobiscum
2166 4630 2272 4685 iter
2312 4628 2588 4683 faciebat.
2624 4629 2769 4683 Cum
2815 4641 2955 4680 vero
3001 4625 3215 4680 morbo
3258 4639 3470 4695 repen-

1818 4721 1939 4776 tino
1972 4720 2048 4775 ita
2087 4716 2471 4787 aﬂligeretur,
2518 4722 2580 4771 ut
2619 4715 2956 4770 crederetur
3002 4714 3347 4778 moriturus,
3383 4718 3474 4768 at-

1816 4825 1934 4881 que
1966 4808 2043 4863 ibi
2077 4809 2135 4863 in
2189 4808 2332 4862 locis
2377 4806 2488 4860 illis
2525 4804 2833 4875 iuaquosis
2864 4818 3294 4874 permansurus
3316 4816 3469 4866 esse,

1818 4912 2042 4967 magna
2068 4896 2443 4951 contentione
2471 4893 2788 4948 comitibus
2821 4891 2943 4945 suis
2974 4889 3349 4945 obsecrando
3381 4890 3473 4944 in-

1818 4988 1978 5053 stitit,
2013 5002 2086 5041 ne
2122 5001 2259 5039 eum
2290 4985 2371 5039 ita
2410 4981 2689 5055 praesidio
2719 4980 2885 5035 omni
2916 4979 3265 5035 destitutum
3296 4978 3472 5033 relin-

1817 5082 2085 5149 querent,
2116 5075 2220 5129 sed
2249 5072 2509 5127 utdivini
2542 5070 2760 5126 lavacri
2798 5068 3147 5140 participem
3190 5068 3471 5134 facerent,

1818 5181 1888 5221 ac
1927 5163 2143 5219 deinde
2191 5161 2447 5218 abirent.
2494 5161 2557 5216 Ut
2591 5166 2793 5214 autem
2841 5157 2943 5222 illi,
2970 5172 3164 5228 neque
3194 5156 3294 5227 qui
3332 5170 3476 5227 prai-

1818 5260 1972 5311 stare
1998 5254 2110 5309 hoc
2138 5256 2337 5325 posset
2359 5249 2692 5319 (sacerdote
2715 5246 2877 5302 enim
2901 5262 3055 5317 opus
3077 5248 3242 5315 erat),
3276 5260 3473 5316 neque

88 5363 223 5419 στὴν
265 5356 425 5425 εἶναι,
467 5359 636 5432 ἱερέως
681 5358 783 5429 γὰρ
837 5351 966 5419 ἔδει,
1010 5359 1098 5406 καὶ
1137 5357 1196 5405 τὸ
1234 5349 1403 5404 ἐνδέον
1444 5351 1584 5424 μάλα
1617 5357 1707 5403 τοῦ

1824 5360 1993 5417 aqua:
2011 5342 2247 5413 copiam
2262 5340 2488 5409 adesse,
2519 5354 2654 5409 qua:
2688 5336 2747 5391 in
2763 5336 3068 5406 baptismo
3085 5333 3467 5406 perﬁciendo,

86 5446 292 5512 ὕδατος
332 5446 386 5501 ἓν
434 5446 624 5509 αἰτίαις
674 5449 1009 5517 πεποίηνται,
1069 5443 1149 5509 οἷς
1190 5445 1248 5497 τὸ
1290 5440 1575 5518 βάπτισμα
1601 5442 1710 5504 ἔθος

166 5601 258 5681 (1)
285 5597 383 5660 A1.
411 5598 641 5661 Deira.

1819 5440 1877 5494 et
1904 5430 2338 5492 consuetudine
2371 5429 2639 5501 antiqua,
2674 5425 2877 5498 etlege
2910 5429 3071 5483 certe.
3099 5427 3155 5483 et
3183 5422 3476 5483 inviolata
