4032 6282
644 216 752 276 975

1909 222 2295 282 NICEPHORI
2341 223 2660 281 CALLISTI
3793 243 3856 298 915

632 345 1100 420 requirerentur,
1133 347 1362 404 causati
1409 350 1568 415 sunt,
1615 352 1671 406 et
1701 351 2018 421 propterea
2065 350 2126 406 in
2153 354 2275 406 tan-

2401 348 2457 402 ἐκ
2485 349 2711 404 παλαιοῦ
2760 357 2852 406 καὶ
2895 357 3051 426 νόμος
3088 353 3240 418 οὗτος
3274 351 3616 431 διενεργείσθαι
3654 360 3856 434 autem,

643 439 838 493 tarum
867 453 1063 492 rerum
1097 437 1349 508 penuria
1393 438 1659 509 petitioni
1708 439 1838 510 ejus
1885 455 2008 496 non
2061 454 2290 496 annue-

638 532 778 582 runt
810 542 822 580 :
858 525 1028 596 277
1053 525 1293 582 Judans
1324 542 1502 598 porro
1555 526 1616 583 in
1679 529 1974 584 sententia
2007 544 2117 584 sua
2168 544 2294 600 per-

642 616 880 680 mansit,
910 621 966 670 et
993 615 1387 686 jurejurando
1433 632 1557 682 eos,
1593 622 1654 672 ut
1696 617 1806 673 sibi
1863 616 2290 687 satisfacerent,

641 704 860 774 adegit.
886 703 969 759 Illi
995 704 1198 776 itaque
1228 703 1514 761 detsactis
1535 705 1760 761 homini
1795 706 2082 771 vestibus,
2107 722 2290 762 arena

638 809 773 865 qua
805 792 886 848 ibi
912 799 1052 859 erat,
1099 809 1208 865 pro
1256 809 1418 867 aqua
1471 795 1582 859 usi,
1612 796 1671 850 in
1729 796 1968 850 nomine
2021 796 2208 851 Patris
2233 801 2292 850 et

640 881 761 939 Filii
787 889 841 938 et
868 884 1118 954 Spiritus
1144 885 1355 948 sancti,
1389 885 1628 940 tertium
1659 899 1844 940 arena
1879 886 1938 940 in
1977 900 2117 940 eum
2146 900 2294 940 con-

632 972 810 1044 jecta,
866 972 1264 1045 baptizarunt.
1332 974 1437 1028 Per
1478 975 1634 1030 hanc
1689 982 1808 1030 tam
1866 974 2174 1030 insolitam
2231 978 2292 1030 et

626 1063 1060 1121 admirandam
1083 1079 1390 1120 sacrorum
1419 1064 1837 1135 mysteriorum
1867 1064 2298 1144 initiationem,

630 1154 1036 1212 imbecillitate
1063 1155 1228 1210 omni
1255 1161 1544 1225 tanquam
1567 1153 1806 1210 vinculo
1827 1154 2096 1226 quodam
2121 1155 2171 1208 is
2198 1171 2296 1212 so-

637 1245 817 1311 lutus,
844 1244 1023 1313 longe
1054 1243 1266 1298 melius
1297 1259 1484 1315 quam
1520 1242 1600 1298 illi
1630 1243 1866 1299 validus
1887 1244 2014 1314 jam
2041 1259 2289 1316 prorsus

636 1335 745 1391 iter
783 1334 936 1388 fecit.
973 1334 1292 1405 Postquam
1342 1337 1543 1388 autem
1583 1332 1832 1389 domum
1869 1339 2006 1390 sunt
2045 1335 2282 1401 reversi,

621 1439 764 1480 rem
793 1439 927 1479 eam
949 1423 1025 1478 ad
1053 1422 1410 1493 Dionysium
1443 1421 1816 1478 Alexandria
1836 1424 2187 1495 episcopum
2201 1439 2286 1480 re-

635 1511 912 1570 tulerunt.
942 1511 1038 1566 Ille
1067 1527 1205 1566 vero
1249 1510 1644 1566 admiratione
1676 1517 1945 1583 stupens,
1969 1512 2283 1568 ecclesiam

634 1601 710 1656 de
758 1616 831 1656 ea
877 1599 1195 1656 consuluit.
1237 1600 1343 1655 Cui
1374 1600 1568 1654 visum
1597 1605 1706 1664 est,
1748 1615 1905 1672 aqua
1933 1601 2178 1672 insuper
2203 1602 2280 1658 ad

634 1707 774 1746 eum
807 1691 1026 1744 sodum
1049 1689 1366 1755 initiatum,
1397 1689 1563 1760 juxta
1593 1688 1865 1744 Ecclesia
1900 1690 2282 1748 traditionem

634 1779 1003 1836 abluendum
1058 1793 1189 1833 esse
1221 1796 1236 1833 :
1265 1784 1329 1833 ut
1378 1779 1478 1844 ita,
1512 1779 1675 1850 quod
1730 1794 1902 1834 sacro
1949 1779 2002 1834 ei
2027 1779 2281 1849 deesset,

633 1870 973 1925 sarciretur.
1010 1867 1207 1924 Simile
1257 1869 1548 1940 quiddam
1600 1868 1889 1924 accidisse
1935 1870 2116 1925 etiam
2166 1870 2281 1925 sub

632 1958 990 2014 Asthanasio
1039 1961 1266 2027 Magno,
1292 1957 1553 2012 historia
1591 1958 1852 2014 tradunt.
1895 1960 2108 2014 Verum
2149 1975 2280 2016 avo

632 2049 809 2105 etiam
835 2055 1038 2104 nostro
1059 2047 1218 2102 idem
1250 2046 1473 2102 factum
1500 2063 1632 2102 esse
1663 2047 1970 2104 novimus.
2003 2049 2280 2106 Christia-

630 2153 849 2194 norum
890 2137 1089 2208 pueris
1137 2135 1417 2192 Hebraus
1466 2151 1613 2208 puer
1661 2136 1970 2193 familiaris
2014 2142 2141 2194 erat
2169 2145 2274 2195 et:

631 2243 770 2284 cum
797 2228 882 2283 eis
929 2226 1008 2282 ad
1058 2241 1224 2282 mare
1271 2225 1602 2281 colentibus
1641 2227 1891 2282 natandi
1939 2229 2280 2285 incessisset

630 2316 946 2390 cupiditas,
987 2322 1342 2371 consecutus
1390 2319 1482 2370 est
1524 2330 1625 2370 eos
1673 2315 1936 2370 Judaus.
1967 2319 2132 2372 Hunc
2174 2333 2279 2390 per

628 2405 840 2461 ludum
867 2403 1038 2477 pueri
1061 2408 1293 2459 nudum
1307 2403 1386 2460 ad
1408 2419 1570 2459 mare
1597 2409 1851 2460 stantem
1874 2405 2273 2478 baptizarunt,

629 2493 926 2567 principio
954 2493 1154 2549 statim
1171 2508 1294 2548 non
1324 2492 1578 2547 invitum
1602 2509 1615 2548 :
1647 2499 2046 2566 posteaquam
2069 2511 2208 2552 vero
2221 2503 2277 2553 et

628 2583 859 2641 tertiam
886 2582 1071 2637 divini
1093 2581 1362 2638 Numinis
1383 2581 1849 2654 appellationem
1866 2585 2271 2652 nominarunt.

629 2681 686 2729 et
706 2671 884 2728 simul
918 2672 1148 2727 tertiam
1197 2671 1557 2726 mersionem
1591 2678 1963 2743 peregerunt,
2007 2679 2277 2730 extrema

627 2763 797 2818 linea
827 2762 1004 2818 vestis
1031 2765 1263 2816 textura
1298 2760 1572 2817 discissa.
1606 2765 1663 2816 et
1691 2761 1795 2832 qui
1825 2763 1984 2817 circa
2005 2763 2134 2818 hac
2163 2762 2276 2820 fre-

629 2855 966 2923 quentatur,
999 2847 1352 2920 imaginario
1379 2849 1604 2904 amictu
1640 2849 1884 2920 facto,in
1913 2852 2107 2922 capite
2145 2852 2274 2923 ejus

627 2954 914 2994 arcanam
973 2940 1412 3009 mysticamque
1464 2936 1700 3006 galeam
1759 2938 2200 2996 adumbrarnnt
2255 2960 2270 2998 :

625 3027 842 3082 deinde
871 3042 980 3098 pro
1010 3042 1180 3082 cereo
1211 3025 1477 3082 dextram
1529 3025 1691 3095 ligno
1737 3027 1898 3082 tenui
1941 3037 2270 3096 armantes,

625 3129 762 3185 qua
791 3115 922 3185 ejus
969 3115 1125 3169 sacri
1156 3119 1213 3168 et
1233 3115 1378 3168 ritus
1408 3120 1564 3180 sunt,
1598 3115 1884 3185 mysteria
1925 3118 2132 3172 omnia
2169 3119 2271 3173 ab-
2305 3081 2346 3137 Ο

625 3203 962 3259 solverunt:
994 3210 1300 3275 postremo
1340 3208 1395 3257 et
1433 3217 1658 3257 circum
1690 3202 1950 3258 vicinum
1980 3205 2269 3277 templum

623 3292 943 3364 psallentes
968 3291 1459 3347 obambularunt.
1494 3292 1562 3347 Ut
1586 3307 1727 3347 vero
1757 3294 1936 3348 etiam
1976 3293 2270 3366 templum

622 3381 878 3452 ingressi
922 3387 1081 3446 sunt,
1125 3386 1396 3435 sanctum
1453 3396 1673 3435 munus
1704 3392 2072 3452 receperunt.
2101 3384 2265 3440 Idem

620 3487 802 3546 porro
841 3487 914 3526 ex
965 3485 1162 3542 aquo,
1189 3469 1293 3542 qui
1349 3472 1428 3526 ita
1478 3470 1780 3542 baptismo
1821 3471 2083 3529 initiatus
2122 3480 2262 3539 erat,

619 3561 775 3618 fecit.
837 3562 1029 3626 Quam
1081 3575 1208 3615 rem
1260 3575 1366 3632 per
1414 3559 1755 3632 diligentem
1822 3563 2268 3634 inquisitionem

619 3651 946 3723 cognitam,
977 3651 1081 3722 qui
1111 3649 1192 3705 ibi
1210 3649 1392 3706 sacris
1409 3650 1643 3722 prafuit
1667 3654 1742 3706 ad
1774 3650 2091 3708 Ecclesiam
2119 3653 2270 3708 Con-

621 3741 1216 3808 stantinopolitanam
1262 3740 1636 3796 renuntiavit.
1670 3743 1749 3796 Eo
1790 3757 1938 3813 puer
1971 3745 2150 3799 etiam
2182 3751 2270 3802 est

620 3831 886 3886 accitus:
919 3843 1058 3884 cum
1104 3827 1348 3900 quidem
1391 3829 1601 3896 Judai,
1645 3845 1719 3884 ne
1759 3830 1822 3884 id
1861 3831 2044 3896 ﬁeret,
2078 3833 2270 3890 multa

621 3918 989 3973 molirentur.
1030 3922 1214 3990 Atque
1255 3918 1338 3973 ibi
1358 3933 1603 3990 quoque
1631 3918 1960 3984 decretum,
1991 3927 2054 3976 ut
2082 3923 2266 3978 etiam

619 4007 683 4062 in
709 4007 808 4062 illo
845 4007 1012 4078 quod
1040 4007 1294 4073 deesset,
1323 4009 1496 4078 juxta
1521 4009 1786 4080 mysterii
1825 4011 2266 4066 exsecutionem

619 4095 1020 4167 complet-stur
1051 4104 1267 4169 :atque
1310 4096 1370 4151 id
1406 4097 1486 4153 ita
1539 4105 1626 4152 est
1664 4098 1907 4154 factum.
1941 4099 2048 4164 Qui
2097 4116 2265 4171 puer,

621 4187 722 4242 ubi
748 4186 828 4241 ad
852 4185 1081 4256 justum
1099 4192 1334 4242 atatem
1361 4189 1647 4258 pervenit,
1674 4189 1735 4244 id
1767 4189 2085 4244 sacerdotii
2114 4190 2268 4245 ordi-

619 4292 759 4332 nem
811 4285 898 4332 est
950 4276 1596 4334 allectus:etadituus
1647 4295 1750 4335 seu
1790 4288 1990 4335 custos
2023 4279 2268 4334 maximi

620 4366 824 4438 templi
853 4366 1067 4436 factus,
1100 4369 1428 4423 etiamnum
1464 4369 1545 4424 ibi
1579 4369 1736 4425 vivit.
1759 4369 1881 4424 Hoc
1918 4370 2051 4424 loco
2082 4368 2265 4424 tinem

615 4473 858 4530 quoque
891 4457 1060 4513 tertio
1081 4456 1219 4513 huic
1249 4459 1634 4515 historiarum
1669 4460 1822 4514 libro
1857 4460 2126 4531 impono,
2159 4456 2270 4530 qui
2299 4439 2346 4494 Β

616 4563 810 4603 annos
853 4550 1115 4606 continet
1168 4558 1408 4608 centum
1440 4559 1497 4608 et
1534 4553 1688 4609 duos
1721 4569 1734 4607 :
1770 4553 2002 4608 initium
2042 4553 2267 4623 quippe

616 4639 874 4708 sumpsit
899 4655 934 4695 a
973 4641 1172 4696 Galba
1203 4650 1259 4697 et
1289 4643 1536 4698 Othonis
1587 4640 1669 4714 [et
1697 4641 1935 4714 Vitellii]
1971 4640 2262 4713 imperio:

618 4725 796 4797 278
826 4729 1048 4784 exitum
1088 4737 1289 4786 autem
1319 4733 1397 4788 ad
1441 4735 1615 4788 Marci
1646 4731 1800 4798 Veri,
1841 4731 1946 4786 lilii
1984 4728 2266 4786 Antonini

612 4821 811 4887 primi,
833 4819 1066 4890 imperii
1088 4820 1270 4875 tinem
1291 4820 1471 4878 habet
1499 4840 1512 4878 :
1541 4838 1682 4878 cum
1711 4837 1749 4877 a
1771 4821 1997 4877 mundo
2023 4818 2264 4876 condito

612 4908 931 4978 quinquies
999 4910 1157 4966 mille
1203 4913 1535 4983 sexingenti
1589 4918 1646 4968 et
1697 4910 2077 4984 septuaginta
2132 4926 2262 4983 sep-

613 5008 730 5056 tem
753 5002 854 5073 (1),
881 5017 918 5057 a
963 5002 1166 5059 divina
1219 5013 1418 5059 autem
1467 5003 1705 5059 Domini
1751 5005 2164 5058 incarnatione
2203 5005 2260 5058 et

613 5091 917 5148 nativitate
946 5097 1188 5149 centum
1213 5099 1270 5150 et
1300 5095 1680 5166 septuaginta
1709 5092 1832 5150 duo
1866 5092 1986 5150 ami
2018 5100 2260 5166 prater-

611 5182 841 5239 iiseent.

685 5409 760 5485 (1)
790 5410 960 5464 Juxta
984 5406 1340 5463 recentiores
1371 5396 1686 5458 chronicos
1713 5396 1875 5456 4149.

2399 439 2551 492 ταῦθ’
2616 443 2686 502 ὡς
2748 439 3004 514 ἀμήχανα
3079 443 3491 518 προϐαλλόμενοι,
3557 448 3757 514 ἀπηξίουν
3806 463 3858 509 καὶ

2399 531 2495 586 τήν
2561 531 2773 588 αἴτησιν
2840 530 3162 586 ἀπεσείοντο.
3226 533 3540 609 Ἐπιμένοντα
3601 536 3644 592 δ’
3702 538 3769 594 οὖν
3810 549 3859 596 τὸν

2398 615 2634 712 ιεςςροιῖθν
2663 624 2780 712 οιαὶ
2832 622 3008 696 ὅρκοις
3075 622 3451 712 ἐκϐιαζόμενον,
3507 628 3553 679 οἱ
3605 625 3756 701 ἄνδρες
3804 642 3860 684 τῶν
3916 617 3917 712 γ

2401 703 2604 777 ἀμφίων
2655 705 2844 761 ἐκεῖνον
2904 715 3288 783 γυμνώσαντες,
3347 711 3452 767 εἶτα
3509 723 3562 788 τῇ
3613 725 3858 792 παρακειμένῃ
3916 703 3917 726 ἦ

2400 803 2473 866 τῷ
2509 800 2651 867 τόπῳ
2691 798 2849 870 ἄμμῳ
2891 802 3224 875 χρησάμενοι
3270 802 3382 856 ἀντὶ
3423 801 3613 873 ὕδατος,
3649 809 3690 859 ἐν
3720 817 3773 878 τῷ
3803 809 3862 862 ἀνί

2401 903 2529 956 ματι
2565 893 2658 938 τοῦ
2699 892 2894 957 Πατρός
2931 895 3021 942 καὶ
3062 899 3155 944 τοῦ
3205 893 3329 945 Υἱοῦ
3368 899 3453 946 καὶ
3484 903 3567 948 τοῦ
3606 895 3729 968 ἁγίου
3767 902 3859 950 [lth-

2401 992 2561 1044 ματος
2619 982 2800 1028 τοῦτον
2847 976 3200 1049 βαπτίζουσι,
3251 986 3421 1054 τρίτον
3467 991 3549 1044 τῆς
3588 985 3734 1056 ἄμμον
3769 1006 3856 1038 κατι

2401 1064 2673 1133 χεάμενοι.
2756 1070 2830 1137 Τῇ
2909 1062 2969 1119 δι
3031 1065 3317 1142 παραδόξῳ
3387 1078 3692 1145 μυσταγωγίᾳ
3748 1072 3861 1148 ἀθρόου

2400 1152 2583 1213 ἐκεῖνος
2639 1153 2723 1205 οἷά
2772 1172 2912 1216 τινος
2961 1153 3125 1218 πέδης
3173 1167 3267 1220 τῆς
3319 1157 3590 1234 άρῥωστίας
3623 1161 3780 1232 λμθεὶς,
3816 1171 3862 1214 ni

2394 1247 2595 1312 κρείτον
2646 1245 2675 1300 ἦ
2715 1241 2898 1296 ἐκεῖνοι
2941 1241 3124 1304 διήνυε
3175 1251 3269 1306 τὴν
3320 1245 3440 1302 ὀδόν
3494 1251 3629 1322 ὑγιής
3673 1251 3758 1314 ὄξος
3791 1251 3861 1302 ἄικ-

2395 1334 2584 1401 φανείς.
2641 1330 2726 1392 Ὠς
2781 1329 2841 1385 δι
2887 1332 3069 1387 οἶκαδε
3115 1337 3417 1406 ἐπανῆλθον,
3459 1345 3685 1412 Διονυσίῳ
3718 1350 3771 1412 τῷ
3803 1341 3864 1392 ἱει-

2395 1425 2574 1471 σκόπω
2624 1428 2719 1483 τῆς
2772 1419 3150 1498 Ἀλεξανδρέων
3209 1424 3438 1480 ἀνέθεντο
3489 1432 3543 1481 τό
3599 1431 3798 1501 πραχθέν.
3831 1428 3862 1481 '0

2393 1503 2454 1560 δὲ
2495 1510 2673 1580 μαθὼν
2728 1515 2819 1563 καὶ
2865 1509 2914 1564 ἐν
2972 1511 3214 1577 ἐκπλήξει
3265 1521 3374 1578 τοῖς
3419 1522 3748 1591 πεπραγμένοις
3782 1524 3866 1587 γινό-

2390 1615 2557 1668 μενος,
2619 1605 2683 1670 τῇ
2755 1599 3047 1674 Ἐκκλησία
3119 1601 3380 1657 ἐκοινοῦτο
3443 1611 3530 1664 τήν
3583 1607 3753 1681 πρᾶξιν.
3807 1612 3863 1659 Καὶ

2390 1689 2552 1759 ταύτῃ
2594 1683 2765 1740 ἐδόκει
2792 1693 2882 1742 καὶ
2927 1681 2998 1768 τῷ
3029 1687 3187 1744 ὕδατι
3229 1692 3502 1748 ἐπικλύσαι
3531 1694 3575 1758 ἐς
3619 1696 3784 1770 ὕστερον
3807 1701 3864 1752 ris

2389 1783 2484 1839 τῆς
2539 1777 2854 1840 Ἐκκλησίας
2909 1778 3229 1853 παράδοσιν,
3287 1791 3360 1855 τῷ
3423 1784 3574 1856 λοιπῷ
3617 1794 3696 1846 τῆς
3737 1785 3862 1844 τελετῆς

2391 1863 2754 1938 ἀρκεσθεῖσαν.
2817 1867 3034 1930 Ἐπίσης
3083 1866 3143 1923 δὲ
3202 1875 3442 1943 γενέσθαι
3494 1877 3574 1926 καὶ
3622 1874 3688 1926 ἐπ’
3723 1875 3863 1927 ’Aim-

2391 1958 2508 2006 σίου
2545 1962 2636 2007 τοῦ
2673 1955 2900 2028 μεγάλου
2942 1959 3234 2034 ἱστόρηται.
3278 1960 3432 2014 Ἀλλὰ
3466 1968 3551 2016 καὶ
3601 1961 3644 2014 ἐν
3684 1970 3764 2023 τοῖς
3799 1964 3860 2012 ui’

2389 2044 2528 2114 ἡμᾶς
2583 2046 2798 2119 χρόνοις
2855 2051 3086 2100 τοιοῦτόν
3137 2067 3189 2101 τι
3234 2055 3498 2124 γενόμενον
3547 2054 3748 2124 ἔγνωμεν.
3790 2057 3858 2122 Χρι-

2391 2141 2610 2185 στιανῶν
2652 2140 2838 2188 παισὶν
2865 2135 3113 2214 Ἐϐραίων
3143 2146 3271 2202 παῖς
3309 2147 3574 2214 συνόμιλος
3600 2139 3672 2200 ἦν.
3714 2141 3811 2194 Ἐπεὶ
3831 2136 3851 2189 si

2388 2229 2449 2294 τῇ
2495 2223 2727 2296 παραλίᾳ
2771 2234 3167 2298 προσοικοῦντες
3223 2228 3486 2302 κολυμϐᾷν
3530 2233 3711 2290 ἐκείνοις

2389 2315 2656 2364 συνείπετο
2701 2309 2761 2365 δι
2819 2320 2910 2367 καὶ
2968 2316 2994 2367 ὁ
3048 2315 3102 2379 ἐξ
3155 2316 3407 2392 Ἐϐραίων
3464 2326 3597 2385 παῖς,
3656 2327 3788 2372 τοῦτον
3823 2313 3855 2372 δὲ

2387 2404 2662 2463 παίζοντες
2708 2404 2758 2454 οἱ
2819 2400 3023 2468 παῖδες,
3082 2409 3279 2478 γυμνόν
3339 2417 3405 2482 τῇ
3476 2408 3689 2482 θαλάσσῃ
3739 2407 3858 2460 ἑστῶτι

2387 2487 2684 2560 ἐϐάπτιζον,
2729 2491 2911 2545 έκόντα
2953 2498 3200 2569 πρότερον
3249 2500 3589 2571 καταθέμενον
3619 2516 3630 2529 ’
3665 2500 3717 2559 ὡς
3751 2492 3860 2548 σ’ἱκαί

2385 2582 2480 2635 τήν
2536 2585 2746 2652 τριττὴν
2802 2583 2872 2643 ὡς
2922 2584 3036 2644 ἔθος
3081 2582 3355 2644 ἐπίκλησιν
3417 2597 3509 2647 τῆν
3569 2589 3770 2647 θεότητος,
3805 2585 3858 2632 καὶ

2385 2671 2478 2726 τήν
2530 2670 2652 2726 ἴσην
2708 2669 3004 2724 κατάδυσιν
3055 2673 3295 2748 ἔπραξόν,
3346 2680 3407 2729 τὸ
3462 2679 3516 2730 ἐκ
3561 2676 3680 2729 λίνου
3720 2678 3854 2743 ius?"

2384 2755 2604 2829 ὕφασμα
2653 2757 2726 2819 εἰς
2793 2763 2922 2834 μέρη
2991 2758 3300 2834 διελόμενοι,
3359 2764 3644 2836 συμϐόλαια
3689 2770 3754 2822 τῆς
3788 2763 3850 2829 περὶ

2382 2846 2450 2895 τὰ
2503 2851 2720 2897 τοιαῦτα
2765 2848 2971 2899 ἐποίουν
3016 2847 3272 2914 ἀναϐολῆς
3303 2868 3316 2882 ·
3370 2858 3460 2906 καὶ
3501 2855 3620 2925 ὑπερ
3650 2850 3793 2924 κεῖέὼὲς
3818 2848 3849 2896 τά

2381 2937 2638 3004 μυστικόν
2687 2936 2873 3009 κράνος
2911 2933 2966 2990 εὖ
3015 2937 3157 3010 μάλα
3193 2937 3434 2997 ἐτύπουν.
3491 2939 3598 2998 Εἶτ’
3635 2940 3716 2994 ἀντὶ
3737 2938 3837 3007 qui?

2380 3027 2474 3081 τὴν
2531 3020 2705 3086 δεξιὰν
2760 3023 2927 3097 λεπτῷ
2977 3025 3112 3098 ξύλῳ
3159 3029 3489 3096 ὁπλίσαντες,
3533 3035 3595 3084 τὰ
3629 3039 3830 3097 τῆςμνπιο

2378 3116 2579 3184 γωγίας
2629 3113 2834 3167 ἅπαντα
2879 3113 3158 3172 ἐπετέλουν.
3213 3118 3368 3182 Τέλος
3428 3125 3515 3174 καὶ
3570 3125 3663 3192 περὶ
3691 3120 3740 3167 τὸν

2377 3199 2700 3274 ψιθυροῦντα
2771 3208 2894 3255 νεὼν
2953 3203 3232 3275 ψάλλοντες
3301 3206 3623 3283 ἐπορεύοντο.
3681 3205 3767 3258 Ἐπεὶ
3804 3193 3840 3250 δι

2377 3296 2466 3344 καὶ
2526 3291 2790 3364 εἰσῄεσαν,
2862 3300 2955 3346 τοῦ
3019 3299 3156 3348 θείου
3215 3289 3597 3372 μετελάμϐανον
3653 3289 3848 3362 ἀντιθύρου.

2377 3377 2636 3452 Ἐπραττε
2686 3379 2738 3434 δ’
2791 3381 2979 3447 ἐπίσης
3036 3389 3126 3437 καὶ
3182 3387 3208 3438 ὁ
3260 3394 3453 3442 νεωστὶ
3502 3390 3705 3462 μυηθείς.
3744 3381 3800 3440 Ὦς
3831 3373 3854 3426 θ’

2376 3471 2612 3541 ἓγνώσθη
2668 3478 2740 3542 τῷ
2791 3471 3177 3548 λειτουργοῦντι
3241 3479 3300 3529 τό
3371 3475 3555 3552 δρᾶμα
3615 3474 3674 3530 δι’
3733 3471 3860 3544 ἐμάνης

2375 3563 2734 3632 ποιησαμένῳ,
2836 3561 2921 3615 ἐπὶ
3012 3567 3105 3622 τὴν
3204 3570 3593 3621 Κωνσταντίνον
3677 3559 3858 3617 inludi“

2690 3654 2792 3704 Καὶ
2877 3653 2903 3703 ό
2993 3659 3116 3716 παῖς
3187 3655 3570 3725 μετεστέλλετο,
3633 3651 3760 3707 πολλά
3803 3652 3862 3697 τῶν

2373 3736 2623 3811 Ἐϐραίων
2708 3745 3034 3813 πειρωμένων
3119 3741 3463 3815 ἀντέχεσθαι.
3547 3744 3728 3819 Ἐκρίθη
3791 3738 3864 3808 γοῦν

2374 3831 2460 3880 καὶ
2513 3829 2595 3879 ἐπὶ
2651 3832 2818 3902 τούτῳ
2856 3834 2916 3883 τό
2965 3827 3135 3884 ἐνδέον
3198 3839 3261 3905 τῇ
3329 3839 3671 3908 μυσταγωγίᾳ
3721 3825 3865 3882 ἀνακλὲ

2374 3925 2496 3994 ροῦν
2529 3937 2542 3950 υ
2602 3924 2692 3972 καὶ
2734 3920 2802 3981 εἰς
2852 3924 3013 3993 πέρας
3057 3925 3114 3973 τό
3170 3923 3344 3994 κριθὲν
3400 3928 3593 3996 ἤγετοο
3642 3925 3714 3974 καί
3743 3919 3763 3969 ὁ
3796 3917 3865 3967 irai:

2375 4010 2446 4072 εἰς
2511 4011 2716 4071 ἠλικίαν
2768 4013 2907 4068 ἥκων
2974 4011 3253 4082 ἱερωσύνης
3311 4010 3565 4067 ἐπέϐαινε,
3626 4015 3708 4065 Καὶ
3756 4006 3865 4057 νεωιέ-

2374 4118 2460 4175 ρος
2515 4110 2606 4156 τοῦ
2657 4103 2909 4173 μεγίστου
2947 4106 3074 4151 ναοῦ
3131 4101 3468 4174 ἐχρημάτιζε
3492 4119 3504 4132 ·
3542 4106 3624 4154 καὶ
3658 4097 3784 4168 ἱςὶμὶ
3821 4095 3866 4139 vi!

2377 4191 2535 4243 εἰσέτι
2589 4198 2698 4252 τοῖς
2756 4189 2892 4250 ζῶσι
2949 4185 3194 4244 διατελεῖ.
3263 4188 3526 4246 Ἐνταῦθα
3581 4188 3636 4244 δι
3678 4190 3863 4260 γενόμηῆ

2375 4285 2464 4333 καὶ
2494 4288 2556 4354 τῇ
2586 4284 2740 4354 τρίτη
2772 4297 2863 4350 μοι
2889 4280 3048 4350 ταύτῃ
3090 4281 3251 4354 πέρας
3285 4287 3388 4332 τῶν
3431 4283 3663 4356 ἱστοριῶν
3703 4274 3861 4328 ἐπιθήσω,

2375 4376 2565 4444 χρόνον
2630 4371 2952 4443 περιεχούσῃ
3021 4363 3259 4440 δεύτερον
3331 4374 3464 4442 πρός
3519 4379 3590 4443 τῷ

2378 4460 2634 4533 ἀρξαμένῃ
2687 4462 2778 4532 μὲν
2826 4456 2927 4510 ἀπὸ
2987 4465 3085 4520 τῆς
3138 4456 3314 4531 ἀρχῆς
3371 4459 3551 4513 Γάλϐα
3589 4463 3667 4511 καὶ
3711 4454 3857 4506 ὀοωπιι

2375 4550 2576 4624 ληξάσῃ
2611 4547 2671 4603 δε
2711 4549 2846 4622 οῐχρι
2877 4543 2944 4606 δὴ
2995 4551 3086 4598 καὶ
3115 4547 3234 4599 ὅλου
3281 4555 3374 4610 τῆς
3414 4548 3594 4623 ἀρχῆς
3635 4550 3753 4604 ἐτονς
3785 4535 3857 4602 κέν

2375 4661 2468 4694 κου
2515 4640 2726 4714 Οὐήρου
2773 4640 2890 4691 υἱοῦ
2941 4636 3242 4691 Ἀντωνίνου
3289 4644 3384 4691 τοῦ
3443 4645 3689 4714 πρώτουο
3735 4629 3850 4685 ἀπίω

2373 4738 2576 4805 κόσμου
2637 4733 2725 4803 μὲν
2774 4730 2879 4789 ἔτος
2922 4726 3005 4800 εχ’
3043 4722 3265 4799 ἕϐδομόν
3310 4747 3366 4782 τε
3417 4734 3511 4782 καὶ
3557 4716 3846 4800 έϐδομηικτθτι

2374 4819 2475 4874 ἀπὸ
2519 4816 2578 4874 δε
2606 4829 2702 4881 τῆς
2733 4820 2872 4880 θείας
2908 4823 3001 4870 τοῦ
3057 4821 3252 4892 Κυρίου
3295 4823 3608 4891 σαρκώσεως
3654 4818 3775 4868 sirm
3794 4817 3856 4892 τα·

2371 4917 2568 4973 νήσεως
2619 4909 2896 4965 έκατοστόν
2947 4911 3039 4964 καὶ
3103 4889 3499 4984 ἑϐδομηκοστὸν
3555 4903 3765 4981 δεύτερον
3800 4889 3863 4945 ἷκε·

2371 5007 2597 5081 ραίνετο.

2377 3647 2611 3719 ἀνήγετο.
