4032 6282
134 369 252 424 9'77

129 494 3048 525 *ΜΗ

1176 369 1755 429 ECCLESIASTICE
1792 372 2158 429 HISTORLE
2195 374 2329 430 LIB.
2372 374 2469 431 IV.

3391 375 3497 432 978

852 722 1776 845 ΝΙΚΗΦΟΡΟΥ
1854 722 2748 849 ΚΑΛΛΙΣΤΟΥ

1582 951 2098 1000 ΧΔΝΘΟΠΟΥΛΟΥ

784 1130 2133 1219 ΕΚΚΑΗΣΙΑΣΤΙΚΗΣ
2238 1133 2853 1222 ΙΣΤΟΡΙΑ

1592 1326 1903 1392 ΤΟΜΟΣ
1955 1325 2053 1394 Δ’.

1033 1656 1838 1783 NICEPHORI
1927 1661 2101 1784 CA
2122 1661 2582 1786 LLISTI

1558 1902 2064 1965 XANTHOPULI

1126 2086 1933 2182 ECCLESIASTICIE
1990 2090 2485 2181 HISTORUE

1612 2333 1916 2435 TOMUS
1962 2334 2057 2435 IV

745 2658 965 2708 ΚΕΦΛΛ
978 2697 992 2710 .
1030 2652 1115 2709 A'.

154 2762 537 2832 ῐιροίκθισις
576 2768 690 2823 τῆς
729 2760 961 2834 βίϐλου
998 2764 1150 2833 περὶ
1189 2760 1267 2810 ὧν
1304 2758 1732 2834 εἴρηκεν-ἀνω-

222 2837 375 2906 τίρω
412 2834 438 2885 ό
476 2830 914 2906 συγγραφεύς
955 2830 1245 2906 καὶπερὶ
1302 2830 1378 2906 ῶν
1414 2830 1620 2906 καὶ-ἕν
1658 2839 1729 2904 τῇ

222 2900 479 2980 τετάρτη
512 2900 590 2964 δη
612 2900 812 2977 iraath
838 2913 953 2957 τῶν
984 2900 1286 2975 ἱστοριῶν
1314 2900 1729 2974 διαλήψεται.

213 3009 267 3064 Ἠ
416 3012 504 3064 οὖν
543 3020 642 3065 τῶν
682 3010 983 3064 ἀποστόλων
1024 3017 1205 3084 πρώτη
1257 3007 1497 3082 διαδοχὴ
1547 3013 1632 3063 ἐπὶ
1661 3019 1732 3081 τῷ

143 3101 393 3173 θεσπεσίῳ
428 3101 751 3175 Πολυκάρπῳ
788 3102 924 3173 οἰχρι
976 3098 1042 3159 δῆ
1099 3104 1189 3152 καὶ
1238 3102 1289 3161 ἐς
1341 3098 1515 3173 ἀρχὴν
1546 3098 1733 3154 Ἀντω-

135 3194 266 3242 νίνου
340 3198 443 3243 τοῦ
501 3192 743 3263 ὑστέρου,
826 3191 884 3252 ὃς
942 3194 1031 3243 καὶ
1087 3190 1370 3262 Φιλόσοφος
1434 3190 1779 3260 ὠνόμαστο,;

133 3281 344 3352 Μάρκου
405 3276 463 3332 δί
494 3279 705 3354 Οὐήρου
754 3282 867 3340 υἱὸς
897 3274 978 3343 ἧν,
1027 3280 1314 3352 παρετάθη.
1370 3280 1436 3332 Οἱ
1476 3280 1731 3331 θειότατοι

134 3374 299 3421 τοίνυν
348 3367 646 3421 ἀπόστολοι
696 3367 842 3439 ἁπλῷ
902 3375 994 3428 τῆς
1061 3364 1411 3428 διδασκαλίας
1474 3376 1546 3438 τῷ
1596 3366 1730 3440 λόγφ

127 3460 487 3532 χρησάμενοι,
541 3465 657 3519 ταῖς
715 3466 815 3509 τῶν
897 3458 1185 3528 θάυμοὶτωνν
1224 3453 1547 3531 παραδόξοις
1601 3455 1729 3529 ἆνερ-

124 3553 288 3619 ·γιίαις
339 3544 437 3619 ὑφ’
496 3545 696 3609 ἑαυτοῖς
752 3551 847 3605 τῆν
904 3546 1208 3619 οἰκουμένην
1261 3548 1329 3605 ὡς
1408 3546 1540 3606 εἰκός
1594 3545 1734 3617 ἔχει·

126 3644 330 3711 ροῦντο,
407 3635 663 3707 ὑπερτέρᾳ
746 3631 1033 3707 δυναστείᾳ
1096 3634 1232 3687 ἅπαν
1308 3631 1550 3708 δρῶντες,
1617 3642 1734 3697 ταῖς

128 3716 517 3796 πνευματικαῖς
567 3720 902 3787 ἆπιδείξεσιν.
964 3726 1030 3776 Oi.
1080 3720 1138 3776 δὲ
1185 3722 1294 3795 μετ’
1334 3722 1576 3791 ἄκείνους,
1616 3742 1735 3794 σμι-

125 3822 231 3887 κρῷ
290 3833 407 3866 τινι
482 3809 799 3876 ἀποδέοντες,
863 3812 956 3865 οὐκ
1031 3811 1214 3873 ἐπίσης
1268 3816 1377 3884 μεν,
1453 3812 1607 3883 ἐγγὺς
1676 3808 1735 3865 δε

125 3907 262 3976 ὅμως
299 3912 364 3976 τῇ
418 3902 750 3976 λαμπρότητι
777 3910 869 3955 τοῦ
908 3900 1030 3975 βίον
1062 3905 1307 3974 ἕγένοντο,
1344 3900 1480 3972 λόγῳ
1525 3898 1591 3959 δή
1634 3920 1737 3953 τινι

2433 2653 2593 2724 231
2639 2651 2866 2709 CAPUT
2896 2652 2938 2707 ι.

1842 2759 2133 2833 Prasfqtio
2161 2760 2292 2815 libri
2317 2778 2335 2814 :
2361 2761 2431 2816 de
2462 2761 2673 2833 quibus
2702 2760 2877 2833 rebus
2906 2763 2960 2815 et
2985 2764 3159 2833 antea
3182 2758 3420 2823 dixerit,
3442 2763 3494 2814 et

2000 2831 2272 2902 deinceps
2303 2833 2365 2887 in
2392 2830 2603 2903 quarto
2628 2831 2733 2889 hoc
2764 2832 2916 2887 libro
2942 2830 3019 2887 sit
3043 2830 3331 2888 dicturus.

1912 3010 2104 3066 Prima
2132 3010 2375 3083 quidem
2421 3009 2831 3082 apostolorum
2871 3010 3169 3066 successio
3200 3010 3259 3065 in
3290 3008 3496 3067 divino

1841 3098 2193 3173 Polycarpo,
2217 3116 2405 3172 usque
2430 3099 2509 3155 ad
2528 3099 2809 3155 Antonini
2831 3098 3175 3170 posterioris
3200 3104 3492 3170 tempora,

1798 3230 1811 3255 ,
1840 3188 1942 3261 qui
1990 3193 2047 3243 et
2084 3189 2481 3260 Philosophus
2523 3188 2871 3244 nominatus
2911 3192 3018 3251 est,
3068 3193 3123 3244 et
3163 3187 3322 3243 Lucii
3361 3187 3494 3244 Veri

1841 3277 2019 3333 frater
2055 3278 2136 3349 (1)
2177 3284 2231 3333 et
2272 3280 2328 3332 in
2370 3276 2621 3348 imperio
2660 3292 2906 3332 consors
2951 3276 3077 3347 fuit,
3116 3276 3370 3332 duravit.
3412 3279 3494 3333 Ac

1841 3366 1961 3423 divi
1992 3367 2244 3438 apostoli
2275 3366 2530 3440 simplici
2557 3367 2617 3422 in
2643 3365 2916 3422 docendo
2942 3366 3209 3422 oratione
3236 3367 3345 3431 usi,
3375 3370 3497 3421 stu-

1842 3456 2153 3529 pescendis
2181 3455 2607 3511 miraculorum
2640 3456 2808 3510 factis
2837 3456 3046 3510 orbem
3089 3462 3270 3517 terrae.
3305 3455 3389 3510 ita
3432 3460 3496 3513 ut

1841 3545 2062 3608 decuit,
2094 3543 2206 3599 sibi
2246 3544 2586 3608 subdidere,
2620 3543 2843 3599 caelesti
2875 3543 2932 3597 vi
2964 3550 3144 3613 atque
3176 3543 3408 3611 virtute,
3441 3548 3498 3599 et

1844 3635 2084 3706 spiritus
2115 3632 2730 3689 demonstrationibus
2758 3632 2964 3687 omnia
2994 3631 3334 3688 efﬁcientes.
3385 3632 3496 3697 Qui

1844 3738 1985 3778 vero
2025 3722 2111 3777 eis
2143 3737 2502 3786 successere,
2536 3722 2847 3793 aliquanto
2877 3720 2989 3777 illis
3018 3721 3346 3787 inferiores,
3380 3721 3496 3777 vir-

1844 3817 2029 3868 tutem
2055 3827 2263 3867 eorum
2294 3812 2545 3866 assecuti
2575 3827 2695 3866 non
2725 3816 2897 3865 sunt:
2923 3826 3110 3882 prope
3138 3818 3335 3866 tamen
3363 3811 3496 3868 vitae

1846 3900 2163 3973 splendore
2193 3900 2271 3955 ad
2300 3915 2404 3955 eos
2436 3916 2758 3968 accessere,
2791 3915 2906 3955 non
2937 3901 3021 3956 ita
3051 3899 3406 3971 simplicem,
3438 3906 3500 3956 ut

127 3995 231 4066 οόχ
273 3993 435 4062 ἁπλῷ
482 3996 817 4065 κεχρημένοι,
850 3993 1022 4065 ὥσπερ
1074 3993 1122 4043 οἰ
1151 3994 1351 4044 ἐκείνων
1392 3987 1732 4044 διδάσκαλοι.

1849 3991 2112 4060 magistri
2130 4004 2360 4055 eorum,
2374 3989 2702 4044 orationem
2722 3994 3155 4044 consectantes.
3183 3991 3248 4044 Et
3270 3990 3500 4061 primus

127 4082 262 4137 ’Δλλ’
313 4084 341 4141 ἠ
404 4083 495 4153 μὶν
554 4086 732 4155 πρώτη
784 4077 962 4152 βίϐλος
1004 4081 1129 4151 ἡμῖν
1177 4079 1345 4141 καλῶς
1387 4099 1447 4150 γε
1485 4088 1732 4145 ποιοῦσα,

131 4173 198 4223 τὰ
225 4174 366 4223 κατὰ
425 4172 658 4242 Χριστόν
690 4169 894 4222 ἅπαντα
944 4165 1208 4231 διεξῆλθεν
1242 4185 1254 4198 ·
1288 4170 1319 4227 ἡ
1371 4164 1421 4221 δ’
1468 4167 1643 4241 ἐφεξῆς
1684 4188 1738 4221 τε

132 4266 225 4313 καὶ
278 4258 392 4333 μετ’
445 4257 641 4315 ἐκείνην
674 4260 737 4310 τὰ
781 4266 881 4309 τῶν
932 4258 1179 4329 μαθητῶν
1226 4256 1417 4310 ἐκείνου
1470 4262 1560 4310 καὶ
1615 4256 1739 4310 ἀπο-

137 4349 333 4403 στόλων
382 4350 457 4410 ὥς
506 4346 557 4419 γ’
606 4350 721 4406 ἐνῆν
776 4350 1072 4420 περιέσχεν.
1107 4345 1166 4399 Ἢ
1224 4343 1283 4398 δὲ
1333 4350 1483 4419 τρίτη
1537 4349 1603 4398 τὰ
1648 4356 1739 4407 τῆς

136 4446 351 4511 πρώτης
404 4438 610 4490 ἐκείνων
672 4432 946 4508 διαδοχῆς
995 4439 1261 4506 συντόμως
1313 4435 1520 4488 ἅπαντα
1573 4440 1740 4509 περιέ-

134 4527 256 4581 λαϐε
288 4545 303 4559 ’
336 4534 403 4599 τῇ
451 4521 501 4578 δ’
535 4523 631 4576 ἀνά
663 4531 850 4599 χεῖρας
875 4526 999 4596 ἡμῖν
1030 4520 1248 4577 διελθεῖν
1274 4522 1488 4589 ἐσεῖταί,
1521 4526 1637 4577 ὅσοι
1667 4522 1735 4583 δὴ

132 4617 243 4688 μετ’
298 4619 531 4676 ἑκείνους
584 4618 803 4685 πονηροί
852 4631 906 4665 τε
959 4617 1049 4665 καὶ
1085 4617 1291 4684 γόητες,
1330 4621 1402 4683 τῷ
1441 4612 1556 4665 καθ’
1606 4614 1739 4685 ἡμᾶς

134 4704 295 4764 δῆθεν
326 4708 597 4777 χρώμενοι
636 4699 884 4773 δόγμάτι,
930 4709 993 4773 τῇ
1036 4708 1271 4773 Χριστοῦ
1300 4704 1491 4775 ποίμνῃ
1527 4721 1739 4776 παρεισ-

133 4796 464 4868 εγθοίρησαν.
524 4788 618 4852 Οἷς
677 4787 835 4858 δῆτα,
900 4792 1080 4863 οἷάπερ
1138 4794 1276 4842 τισὶν
1332 4789 1585 4862 ὀλεθρίοις
1638 4790 1738 4861 ψυ-

131 4891 245 4954 χῶν
301 4882 547 4955 ὀργάνοις
612 4877 876 4942 διακόνοις
941 4898 995 4932 τε
1051 4878 1301 4939 ἀπωλείας
1361 4881 1387 4930 ό
1452 4879 1740 4951 μισόκαλος

131 4975 486 5045 κεχρημένος,
563 4968 755 5042 ἑτέραις
829 4972 1244 5041 κατεστρατήγει
1320 4964 1580 5040 μεθόδοις,
1648 4975 1739 5022 καὶ

131 5064 271 5113 κατὰ
314 5066 413 5119 τῆς
466 5057 776 5119 Ἐκκλησίας
828 5057 1080 5119 ὡπλίζετο
1110 5077 1123 5090 ·
1175 5061 1265 5109 καὶ
1306 5059 1464 5120 ὅσους
1515 5054 1583 5117 δὴ
1642 5061 1739 5111 πά-

132 5149 211 5202 λιν
250 5152 282 5208 ἡ
327 5154 426 5202 τοῦ
479 5155 612 5202 Θεοῦ
651 5149 869 5221 πρόνοια
904 5150 1109 5209 τούτοις
1151 5146 1515 5218 ἀντικαθίστα,
1571 5146 1740 5219 λόγοις

135 5238 387 5297 ἀληθείας
448 5233 912 5309 ἓκσφενδονῶντας,
967 5241 1056 5289 καὶ
1130 5238 1195 5289 τὰ
1258 5238 1458 5289 ἐκείνων
1512 5236 1741 5311 εὐχερῶς

134 5327 583 5402 κπαρῥσίσσοντα
593 5347 631 5391 ς,
722 5322 794 5379 δι’

139 5418 416 5491 ἀγράφων,
448 5418 580 5469 κατὰ
625 5423 724 5468 τῶν
765 5417 926 5468 άθίων
983 5419 1420 5491 στρατευομένους
1468 5418 1737 5490 αἱρέσεων.

136 5507 539 5580 Πῳαθήσομαι
590 5501 640 5559 δ’
692 5504 861 5559 αὐτῶν
919 5512 1022 5557 τῶν
1088 5501 1428 5559 διδασκάλων
1506 5511 1598 5559 καὶ
1648 5508 1742 5569 τὰς

1850 4096 1995 4136 sane
2032 4078 2300 4134 Historim
2329 4079 2508 4148 hujus
2540 4077 2709 4142 liber,
2752 4076 2924 4132 sicuti
2965 4093 3076 4150 par
3113 4078 3241 4145 fuit,
3284 4078 3501 4135 Christi

1847 4185 1941 4225 res
1966 4183 2177 4224 omnes
2206 4168 2499 4240 exposuit.
2529 4166 2859 4232 Secundus,
2892 4167 3306 4238 apostolorum
3336 4174 3390 4225 et
3415 4168 3503 4225 di-

1847 4258 2215 4329 scipulorum
2245 4257 2394 4328 ejus,
2423 4263 2721 4329 quantum
2745 4255 2929 4321 licuit,
2958 4262 3127 4328 gesta
3147 4263 3500 4328 prosecutus

1848 4352 1956 4404 est.
1996 4347 2220 4403 Tertius
2259 4346 2518 4418 primam
2562 4344 2799 4400 illorum
2840 4347 3282 4402 successionem
3334 4363 3499 4403 com-

1850 4436 2138 4507 pendiose
2160 4435 2471 4490 recensuit.
2496 4435 2559 4489 In
2584 4438 2801 4506 quarto
2828 4434 2963 4501 hoc,
2987 4435 3091 4506 qui
3118 4435 3294 4491 nobis
3325 4442 3411 4491 est
3438 4437 3501 4492 in

1848 4525 2149 4593 manibus,
2164 4523 2915 4595 commemorabimus,qui
2938 4529 3074 4595 post
3095 4524 3225 4579 illos
3243 4524 3503 4596 improbi

1849 4621 1906 4670 et
1933 4616 2307 4684 impostores,
2343 4618 2545 4667 nostra
2585 4611 2760 4667 abusi
2796 4613 3085 4676 doctrina,
3122 4613 3296 4683 282
3337 4614 3503 4683 gregi

1850 4704 2180 4760 Christiano
2207 4701 2533 4773 plurimum
2562 4700 2806 4756 attulere
2834 4700 3184 4756 detrimenti.
3214 4701 3308 4755 Eis
3331 4701 3503 4757 nimi-

1848 4809 1984 4848 rum
2016 4792 2191 4847 veluti
2231 4790 2578 4861 perniciosis
2619 4789 2959 4845 animarum
2999 4790 3407 4845 instrumentis
3446 4794 3504 4847 et

1850 4880 2201 4952 perditionis
2242 4878 2626 4943 administris,
2660 4877 2890 4933 honesti
2922 4878 3274 4950 pietatisque
3305 4879 3503 4934 inimi-

1849 4987 1953 5025 cus
1986 4969 2100 5037 ille,
2123 4984 2259 5024 cum
2291 4984 2353 5023 se
2379 4973 2585 5023 contra
2609 4966 2951 5033 Ecclesiam,
2975 4966 3137 5022 aliud
3162 4967 3290 5038 ejus
3312 4968 3505 5039 impu-

1850 5059 2107 5129 gnandae
2139 5064 2499 5127 stratagema
2529 5071 2868 5126 aggressus,
2900 5062 3180 5124 armaret,
3215 5062 3302 5113 est
3332 5074 3499 5113 usus.

1850 5152 1916 5203 Et
1945 5162 2099 5219 quos
2130 5162 2161 5202 e
2190 5146 2424 5201 diverso
2465 5144 2564 5200 Dei
2605 5144 2981 5216 providentia
3011 5145 3125 5201 illis
3156 5148 3504 5217 apposuerit

1850 5236 2033 5301 viros,
2064 5236 2166 5305 qui
2204 5240 2411 5290 contra
2449 5235 2666 5305 impias
2697 5233 2933 5289 illorum
2975 5234 3231 5290 haereses
3277 5234 3503 5291 fortiter

901 5325 1166 5399 ἐγγράφων
1246 5322 1564 5390 ἀποδείξεων
1650 5333 1740 5381 καὶ

1850 5342 1976 5381 rem
2002 5330 2291 5395 gerentes,
2314 5324 2634 5394 verbisque
2666 5323 2922 5378 veritatis
2948 5327 3310 5394 pugnantes,
3331 5323 3501 5380 facile

1851 5422 2048 5486 coepta
2097 5414 2763 5484 eorumijcompressere
2814 5429 2828 5467 :
2874 5412 3243 5485 nominaque
3291 5427 3501 5470 eorum

1851 5508 2189 5570 doctorum,
2229 5508 2286 5559 et
2323 5504 2562 5574 scripta,
2604 5507 2659 5557 et
2689 5516 2825 5557 cum
2854 5517 2976 5574 qua
3004 5501 3259 5575 quisque
3289 5503 3502 5564 haeresi

213 5650 299 5723 (1)
321 5650 507 5707 Verus
537 5651 592 5707 et
619 5648 954 5709 Antoninus
990 5646 1076 5719 hi,
1108 5652 1395 5721 prmterea
1422 5646 1555 5706 Divi
1583 5648 1794 5708 fratres
1822 5649 1891 5711 in
1901 5649 2036 5723 jure
2061 5646 2214 5708 civili
2241 5646 2543 5709 dicuntur.
