4032 6282
619 299 729 358 979

1887 299 2276 359 NICEPHOBI
2313 297 2637 358 CALLISTI
3780 309 3845 365 980

616 428 691 484 sit
738 443 1121 501 congressus,
1162 442 1371 501 quaeve
1409 430 1661 500 prmtera
1699 435 2037 485 memoratu
2086 428 2264 498 digna

2384 426 2593 489 κλήσεις
2610 430 2701 480 καὶ
2748 427 2816 481 τὰ
2869 427 3255 501 συγγράμματα
3279 442 3296 458 °
3330 427 3415 500 οἶᾲ
3454 446 3505 482 τε
3548 428 3735 503 ιιιίρὲσει⁹
3774 435 3848 485 ἰκε-

615 518 889 575 Ecclesiae
906 518 1246 590 reliquerint
1265 523 1677 586 monumenta,
1692 535 2020 591 apponam.
2047 517 2270 573 Deinde

616 607 865 663 illustria
881 613 1223 662 sanctorum
1250 613 1579 679 martyrum
1603 609 1933 663 certamina
1955 621 2267 679 exsequar.

616 700 684 754 Et
711 712 891 768 quem
918 695 1099 751 ﬁnem
1126 697 1376 767 quaestio
1399 697 1727 768 antiquitus
1754 697 1827 752 de
1855 697 2001 754 festo
2025 694 2269 751 Pascha

616 789 747 841 orta
775 784 1069 856 acceperit
1102 801 1114 838 :
1151 789 1435 857 praeterea
1455 785 1529 839 de
1556 784 1689 839 aliis
1717 784 2080 857 quihusdam
2111 784 2267 851 viris,

613 873 955 946 apostolicis
994 872 1239 929 dotibus
1278 874 1472 937 claris,
1506 874 2021 929 commemorabo.
2057 874 2124 928 Et
2163 872 2266 941 sic,

613 966 733 1019 Deo
756 962 1100 1033 adjuvante,
1119 968 1448 1019 extremam
1471 979 1711 1035 quoque
1731 963 1873 1019 huic
1892 963 2044 1019 libro
2072 964 2270 1035 impo-

612 1067 756 1110 nam
782 1067 1053 1109 manum.
1081 1051 1322 1107 Initium
1348 1067 1526 1124 porro
1553 1052 1692 1108 inde
1719 1052 2104 1109 sumendum.

1282 1337 1502 1395 CAPUT
1528 1338 1598 1394 II.

613 1447 701 1503 De
746 1445 1176 1511 hzresiarchis,
1209 1446 1403 1518 quieo
1443 1453 1701 1516 tempore
1741 1461 1802 1503 se
1836 1445 1899 1502 in
1938 1444 2265 1518 Ecclesium

768 1519 983 1574 Christi
999 1517 1358 1583 intulerant,
1384 1519 1717 1575 Saturnino
1742 1526 1796 1575 et
1819 1517 2107 1573 Basilide.

680 1696 815 1751 Jam
842 1694 1095 1751 verbum
1126 1694 1331 1751 salutis
1356 1709 1464 1767 per
1489 1709 1733 1750 omnem
1759 1693 2119 1766 peragrabat
2141 1697 2261 1751 ter-

2383 536 2500 578 στος
2550 520 2745 569 τούτων
2804 516 3174 583 ἁντικατέστη,
3233 522 3321 569 καὶ
3381 518 3476 570 ὃσα
3520 515 3579 577 δη
3626 521 3742 593 ἕτερα
3774 524 3851 585 ἄξια

2378 606 2534 678 λόγου
2585 611 2671 659 καὶ
2726 616 3036 681 συγγραφῆς
3196 605 3476 680 Ἐκκλησία
3507 609 3848 667 καταλελοίπασιν.

2379 692 2495 749 Ἐπὶ
2556 692 2626 754 δὴ
2684 698 2884 757 τούτοις
2940 698 3005 748 τά
3056 704 3155 748 τῶν
3209 695 3445 768 θεοφιλῶν
3492 701 3723 771 μαρτύρων
3762 720 3852 774 περι-

2379 792 2508 855 φανῆ
2570 785 2916 857 ἀγωνίσματα
2966 781 3316 857 διαλήψομαι,
3372 790 3456 838 καὶ
3506 788 3650 846 ὡςτό
3695 793 3783 860 περὶ
3818 793 3852 841 τό

2380 875 2579 945 Πάσχα
2637 874 2871 946 ζήτημα,
2934 873 3263 948 ἀμφήριστον
3310 881 3417 936 τοῖς
3465 874 3607 927 πάλαι
3649 881 3853 949 γενόμενον,

2376 964 2488 1015 οἷαν
2550 962 2722 1036 εἴληφε
2764 968 2859 1021 τὴν
2901 965 3252 1029 κατάστασιν,
3307 968 3396 1017 καὶ
3444 968 3550 1037 περὶ
3588 984 3713 1017 τινων
3748 966 3853 1017 ἄλλον

2377 1052 2744 1115 ἀποστολικοίς
2797 1050 2833 1105 δ
2839 1053 3199 1127 ιαπρεψάντων
3254 1058 3569 1126 χαρίσμασι.
3629 1059 3711 1107 Καὶ
3770 1054 3854 1107 οὕτω

2373 1145 2535 1216 πέρας
2576 1146 2670 1195 σὺν
2718 1150 2833 1213 Θεῷ
2862 1148 2950 1195 καὶ
2992 1150 3065 1213 τῷ
3096 1144 3327 1216 τετάρτῳ
3367 1139 3432 1201 δη
3476 1147 3603 1215 τόμῳ
3642 1146 3771 1215 τούτῳ
3804 1147 3855 1197 εί-

2376 1250 2488 1285 σιον
2516 1233 2775 1290 ἒπιθήσω.
2799 1233 3039 1306 Ἀρκτέον
3070 1228 3129 1284 δὲ
3158 1232 3311 1286 οὕτω.

2994 1343 3236 1392 ΚΕΦᾹΛ.
3280 1338 3350 1394 Β’.

2374 1449 2528 1521 Περὶ
2594 1454 2727 1498 τῶν
2794 1441 3113 1521 τηνικάδε
3168 1453 3237 1503 τῆ
3293 1444 3618 1518 Ἐκκλησία
3657 1452 3853 1520 Χριστοῦ

2444 1519 2969 1593 ε’ἰσφρησάντων
3051 1520 3509 1593 αἱρεσιαρχῶν,
3578 1522 3853 1592 Σατορνίνου

2442 1586 2574 1642 καί
2597 1586 3022 1647 Βασιλείδου.

2438 1693 2581 1755 Ἤδη
2641 1698 2733 1769 μὶν
2790 1697 2816 1748 ὁ
2867 1700 3121 1769 σωτήριος
3177 1693 3327 1767 λόγος
3380 1696 3511 1747 κατά
3558 1700 3706 1748 πᾶσαν
3748 1692 3858 1765 ἐφοίτα

606 1799 762 1851 ram,
786 1785 1115 1857 orbemque
1143 1785 1369 1856 ipsum,
1391 1785 1595 1856 quoad
1620 1784 1751 1854 ejus
1777 1784 1902 1839 ﬁeri
1930 1784 2138 1855 potuit,
2163 1799 2259 1839 oc-

2377 1791 2461 1846 την
2528 1794 2648 1859 γῆν,
2702 1790 2793 1838 καὶ
2848 1790 2943 1844 τήν
3002 1784 3307 1857 οἰκουμένην
3363 1788 3428 1846 ὡς
3480 1783 3578 1837 ένόν
3624 1781 3853 1855 διελάμϐανε.

614 1875 895 1946 cupabat.
940 1876 1005 1929 Et
1032 1874 1172 1928 ﬁdei
1201 1873 1473 1929 doctrina
1503 1873 1677 1929 altius
1709 1874 1768 1928 in
1800 1873 2036 1946 piorum
2067 1872 2260 1927 homi-

611 1979 758 2019 num
785 1963 1066 2019 cordibus
1086 1963 1389 2019 radicibus
1410 1963 1556 2018 actis
1578 1963 1819 2018 firmum
1840 1962 2107 2019 habebat
2132 1962 2263 2017 fun-

610 2052 985 2119 damentum,
1043 2069 1116 2108 ex
1172 2053 1501 2125 apostolica
1555 2052 1824 2109 videlicet
1882 2054 2156 2109 doctrina
2210 2052 2269 2109 et

608 2142 749 2207 vita,
778 2148 834 2198 et
862 2159 997 2215 quae
1030 2142 1168 2198 inde
1195 2142 1606 2214 proﬂuxerunt
1631 2142 1933 2198 miraculis
1969 2166 1979 2196 :
2014 2150 2140 2198 tum
2166 2158 2270 2198 au-

610 2235 728 2287 tem
770 2248 841 2289 ex
881 2233 1289 2305 apostolorum
1332 2248 1753 2288 successorum
1793 2233 2171 2287 sermonibus
2214 2235 2272 2287 et

610 2320 799 2387 libris,
814 2322 914 2393 qui
934 2328 1176 2394 propter
1192 2322 1500 2377 veritatem
1520 2336 1728 2376 eorum
1742 2321 2270 2392 inexpugnabilem

608 2410 796 2466 refelli
830 2427 951 2466 non
982 2417 1229 2483 potuere
1261 2430 1274 2469 :
1304 2411 1548 2482 insuper
1579 2425 1718 2465 vero
1743 2425 1813 2464 ex
1843 2426 2272 2479 generosorum

608 2501 788 2556 etiam
822 2505 1156 2572 martyrum
1197 2499 1625 2555 certaminibus
1665 2504 1722 2554 et
1761 2498 1957 2555 luctis.
1999 2501 2275 2556 Persecu-

609 2590 805 2646 tiones
836 2589 995 2645 enim
1026 2589 1315 2645 lcetiorem
1351 2604 1595 2661 quoque
1627 2594 1682 2644 et
1712 2588 2115 2644 ﬂorentiorem
2147 2588 2277 2645 red-

610 2678 817 2734 didere
872 2678 1224 2733 Ecclesiam.
1281 2677 1633 2734 Communis
1689 2683 1888 2733 autem
1938 2678 2172 2750 pietatis
2220 2683 2277 2738 et

610 2768 913 2838 religionis
968 2772 1192 2823 nostra
1264 2766 1647 2822 adversarius
1696 2771 1752 2822 et
1798 2767 1987 2822 hostis
2043 2767 2274 2838 quietus

609 2873 740 2913 esse
781 2872 904 2913 non
947 2856 1160 2928 potuit.
1204 2856 1348 2911 Cum
1385 2856 1545 2911 enim
1590 2860 1880 2921 cerneret,
1918 2872 2023 2927 per
2064 2872 2274 2911 omnes

611 2946 837 3018 passim
864 2946 1139 3016 regiones
1166 2944 1454 3000 Ecclesiae
1482 2944 1874 2999 luminarium
1901 2944 2089 3000 instar
2115 2945 2273 3001 clare

610 3040 789 3106 atque
838 3034 1149 3106 splendide
1193 3034 1522 3090 relucentes
1569 3032 1905 3089 admodum
1951 3034 2163 3090 ﬂorere
2200 3049 2272 3090 ac

2368 1881 2437 1931 Τό
2488 1896 2543 1930 τε
2612 1873 2790 1948 δόγμα
2849 1884 2941 1937 τῆς
2994 1879 3224 1937 πίστεως
3275 1877 3333 1927 τὸ
3401 1870 3607 1948 ἔμπεδον
3651 1870 3753 1945 εἶχε,
3788 1878 3856 1934 ταῖς

2372 1964 2621 2041 καρδίαις
2663 1974 2762 2017 τῶν
2815 1964 3055 2037 θεοφιλῶν
3102 1963 3388 2039 ἀνθρώπων
3426 1984 3556 2036 κατα
3596 1960 3726 2035 βάθος
3744 1963 3853 2036 ῥιζού-

2376 2074 2521 2129 μενον
2555 2074 2569 2087 ν
2623 2057 2681 2107 τό
2737 2056 2827 2126 μεν
2884 2061 2947 2126 τῇ
3017 2052 3337 2125 ἀποστολικῇ
3406 2050 3700 2124 διδασκαλίᾳ
3734 2069 3771 2103 τι
3804 2054 3852 2100 ui

2380 2142 2585 2217 διαίτῃ,
2629 2147 2719 2195 καὶ
2770 2149 2878 2204 τοῖς
2932 2144 3120 2194 ἐκεῖθεν
3149 2141 3458 2212 πηγάζουσι
3507 2143 3849 2213 θαύμασι·τοῦτι

2380 2230 2441 2287 δι
2472 2238 2559 2285 καὶ
2596 2238 2705 2293 τοῖς
2735 2240 2835 2283 τῶν
2868 2226 3145 2303 διαδόχων
3191 2230 3361 2302 λόγοις
3402 2232 3597 2283 ἐκείνων
3628 2231 3675 2281 τό
3710 2224 3849 2298 ἀναντίρ-

2380 2324 2537 2398 ῥητον
2586 2319 3012 2396 προϐεϐλημένοις
3044 2318 3120 2392 ἐφ’
3165 2320 3365 2372 ἅπασιν
3408 2336 3423 2349 ⁸
3466 2322 3585 2381 ἴσως
3627 2315 3675 2370 δί
3712 2321 3849 2372 καὶτοῖς

2382 2412 2559 2473 ἄθλοις
2616 2418 2718 2462 τῶν
2780 2414 3023 2482 γενναίων
3097 2412 3374 2484 μαρτύρων
3445 2412 3532 2461 καὶ
3584 2406 3847 2478 ἀγωνίσμασιν.

2385 2503 2451 2553 Οἱ
2487 2502 2589 2575 γάρ
2644 2496 2871 2571 διωγμοὶ
2922 2502 3013 2551 καὶ
3070 2493 3419 2571 φαιδροτέραν
3478 2495 3650 2570 μᾶλλον
3691 2499 3756 2553 τήν
3789 2492 3850 2544 ’ἂ-

2384 2589 2607 2647 κλησίαν
2661 2588 2981 2662 εἰργάζοντο.
3038 2593 3124 2659 Τῷ
3180 2583 3240 2639 δε
3292 2594 3453 2658 κοινῷ
3506 2593 3590 2645 τῆς
3630 2586 3738 2656 ἡμῶν
3768 2580 3849 2633 rict-

2386 2678 2527 2742 ϐείας
2582 2680 2759 2750 ἐχθρῷ
2810 2696 2864 2730 τε
2892 2680 2983 2729 καὶ
3028 2675 3256 2749 πολεμίῳ
3295 2675 3389 2728 οὐκ
3446 2672 3507 2734 ἧν
3552 2669 3847 2749 ἠρεμεῖν.’ορἰα

2382 2771 2484 2842 γὰρ
2545 2770 2636 2828 τὰς
2693 2765 2792 2818 ἀνά
2844 2771 3019 2818 πᾶσαν
3071 2770 3255 2838 χώραν
3320 2764 3630 2825 Ἐκκλησίας
3674 2764 3841 2834 γωδ-τήρει

2386 2855 2541 2916 δίκην
2580 2853 2802 2929 φαιδρὸν
2848 2856 2954 2907 οἷον
3002 2859 3093 2907 καὶ
3143 2857 3502 2926 γεγανωμένον
3540 2848 3835 2906 iracndia”;

2382 2954 2604 3019 7twoiov
2662 2942 2722 2998 δι
2778 2945 2883 2997 οἷον
2938 2943 3282 3016 ἀκμάζουσαν
3334 2942 3441 2997 ἀνὰ
3497 2950 3656 2996 πᾶσαν
3695 2941 3818 3003 ὼῇῖι

2382 3041 2471 3089 καὶ
2517 3039 2611 3094 τὴν
2663 3034 2737 3097 εἰς
2782 3037 2867 3087 τὸν
2910 3041 3126 3099 Σωτῆρα
3176 3037 3263 3085 καὶ
3330 3036 3527 3109 Κύριον
3581 3034 3691 3105 ἡμῶν
3715 3026 3816 3081 'Imh

605 3125 827 3194 vigere,
861 3122 1161 3195 simulque
1202 3123 1365 3178 illam
1405 3138 1542 3194 quas
1581 3127 1670 3177 est
1709 3122 1769 3177 in
1813 3124 2183 3179 Servatorem
2217 3129 2264 3180 el

2384 3128 2608 3200 Χριστὸν
2654 3128 2860 3193 πίστιν,
2899 3122 2985 3175 οἶα
3038 3118 3104 3180 δὴ
3160 3124 3326 3183 κοινὸς
3368 3121 3570 3195 έχθρὸς
3606 3124 3670 3172 καὶ
3692 3116 3819 3171 ﬁt?“

602 3214 924 3269 Dominum
958 3216 1228 3268 nostrum
1266 3213 1468 3267 Iesum
1517 3211 1821 3266 Christum
1860 3211 2066 3277 ﬁdem,
2098 3205 2271 3268 saluti

598 3302 913 3358 hominum
929 3301 1584 3371 inimicissimus,283
1609 3316 1753 3355 cum
1770 3301 2132 3371 jamdudum
2147 3318 2271 3359 om-

599 3406 708 3447 nes
743 3396 1025 3462 expertus
1068 3394 1249 3457 artes,
1281 3392 1537 3445 externis
1578 3390 2104 3461 persecutionihus
2141 3390 2272 3447 fun'

600 3480 760 3536 ditus
805 3497 906 3537 eas
955 3485 1109 3537 esset
1158 3480 1487 3551 exstirpare
1533 3486 1812 3544 conatus,
1862 3478 1963 3534 ubi
2006 3488 2270 3552 coeptum

600 3586 799 3639 suum,
812 3570 1038 3626 fortiter
1056 3569 1331 3642 repulsus
1347 3573 1405 3624 et
1420 3574 1763 3640 martyrum
1781 3571 2072 3639 sanguine
2085 3585 2270 3643 prope

601 3658 951 3729 suffocatus,
998 3659 1215 3714 frustra
1264 3674 1392 3714 esse
1445 3657 1609 3723 vidit,
1665 3657 1784 3713 alia
1830 3673 1956 3714 rem
2007 3660 2104 3715 via
2150 3664 2269 3716 ten-

598 3749 846 3805 tandam
870 3763 1003 3804 esse
1029 3749 1398 3814 existimans,
1428 3746 1641 3803 dolum
1678 3747 1857 3802 talem
1889 3749 2266 3818 excogitavit,

598 3841 662 3892 ut
698 3836 807 3892 viri
839 3838 1180 3893 seductores
1207 3841 1264 3892 et
1293 3837 1678 3908 impostores,
1714 3835 2113 3893 Christianum
2156 3829 2269 3892 sini

596 3931 954 3997 usurpantes
984 3942 1227 3991 nomen,
1254 3925 1434 3981 simul
1459 3930 1516 3980 et
1540 3940 1622 3996 qu
1641 3940 1710 3981 os
1741 3926 2037 3997 cepissent
2062 3926 2269 3983 ﬁdeles

596 4015 659 4070 in
692 4015 929 4071 foveam
959 4014 1308 4087 perditionis
1332 4013 1604 4085 impeller
1624 4019 1726 4069 ent
1754 4031 1765 4069 :
1804 4020 1860 4070 et
1892 4015 1991 4086 qui
2025 4015 2268 4072 technas

593 4103 833 4160 illorum
873 4105 1236 4174 ignorarent,
1266 4104 1348 4159 eis
1385 4104 1516 4159 sani
1558 4107 1615 4159 et
1676 4103 1951 4159 salutaris
1982 4104 2144 4160 verbi
2182 4106 2267 4162 di-

594 4193 799 4249 scendi
852 4193 1118 4249 studium
1176 4196 1231 4248 et
1284 4192 1653 4248 desiderium
1705 4200 2157 4266 corrumperent
2210 4205 2266 4258 et

595 4281 1009 4353 depravarent.
1052 4282 1314 4337 Primum
1357 4281 1539 4351 igitur
1578 4286 1789 4337 contra
1833 4298 1946 4337 nos
1986 4284 2267 4346 excitavit

598 4368 902 4426 Simonem
955 4385 968 4424 :
1040 4369 1255 4425 deinde
1322 4369 1748 4438 Menandrum,
1808 4370 2148 4427 Cerinthum
2206 4382 2265 4434 et

2382 3213 2662 3287 ἀνθρώπων
2724 3215 2991 3286 σωτηρίας
3042 3209 3456 3282 πολεμιώτατος,
3523 3208 3571 3262 ἓν
3631 3204 3743 3260 πολλοὶ
3776 3199 3829 3257 τὶς

2380 3307 2515 3357 κατά
2570 3310 2659 3363 τῆς
2703 3300 3013 3363 Ἐκκλησίας
3069 3308 3221 3352 κινῶν
3277 3302 3551 3371 μηχανὰς,
3595 3301 3763 3372 πρότιρατ
3789 3290 3837 3357 μα

2380 3401 2486 3454 τοῖς
2515 3392 2695 3456 ἑξωθεν
2733 3392 2902 3443 ἔπεισι
2955 3385 3234 3460 διωγμοῖς,
3292 3386 3472 3463 ἄρδην
3508 3387 3752 3441 ἀνασπάσαι
3777 3375 3845 3429 τό·

2379 3501 2475 3540 την
2528 3484 2843 3553 πειρώμενος
2872 3493 2887 3509 ⁹
2938 3481 3008 3540 ὡς
3055 3474 3108 3530 δ’
3146 3476 3489 3551 ἀπεκρούσθη
3546 3480 3626 3530 καὶ
3670 3464 3851 3525 ἀποδῶ-λα’

2381 3590 2475 3625 στο
2531 3579 2626 3632 τῆς
2691 3568 3092 3643 ἐπιχειρήσεως,
3165 3574 3275 3628 τοῖς
3329 3570 3660 3642 μαρτυρικοῖς

2377 3664 2589 3731 γόμενος
2619 3639 2878 3731 α’ίμασιν,⁷
2900 3656 3075 3730 ἑτέραν
3123 3654 3369 3728 ἐτράπετο
3396 3639 3422 3685 ⁸-
3465 3639 3554 3709 καὶ
3596 3650 3763 3723 δολερῦς
3784 3639 3852 3699 δῆτ’

2378 3749 2587 3817 ἐπενόει,
2621 3748 2689 3809 ὡς
2742 3745 2803 3798 ἃν
2856 3744 3116 3803 ἀπατηλοί
3153 3763 3208 3797 τε
3258 3749 3350 3797 καὶ
3400 3750 3588 3818 γόητες
3628 3732 3853 3811 ἀνδρις,τὲ⁷

2376 3837 2539 3896 αὐτὴν
2594 3837 2719 3909 ἡμῖν
2770 3831 3053 3895 ὑποδύντες
3110 3838 3495 3907 προσηγορίαν,
3544 3833 3658 3903 ὀμθῦ
3700 3823 3854 3909 ρξ’-τέ’

2377 3934 2577 3980 πιστῶν
2606 3929 2723 3986 τοὺς
2765 3923 3135 3997 ἁλισκομένους
3187 3923 3261 3985 εἰς
3304 3921 3529 3996 βόθυνον
3564 3920 3751 3973 ἐλάσαια
3776 3907 3853 3997 ἀπή·

2376 4016 2516 4078 λείας
2552 4030 2567 4045 ⁶
2623 4014 2733 4087 ἅμα
2791 4010 2849 4067 δὲ
2915 3994 3005 4066 καὶ
3062 4010 3138 4065 δι’
3195 4032 3263 4065 ων
3305 3994 3473 4087 -δρᾴν
3524 4010 3781 4081 ἐπεχείρουν.
3811 3994 3854 4087 itii

2377 4105 2577 4177 ἀγνοεῖν
2637 4102 2922 4171 συνέϐαινε,
2967 4104 3026 4154 τὸ
3086 4108 3178 4155 τοῦ
3225 4106 3495 4175 σωτηρίου
3549 4103 3631 4153 καί
3663 4083 3853 4177 {quin}?

2373 4176 2475 4267 γου
2544 4191 2969 4265 σπουδαζόμενον
3046 4187 3393 4267 διαφθείρειν.
3473 4195 3574 4245 Καὶ
3617 4190 3772 4258 Σίμωνα

2374 4289 2620 4359 πρότερον
2671 4286 2796 4356 ἡμῖν
2849 4281 3193 4341 ἕπανίστησιν
3236 4298 3248 4310 ·
3300 4280 3388 4333 επὶ
3451 4277 3512 4334 δι
3559 4279 3703 4346 τούτῳ
3744 4270 3850 4326 li!"

2375 4370 2520 4447 δρον,
2573 4378 2663 4426 καὶ
2723 4375 2997 4445 Κήρινθον,
3051 4376 3142 4423 καὶ
3188 4370 3468 4435 Νικόλαον,
3522 4372 3632 4442 περὶ
3664 4364 3720 4415 ὧν
3751 4360 3849 4428 πρέτν

593 4458 924 4525 Nicolaum,
948 4458 1022 4514 de
1040 4459 1261 4531 quibus
1281 4458 1338 4513 in
1360 4459 1777 4529 superioribus
1793 4459 2056 4516 diximus
2071 4460 2257 4523 libris.

2377 4483 2459 4536 ρον
2508 4460 2832 4534 διελάϐομεν.
2883 4460 3082 4535 Μικρόν
3141 4456 3200 4513 δι
3245 4456 3523 4525 διαλιπὼν,
3568 4458 3739 4528 ἐτέρους

594 4548 787 4604 Parvo
825 4548 1044 4605 deinde
1072 4547 1401 4614 intervallo,
1438 4547 1813 4619 temporibus
1856 4550 1941 4603 eis
1971 4566 2105 4622 quae
2131 4552 2261 4621 jam

595 4639 1223 4703 commemoravimus,
1256 4642 1525 4693 monstra
1571 4636 1690 4692 alia
1732 4637 2023 4694 exhibuit.
2067 4642 2113 4693 Α
2151 4641 2260 4695 Me-

592 4727 830 4782 nandro
847 4742 1133 4799 namque,
1153 4725 1454 4796 ambiguae
1478 4725 1862 4796 hicipitisque
1879 4728 2255 4797 contagionis

593 4817 862 4887 viperina
893 4816 984 4870 vis
1018 4820 1243 4879 exorta,
1281 4815 1541 4869 duarum
1581 4814 1898 4871 haeresium
1938 4818 2257 4888 progenuit

591 4906 796 4972 duces,
844 4905 1228 4962 Saturninum
1269 4904 1348 4975 (1)
1386 4909 1443 4959 et
1471 4904 1787 4960 Basilidem
1828 4906 1901 4975 (2)
1939 4922 1951 4961 :
1994 4922 2253 4978 quorum

589 4995 751 5051 hunc
778 4994 1165 5063 Alexandria,
1196 4993 1361 5048 illum
1388 4992 1703 5049 Antiochia
1735 4993 2012 5064 produxit
2045 5012 2059 5052 :
2088 5000 2145 5051 et
2172 4997 2255 5053 al.

591 5089 679 5142 ter
718 5085 779 5141 in
817 5082 1097 5156 Egypto,
1140 5082 1287 5138 alter
1325 5087 1524 5138 autem
1565 5082 1624 5137 in
1668 5081 1841 5154 Syria
1881 5098 2091 5141 exosas
2130 5086 2251 5143 Deo

591 5188 879 5247 aperuere
904 5171 1160 5228 scholas.
1178 5171 1436 5226 Irenaeus
1455 5170 1862 5237 Saturninum,
1879 5172 2093 5229 eadem
2114 5190 2250 5246 qua

662 5317 741 5387 (1)
772 5315 1123 5373 Saturninus
1145 5314 1328 5371 etiam
1351 5314 1646 5389 Christum
1668 5315 2093 5386 phantasmate
2114 5334 2249 5389 pas-

594 5403 731 5461 sum
761 5389 1141 5461 essegdocuit,
1174 5391 1232 5443 et
1272 5387 1769 5442 resurrectionem
1803 5389 2064 5460 negavit.
2098 5387 2248 5461 (Ter-

596 5458 736 5540 tull;
766 5460 853 5540 Pe
883 5458 1115 5540 (ξαίνει.)

665 5528 743 5600 (2)
772 5530 1070 5595 Basilides,
1094 5526 1244 5585 inter
1269 5531 1480 5600 cetera
1505 5526 1919 5586 deliramenta.
1945 5530 2245 5590 Christum

592 5599 718 5661 non
748 5615 785 5660 a
814 5602 956 5672 Deo,
984 5599 1334 5679 quicreavit
1360 5615 1587 5671 omma,
1619 5600 1728 5658 sed
1756 5600 1835 5661 ab
1859 5600 2149 5677 Abraxas,
2179 5603 2244 5665 in

2370 4549 2555 4615 τώδεις
2603 4554 2651 4604 ἑν
2706 4557 2816 4613 τοῖς
2869 4552 3094 4625 πρόσθεν
3147 4551 3272 4621 ἡμῖν
3322 4544 3689 4619 δεδηλωμένοις
3729 4537 3842 4625 χθὲς

2369 4640 2645 4715 ἰξήγειρεν.
2710 4639 2839 4694 Ἀπὸ
2907 4619 3005 4712 γὰρ
3063 4619 3193 4691 τοῦ.
3236 4640 3605 4713 προειρημένου
3652 4619 3834 4687 M0453.”

2367 4729 2695 4804 ἀμφίστομος
2724 4749 2801 4791 τις
2838 4734 2929 4782 καὶ
2977 4726 3256 4801 δικέφαλος
3303 4723 3539 4800 ὁφιὼδης
3579 4720 3834 4791 diiuqu

2365 4819 2606 4888 ελθοῦσα,
2664 4818 2937 4892 ἀρχηγοὺς
2990 4816 3131 4872 δυεῖν
3190 4819 3433 4891 αἱρέσεων
3484 4820 3641 4868 τίκτει
3677 4827 3690 4840 ·

2361 4916 2496 4971 νῖνος
2550 4913 2640 4961 καὶ
2690 4888 3002 4969 έοισιλείδης
3050 4904 3184 4967 ἦσαν
3233 4888 3411 4968 αὐτοῖς
3467 4906 3535 4958 τὰ
3580 4902 3769 4973 ὀνόματα
3796 4888 3845 4938 ’θ’

2361 5003 2451 5050 καὶ
2500 5001 2585 5051 τὸν
2614 5001 2704 5069 μὲν
2761 5001 3077 5069 Ἀντιόχεια,
3125 4996 3304 5071 ἅτερον
3367 4991 3428 5048 δε
3472 4985 3749 5047 Βασιλείδην
3783 4993 3851 5073 ²Ρ⁹ξ

2361 5090 2551 5159 ἢγαγεν
2614 5084 3000 5159 Ἀλεξάνδρεια.
3057 5091 3157 5141 Καὶ
3235 5086 3389 5158 ἄμφω
3447 5080 3527 5148 δὲ,
3577 5083 3602 5135 6
3778 5080 3849 5169 ﬁt?“

2360 5182 2568 5250 Συρίαν,
2600 5178 2628 5229 ὁ
2676 5172 2736 5229 δὲ
2772 5176 2885 5230 κατ’
2930 5177 3220 5248 Αἴγυπτον,
3273 5170 3645 5228 διδασκαλείου
3680 5168 3849 5230 uti”

2356 5320 2801 5397 phantasmate,
2830 5320 3042 5397 nonin
3066 5313 3629 5397 _s_ubstantia_carnis
3655 5312 3849 5397 ωξεειξξξξ

2357 5379 2467 5447 nec
2497 5406 2534 5447 a
2557 5379 2799 5447 Ιιιόωίέ
2815 5393 2975 5448 cruci
3018 5390 3295 5459 afﬁxum,
3327 5387 3447 5459 sed
3471 5387 3746 5442 Simonem
3777 5379 3849 5459 of

2355 5438 3232 5534 vicem'passumj-et'proinde
3269 5438 3614 5534 cruciﬁxum
3645 5438 3851 5534 ροηδάσ

2355 5526 2615 5593 randum
2646 5550 2799 5603 esse,
2831 5526 3165 5594 hlatéravit.
3196 5526 3663 5605 (Tertullianus.)
