4032 6282
93 308 200 368 98!

95 440 391 506 θεομισοῦς.

90 527 268 582 ταυτὰ
321 522 722 598 ψευδολογῆσαι
767 537 840 600 τῷ
897 527 1180 604 Μενάνδρῳ
1243 536 1419 603 φησί·
1489 536 1575 585 τόν
1641 549 1698 602 γε

89 619 196 685 μὴν
258 612 570 673 Βασιλείδην
623 615 936 689 τερατώδεις
1001 619 1304 674 ἀναπλάσαι
1358 623 1693 693 μυθοποιίας-

92 703 548 777 Ἀπορρητοτέρων
613 703 672 758 δὲ
722 710 1180 781 σχηματιζόμενος
1241 717 1550 782 μετασχεῖν,
1625 708 1697 771 εἰς

88 795 147 844 τό
209 794 423 866 ἄπειρον
490 795 640 846 ἔτεινε
695 799 788 853 τὴν
849 799 1098 852 έπίνοιαν.
1160 797 1420 852 Πλείστων
1488 795 1539 851 δ’
1606 793 1695 850 οὖν

86 881 205 932 κατ’
261 879 422 934 έκεῖνο
473 889 658 956 καιροῦ
715 882 1163 942 έκκλησιαστικῶν
1215 883 1418 961 ἀνδρῶν
1458 887 1695 959 λογικαῐς

89 968 425 1028 ἀπαντήσεσι
465 974 552 1023 τὸν
593 970 936 1026 ἀποστολικόν
978 979 1330 1049 κρατυνόντων
1374 978 1490 1050 ὅρον
1539 977 1688 1030 ιίσίν.

89 1059 156 1110 Οἱ
197 1062 398 1112 τούτων
443 1064 532 1113 καὶ
577 1061 1000 1135 προφυλακτικὰς
1039 1061 1258 1137 ἐφόδους
1298 1075 1395 1119 τῶν
1444 1064 1692 1124 δηλωθει-

91 1156 192 1200 σῶν
238 1149 487 1222 αἱρέσεων
528 1152 938 1223 συγγράμμασιν
993 1149 1146 1214 ἰδίοις
1203 1154 1639 1208 καταλελοίπασιν
1673 1171 1686 1184 ·

86 1239 134 1288 ἓν
190 1238 276 1298 οἷς
301 1241 394 1289 καὶ
460 1240 682 1310 Κάστωρ
745 1239 1040 1314 Ἀγρίππας
1097 1247 1258 1314 ὄνομα
1319 1244 1536 1314 ἔλεγχον
1596 1251 1692 1306 τῆς

85 1322 402 1379 Βασιλείδου
456 1323 756 1390 δεινότητος
809 1330 1128 1396 καταλείπει,
1194 1336 1288 1390 τὴν
1350 1333 1542 1384 έκείνου
1599 1337 1690 1403 μεν

83 1419 331 1484 γοητείαν
399 1414 643 1488 ἐκφαίνων
680 1433 698 1450 ο
760 1418 825 1469 τὰ
877 1414 928 1470 δ’
993 1417 1268 1494 ἀπόρρητα
1325 1416 1530 1482 δεικνὺς
1596 1429 1688 1474 τοῦ

85 1499 302 1577 ἀνδρὸς,
354 1503 422 1565 εἰς
613 1509 670 1558 τό
725 1506 1040 1578 Εὖαγγέλιον
1098 1514 1333 1578 τέσσαρα
1382 1515 1472 1562 καὶ
1522 1513 1688 1564 εἴκοσι

84 1597 215 1663 φησὶ
264 1601 449 1646 τοῦτον
507 1591 690 1666 βιϐλία
754 1595 996 1650 ἰκθέσθάι
1025 1617 1038 1631 ⁸
1109 1598 1414 1672 Βαρκαϐϐἀν
1478 1596 1538 1653 δε
1596 1605 1686 1653 καὶ

85 1686 331 1756 Βαρκὼφ,
400 1682 756 1756 ἁνυπάρκτους
804 1682 871 1744 δή
923 1706 1062 1748 τινας
1125 1693 1411 1762 προφάτας,
1471 1689 1543 1750 εἰς
1589 1709 1683 1741 κα-

1150 314 1721 374 ECCLESIASTICE
1761 311 2132 371 HISTORIE
2170 313 2302 370 LIB.
2343 312 2435 369 IV.

466 435 526 490 Ὀ
599 440 688 509 μὲν
759 435 848 492 οὖν
921 440 1193 512 Εἰρηναῖος
1245 445 1330 494 τόν
1397 448 1679 516 Σατορνῖνοι

1804 439 2213 500 Menandrum.
2255 438 2606 494 ementitum
2666 450 2798 492 esse
2853 433 2991 492 dicit
3053 450 3068 490 :

3353 302 3463 363 982

3133 431 3456 489 Basilidem

1805 535 2007 585 autem
2040 535 2413 600 portentosas
2445 526 2808 583 conﬁnxisse
2837 523 3094 588 fabulas,
3123 527 3180 579 et
3211 537 3464 578 arcana-

1803 634 1935 674 rum
1953 617 2461 690 ineﬁ‘abiliumque
2486 632 2686 672 rerum
2715 631 2836 687 prae
2867 630 2929 670 se
2955 613 3242 670 ferentem
3265 611 3456 667 scien-

1804 707 1967 773 tiam.
1997 707 2278 763 latentem
2309 722 2516 762 earum
2558 721 2808 761 sensum
2849 707 2904 759 et
2945 701 3349 758 inventionem
3401 700 3461 756 in

1802 795 2100 852 inﬁnitum
2122 795 2475 852 extendisse.
2498 797 2559 850 Et
2582 811 2719 850 cum
2744 809 2814 848 eo
2837 797 3105 863 tempore
3121 805 3306 862 quam
3327 788 3461 860 plu-

1801 885 1937 941 rimi
1967 885 2343 941 ecclesiastici
2382 884 2490 939 viri
2517 883 2761 938 obviam
2790 881 2921 949 illis,
2953 897 2990 937 a
3028 885 3188 936 recta
3227 879 3459 934 ratione

1805 975 1994 1045 petitis
2046 974 2438 1044 argumentis,
2478 979 2705 1038 euntes,
2749 970 3078 1043 apostolica
3117 969 3460 1026 obtinerent

1799 1063 2036 1120 decreta
2069 1081 2082 1120 :
2115 1065 2278 1119 fuere
2307 1079 2552 1136 quoque
2578 1062 2730 1118 inter
2759 1077 2881 1125 eos,
2914 1060 3019 1132 qui
3046 1059 3104 1114 in
3132 1057 3300 1114 libris
3331 1056 3460 1113 suis

1799 1160 2006 1209 contra
2027 1153 2277 1208 insidias
2300 1155 2505 1208 talium
2525 1151 2840 1208 hasresium
2860 1148 3284 1220 praeservativa
3307 1161 3461 1219 prae-

1798 1248 1966 1311 cepta
1996 1241 2354 1314 reliquerint.
2389 1242 2451 1295 In
2481 1239 2706 1312 quibus
2735 1243 2792 1294 et
2831 1239 3034 1292 Castor
3063 1236 3328 1307 Agrippa
3365 1249 3456 1290 re-

1799 1331 2259 1400 prehensionem
2280 1329 2546 1384 Basilidis
2572 1326 3032 1400 importunitatis
3053 1325 3238 1380 edidit
3269 1340 3282 1379 :
3305 1339 3461 1395 pras-

1798 1420 2123 1492 stigiasque
2144 1420 2274 1489 ejus
2298 1425 2355 1474 et
2378 1433 2600 1474 arcana
2624 1415 2953 1490 proferens,
2981 1416 3042 1470 in
3064 1411 3453 1483 Evangelium

1797 1508 2002 1577 viginti
2023 1515 2079 1563 et
2098 1516 2356 1581 quatuor
2379 1507 2560 1563 libros
2580 1522 2720 1562 eum
2740 1503 3154 1576 composuisse
3175 1502 3257 1558 ait
3283 1503 3456 1558 :Bar-

1797 1597 2178 1670 cabbamque
2209 1603 2264 1653 et
2302 1597 2573 1667 Barcoph
2612 1595 2957 1668 prophetas,
2998 1592 3102 1665 qui
3141 1591 3204 1647 in
3251 1605 3455 1650 rerum

1798 1693 2014 1741 natura
2034 1702 2349 1759 nunquam
2365 1686 2599 1751 fuerint,
2615 1684 2692 1740 ad
2713 1683 3107 1740 barbarorum
3129 1680 3449 1738 hominum

82 1771 341 1836 τάπληξιν
407 1779 507 1822 τῶν
563 1769 840 1848 βαρϐάρων
897 1774 1062 1846 ἑαυτῷ
1114 1778 1325 1848 ὑφιστᾴ.
1397 1781 1679 1852 Πυθαγορι-

1800 1781 2080 1831 terrorem
2110 1776 2220 1830 sibi
2245 1775 2641 1841 constituisse,
2663 1771 3125 1846 Pythagoricum
3148 1768 3451 1826 silentium

81 1864 176 1919 κὴν
234 1857 297 1914 δε
350 1860 613 1932 εἰσηγεῖτο
657 1869 746 1914 καὶ
798 1863 948 1926 οὗτος
1010 1869 1232 1931 σιωπὴν,
1290 1863 1594 1942 ἀδιαφορείν
1633 1886 1688 1921 τε

84 1946 343 2004 έδίδασκε
370 1971 382 1983 ·
436 1955 526 2003 καί
562 1971 623 2023 γε
669 1960 853 2027 καιροῦ
893 1953 1190 2019 καλοῦντος,
1237 1955 1686 2030 ἀπαραφυλάκτως

86 2043 177 2097 τὴν
226 2045 414 2092 πίστιν
462 2038 798 2112 ἐξόμνυσθαι,
848 2049 936 2096 καί
986 2052 1084 2096 τῶν
1128 2043 1177 2096 έν
1225 2042 1503 2106 εἰδωλείοις
1538 2048 1686 2099 τεθυ-

89 2131 244 2199 μένων
289 2126 665 2200 ἀπογεύεσθαι.
711 2136 812 2184 Καὶ
869 2137 987 2206 περὶ
1040 2130 1351 2188 Βασιλείδον
1407 2131 1466 2188 δε
1523 2154 1688 2208 παρα-

87 2215 287 2275 πλήσια
337 2219 362 2269 ό
417 2218 695 2292 Εἰρηναῖος
750 2220 923 2289 εἰπὼν,
978 2225 1037 2275 τό
1093 2231 1189 2286 τῆς
1245 2222 1436 2276 ἐκείνου
1489 2224 1687 2286 πλάνης

92 2304 315 2380 αἰσχρόν
365 2305 582 2378 εὐγενῶς
619 2315 971 2382 κατεφώρασε.
1020 2313 1315 2386 Σύγχρονον
1368 2309 1427 2365 δε
1483 2319 1684 2375 τοῦτοις

91 2400 178 2447 καὶ
237 2399 615 2469 Καρποκράτην
683 2399 852 2471 ἕτερον
926 2401 1120 2474 ἱστορεί
1166 2403 1426 2471 γενέσθαι,
1481 2401 1532 2462 ὃς
1583 2411 1683 2454 τῶν

96 2488 388 2536 Γνωστικῶν
455 2485 738 2558 λεγομένων
800 2486 1042 2560 ἀρχηγός
1117 2488 1336 2560 ἀνεφάνη
1373 2507 1386 2520 ·
1456 2496 1546 2543 καὶ
1611 2491 1683 2552 εἰς

98 2569 349 2644 προῦπτον
393 2578 457 2626 τὰ
504 2583 600 2638 τῆς
645 2581 865 2647 μαγείας
921 2578 1071 2640 ἠξίου
1120 2575 1476 2652 παραδιδόναι
1510 2597 1522 2609 ·
1576 2580 1682 2652 οὐχ

106 2663 172 2720 ὡς
222 2662 247 2712 ὁ
302 2667 468 2737 πατὴρ
523 2663 686 2716 αὑτοῦ
743 2671 910 2738 Σίμων
983 2664 1219 2739 κρύϐδην
1269 2672 1359 2720 καὶ
1434 2665 1676 2742 δολερῶς.

109 2747 423 2820 Ἐσεμνύνετο
468 2749 513 2804 δ’
569 2750 658 2806 οὖν
705 2762 812 2817 τοῖς
872 2759 1007 2808 κατὰ
1061 2761 1352 2829 περιεργίαν
1405 2757 1492 2809 ὑπ’
1537 2759 1679 2829 αὐτῷ

112 2835 411 2910 τελουμένοις
462 2842 708 2916 φίλτροις,
768 2843 1162 2918 όνειροπομποίς
1218 2865 1328 2899 τισι
1377 2852 1466 2899 καὶ
1524 2851 1680 2919 παρέ-

111 2922 244 3000 δροις
272 2924 535 3001 δαίμοσιν.
587 2933 874 3004 -Εἰσηγείτό
930 2953 982 2988 τε
1039 2943 1238 3010 χρῆναι
1281 2931 1413 3009 δρᾴν
1469 2936 1678 2990 ἅπασαν

100 3015 472 3090 αἰσχρουργίαν
529 3024 646 3082 τοὺς
711 3022 783 3083 εἰς
835 3025 893 3076 τὸ
958 3023 1143 3077 τέλειον
1182 3034 1276 3086 τῆς
1321 3027 1445 3098 παρ’
1502 3027 1680 3089 αὐτοῖς

1795 1865 1857 1921 in
1895 1864 2136 1930 luxisse,
2165 1871 2224 1921 et
2263 1881 2358 1920 res
2396 1864 2560 1920 nullo
2591 1864 2651 1919 in
2691 1860 3036 1918 discrimine
3089 1874 3314 1932 ponere
3343 1857 3451 1914 do-

1796 1953 1989 2009 cuisse
2022 1970 2036 2010 :
2079 1954 2324 2026 perinde
2362 1959 2541 2025 atque
2579 1957 2848 2022 tempore
2882 1950 3175 2020 exigente,
3219 1946 3451 2020 absque

1795 2044 2142 2114 exceptione
2181 2043 2349 2099 omni
2397 2042 2642 2115 praecise
2681 2039 2863 2096 ﬁdem
2907 2037 3209 2111 abjurare,
3250 2041 3308 2094 et
3345 2051 3456 2107 gu-

1798 2139 1954 2187 stare
1983 2148 2119 2204 quaa
2159 2132 2334 2188 idolis
2363 2133 2478 2188 sint
2509 2135 2786 2200 mactata,
2809 2128 3028 2185 liceret.
3060 2131 3250 2199 Atque
3279 2124 3452 2199 equi-

1795 2222 1935 2278 dem
1981 2221 2056 2278 de
2112 2221 2359 2278 Basilide
2390 2221 2646 2276 [renatus
2690 2217 2907 2274 similia
2934 2231 3209 2282 narrans,
3245 2213 3451 2289 284-

1795 2311 2146 2382 pudendum
2162 2326 2422 2366 errorem
2445 2311 2574 2378 ejus
2597 2307 2842 2380 pulchre
2863 2307 2924 2362 in
2937 2310 3212 2377 apertum
3231 2306 3453 2376 produ-

1792 2401 1896 2456 xit.
1929 2400 2108 2470 Cujus
2136 2399 2294 2454 idem
2320 2398 2502 2455 fuisse
2517 2413 2784 2454 coasvum
2811 2395 3447 2466 retertCarpocratem,

1792 2505 2000 2544 eorum
2042 2489 2146 2561 qui
2188 2487 2446 2544 Gnostici
2496 2487 2572 2558 (t)
2610 2485 3010 2559 appellantur,
3049 2488 3356 2539 auctorem
3393 2487 3451 2540 et

1789 2578 2004 2646 ducem
2025 2594 2036 2631 :
2055 2593 2236 2650 quem
2252 2593 2370 2632 non
2387 2575 2504 2650 pud
2517 2573 2923 2647 uitpropalam
2937 2579 3126 2629 artem
3141 2571 3442 2642 magicam

1789 2683 2082 2729 exercere,
2106 2682 2294 2738 quam
2325 2675 2491 2738 pater
2521 2665 2650 2736 ejus
2682 2665 2888 2720 Simon
2923 2661 3080 2718 clam
3103 2665 3161 2717 et
3190 2659 3444 2717 subdole

1789 2756 2097 2829 professus
2141 2755 2352 2812 fuerat.
2395 2754 2652 2811 Gloriam
2696 2753 2746 2808 is
2780 2750 3198 2822 aucupabatur
3243 2749 3342 2822 (2),
3387 2753 3446 2808 et

1789 2861 1918 2900 sese
1948 2844 2229 2901 efferebat
2256 2845 2480 2899 artibus
2508 2843 2777 2907 curiosis,
2809 2856 2916 2913 per
2936 2856 3008 2897 ea
3034 2838 3251 2912 philtra
3275 2853 3446 2895 ama-

1789 2935 1941 2990 toria
1959 2951 2094 3007 quae
2120 2934 2471 2989 conﬁciebat
2488 2948 2591 3004 per
2603 2931 2912 2987 daemones
2925 2929 3028 3002 qui
3065 2928 3440 2985 somniorum

1789 3024 2047 3079 visiones
2067 3023 2483 3087 immittebant,
2511 3027 2568 3077 et
2580 3021 2692 3076 illis
2709 3033 3043 3077 assessores
3055 3017 3442 3074 exsistebant.

94 3111 453 3179 μυσταγωγίας
511 3107 847 3183 βουλομένους
891 3109 1207 3187 ἀναδραμεῖν
1241 3134 1254 3148 ·
1313 3117 1386 3176 ὡς
1440 3120 1511 3187 μὴ
1567 3115 1678 3180 ἰξόν

1793 3113 2048 3169 Docebat
2073 3129 2337 3185 quoque,
2369 3126 2612 3167 omnem
2653 3125 2756 3165 eos
2788 3114 3060 3180 oportere
3100 3112 3439 3180 perpetrare

95 3191 210 3246 εἶναι
257 3200 381 3258 τοὺς
438 3201 560 3272 παρ’
617 3200 797 3262 αὐτοῖς
855 3201 1202 3274 καλουμένους
1245 3205 1514 3278 ἄρχοντας
1560 3201 1675 3259 δια-

94 3279 287 3356 δρᾶναι,
328 3287 374 3340 εἰ
427 3293 499 3359 μή
534 3295 667 3342 πᾶσι
715 3293 781 3342 τὰ
821 3286 895 3343 δι’
932 3290 1306 3366 ἁρῥητοποιίας
1353 3293 1676 3367 ἀπονείμοιεν

89 3392 232 3445 χρεα.

707 3669 950 3720 ΚΕΦΔΛ.
985 3665 1062 3723 I".

84 3768 228 3839 Περὶ
285 3765 746 3836 Οὐαλεντίνου,
803 3768 1146 3846 Κέρδωνος,
1189 3778 1568 3847 Μαρκίωνός
1613 3795 1676 3830 τε

417 3847 529 3902 τοῦ
565 3847 886 3896 Ποντικοῦ
925 3849 1035 3897 καὶ
1075 3847 1355 3920 Μάρκου.

146 3941 305 3996 Οὗτοι
355 3945 451 4016 μὲν
503 3945 591 3997 οὖν
633 3948 719 4000 ἰπὶ
772 3956 868 4010 τῆς
925 3947 1206 4024 Ἀδριανοῦ
1257 3948 1528 4024 βασιλείας
1584 3950 1674 4004 ἁκ-

77 4031 239 4098 μάσαι
316 4032 604 4104 λέγονται⁶
668 4034 752 4089 ἐπὶ
818 4033 877 4091 δε
935 4045 1025 4091 τοῦ
1083 4039 1342 4102 Εὐσεϐοῦς
1406 4041 1674 4104 κληθέντος

77 4115 404 4187 Ἀντωνίνου,
503 4122 704 4194 ’Υγίνου
802 4133 892 4186 τῆς
989 4126 1252 4198 Ῥωμαίων
1360 4129 1675 4193 Ἐκκλησίας

75 4206 389 4295 ἡγουμένου,
441 4211 467 4261 ὁ
524 4211 677 4275 αὐτὸς
724 4212 998 4285 Εἰρηναῖος
1044 4215 1376 4270 Οὑαλεντῖνον
1417 4223 1506 4272 καὶ
1551 4224 1673 4295 Κέρ-

79 4291 213 4350 δωνα
263 4295 409 4361 ἰδίας
461 4301 701 4369 αἱρέσεως
756 4303 1013 4374 κατάρξαι
1057 4310 1215 4376 φησίν
1244 4323 1256 4336 ·
1311 4308 1401 4370 οὖς
1443 4313 1531 4360 καὶ
1573 4291 1670 4381 ἁρ-

76 4390 278 4456 χηγοὺς
327 4397 428 4451 τῆς
471 4395 774 4464 Μαρκίωνος
819 4391 1012 4454 πλάνης
1057 4396 1319 4466 γενέσθαι.
1381 4396 1496 4451 Ἐπὶ
1553 4397 1671 4451 Ῥώ-

1791 3202 2240 3273 turpitudinem,
2272 3202 2371 3272 qui
2398 3201 2474 3257 ad
2505 3198 2929 3272 perfectionem
2956 3212 3314 3254 arcanorum
3338 3211 3440 3253 sa-

1787 3306 2024 3346 crorum
2079 3306 2326 3346 suorum
2375 3289 2683 3362 pervenire
2739 3285 2955 3342 vellent
3002 3301 3017 3342 :
3072 3300 3270 3358 neque
3310 3283 3439 3341 ﬁeri

1785 3396 1984 3452 posse,
2011 3384 2074 3435 ut
2101 3379 2410 3451 quispiam
2444 3393 2547 3433 eos
2579 3375 2880 3448 effugeret,
2909 3374 3013 3448 qui
3043 3373 3254 3429 mundi
3280 3372 3440 3445 prin-

1787 3469 1952 3541 cipes
1979 3469 2140 3541 apud
2169 3483 2272 3523 eos
2300 3467 2764 3539 appellarentur,
2791 3464 2905 3521 nisi
2920 3461 3184 3520 infandis
3206 3461 3438 3520 {cadita-

1789 3556 1944 3613 tibus
1976 3556 2259 3613 omnibus
2285 3554 2691 3612 satisfecisset.

2423 3678 2648 3735 CAPUT
2686 3679 2780 3737 III.

1854 3781 1941 3837 De
1981 3777 2312 3844 Valentino,
2359 3777 2640 3904 Cerdﬂolnc,
2682 3774 2988 3833 Marciane
3023 3773 3267 3832 Pontico
3305 3779 3362 3832 et

2561 3863 2722 3904 arca.

2561 3863 2722 3904 arca.

1853 3951 2043 4022 Atque
2080 3949 2119 4005 ii
2155 3947 2402 4020 quidem
2447 3946 2560 4003 sub
2597 3944 2840 4002 Adriani
2870 3944 3124 4017 imperio
3154 3943 3437 4001 exstitisse

1782 4040 2064 4097 dicuntur
2097 4058 2108 4097 :
2143 4039 2254 4092 sub
2287 4036 2582 4092 Antonino
2624 4039 2847 4105 autem,
2879 4034 2985 4106 qui
3024 4034 3160 4090 Pius
3206 4040 3293 4090 est
3332 4049 3436 4106 ap-

1781 4129 2054 4201 pellatus,
2071 4126 2343 4183 Ecclesiae
2357 4127 2637 4182 Romanae
2652 4125 2881 4197 Hygino
2895 4123 3438 4196 prasidenteddem

1784 4219 2040 4274 [remeas
2092 4215 2459 4271 Valentinum
2510 4215 2590 4286 (3)
2639 4219 2694 4269 et
2743 4212 3069 4268 Cerdonem
3116 4211 3436 4269 hmresium

1781 4323 2026 4362 suarum
2057 4312 2329 4362 auctores
2352 4303 2533 4360 fuisse
2560 4303 2800 4359 scribit:
2829 4303 2931 4375 qui
2959 4300 3265 4358 Marcionis
3289 4316 3437 4374 quo-

1781 4412 1898 4470 que
1941 4396 2156 4452 erroris
2195 4394 2381 4448 duces
2434 4391 2776 4462 exstiterint,
2828 4395 2884 4447 et
2931 4393 3132 4448 Romae
3187 4398 3433 4464 uterque

79 4493 176 4542 μης
227 4472 288 4528 δι
338 4481 433 4530 καὶ
495 4479 648 4550 ἄμφω
705 4482 763 4530 τό
823 4488 920 4542 τῆς
973 4479 1170 4543 πλάνης
1225 4484 1456 4556 θεομισὴς
1515 4481 1672 4539 διδα-

1793 4484 2048 4541 scholam
2073 4489 2129 4539 et
2149 4482 2538 4555 gymnasium
2563 4481 2736 4536 iuvisi
2758 4479 2874 4536 Deo
2901 4479 3201 4550 dogmatis
3218 4479 3436 4535 consti-

82 4563 310 4617 σκαλεῖον
375 4570 721 4624 συνέστησαν.
784 4571 974 4640 Γράφει
1027 4573 1129 4642 γὰρ
1184 4573 1382 4633 οὕτως·
1447 4596 1466 4622 ε
1532 4575 1670 4627 Οὐα-

77 4647 292 4715 λεντίνος
354 4657 450 4726 μὶν
514 4657 615 4728 γὰρ
680 4653 827 4714 ἦλθεν
897 4658 968 4719 εἰς
1023 4657 1222 4730 Ῥώμην
1285 4659 1369 4712 ἐπὶ
1425 4660 1668 4733 ’Υγίνου.

79 4741 278 4811 ἤκμαζε
337 4739 397 4796 δὲ
446 4741 528 4796 ἐπὶ
589 4749 716 4796 Πίου
751 4760 763 4774 ·
831 4752 919 4798 καὶ
978 4750 1274 4822 παρέμεινεν
1313 4751 1407 4811 ἕως
1465 4752 1674 4810 Ἀνική-

81 4845 182 4880 του.
262 4827 480 4906 Κέρδων
542 4829 600 4885 δε
677 4837 776 4908 πρὸ
856 4840 1157 4911 Μαρκίωνος
1216 4842 1305 4890 καὶ
1370 4842 1526 4901 αὐτὸς
1590 4840 1673 4894 ἰπὶ

144 5024 222 5097 (l)
255 5027 333 5081 De
349 5027 932 5103 Gu‘osticislrenmus,
955 5029 1110 5102 lib.i,
1138 5046 1270 5103 cap.
1289 5034 1675 5092 24Adversus

79 5093 344 5179 (agrestes.
381 5097 486 5179 Alii
511 5115 583 5154 ex
615 5093 1025 5179 ipsissignant
1061 5093 1503 5179 gjcauleriantes
1533 5123 1674 5179 suos

76 5164 404 5250 discipulos
423 5170 480 5250 in
497 5164 905 5250 superioribus
923 5173 1191 5250 partibus
1206 5179 1513 5232 exstantiae
1536 5177 1676 5234 dex-

76 5240 178 5313 tra}
203 5241 397 5313 auris,
429 5247 536 5313 etc.
565 5243 876 5298 Gnosticos
897 5240 959 5299 se
986 5249 1187 5299 autem
1220 5254 1457 5313 vocant,
1491 5255 1597 5304 etc.

108 5377 119 5387 .
145 5308 412 5391 (2)_ldem
446 5312 836 5391 Carpocrates
865 5330 1048 5391 unam
1075 5317 1223 5391 dixit
1252 5308 1474 5391 essein
1502 5335 1675 5391 supe-

75 5381 634 5464 rioribusnvirtute—m
653 5384 1142 5464 principalem,“
1160 5387 1273 5444 hac
1289 5388 1554 5464 prolatos
1573 5381 1676 5464 an-

77 5405 336 5435 l‘tUt‘qus
363 5405 634 5440 Vtrtlllem
653 5405 1142 5456 principalem.ex
1160 5405 1273 5444 118.0
1329 5405 1554 5446 I‘OlalOS
1573 5407 1673 5446 an-

77 5449 285 5540 ξῗέίῗὲἐ
319 5452 614 5540 (ἓιὲνίῆιυω
653 5471 872 5540 οοη..θι
912 5457 1174 5540 Virgins»
1208 5405 1324 5540 895.)
1343 5461 1673 5540 uesaniae

75 5519 295 5605 Joseph
322 5523 632 5605 hominem
648 5527 940 5605 genitum,
965 5519 1194 5605 virtute
1217 5536 1271 5586 et
1294 5531 1672 5605 justitiaaliis

78 5597 555 5668 praestantiorem
586 5614 599 5654 :
627 5599 897 5658 etsolam
926 5600 1056 5674 ejus
1075 5597 1342 5663 animam
1362 5603 1423 5659 in
1453 5604 1672 5665 casiam

1781 4573 2014 4630 tuerint.
2033 4573 2453 4630 Scribitautem
2469 4571 2545 4626 ad
2560 4571 2717 4626 hunc
2744 4569 2990 4624 modum
3011 4589 3022 4626 :
3042 4567 3432 4624 «Valentinus

1781 4663 1940 4719 enim
1973 4662 2130 4717 venit
2151 4663 2401 4716 Romam
2425 4659 2537 4714 sub
2557 4659 2820 4731 Hygino:
2857 4657 3038 4728 viguit
3059 4666 3258 4714 autem
3283 4662 3429 4713 tem-

1781 4750 2028 4822 poribus
2056 4749 2156 4815 Pii,
2183 4749 2513 4820 duravique
2543 4763 2731 4820 usque
2752 4747 2830 4803 ad
2852 4746 3180 4802 Anicetum.
3200 4745 3432 4802 Cerdon

1783 4856 1944 4904 vero,
1972 4839 2075 4912 qui
2101 4845 2235 4895 ante
2265 4838 2619 4894 Marcionem
2643 4837 2770 4901 fuit,
2798 4840 2853 4892 et
2882 4835 3011 4908 ipse
3040 4834 3148 4891 sub
3175 4835 3429 4907 Hygino,

1783 5039 2106 5107 receptam.
2141 5033 2596 5107 (Tertullianus.)

1856 5103 1934 5179 (3S
1963 5106 2331 5179 Valen_tinus,
2369 5121 2556 5179 usque
2580 5103 2675 5159 ad
2707 5104 3432 5179 triginta_m_onum__fe_tus

1785 5175 2073 5248 tanquam
2102 5176 2326 5232 onniaa
2353 5175 2561 5232 scrofae
2577 5192 2824 5232 examen
2844 5175 3169 5230 divinitatis
3191 5175 3426 5248 eﬁudit:

1783 5256 1839 5304 et
1880 5247 2178 5305 Christum
2213 5248 2651 5320 inisubstantia
2689 5248 2958 5320 corporis
3011 5248 3197 5320 nostri
3244 5247 3432 5320 fuisse

1783 5321 2040 5390 negavit.
2093 5319 2373 5390 (Tertull.)
2428 5320 2656 5375 Cerdon
2713 5318 2835 5375 duo
2874 5319 3198 5390 introduxit
3239 5318 3428 5386 initia,

1782 5391 1839 5447 id
1873 5389 1978 5456 est,
2011 5389 2165 5446 duOs
2195 5390 2380 5446 deos:
2416 5406 2606 5446 unum
2635 5390 2889 5456 bonum,
2929 5394 2985 5446 et
3013 5389 3270 5446 alterum
3313 5407 3428 5446 sm-

1782 5479 1944 5531 vum,
1977 5461 2391 5518 etc.Christum
2430 5462 2571 5517 item
2603 5477 2810 5517 verum
2837 5461 3167 5528 hominem,
3199 5467 3255 5520 et
3293 5477 3428 5518 vere

1782 5549 2030 5606 passum
2061 5548 2191 5592 esse
2217 5533 2474 5608 negavit.
2509 5532 2758 5608 (ldem.)
