4032 6282
609 316 731 375 983

1924 314 2319 375 NICEPHORI
2358 316 2687 376 CALLISTI
3838 321 3915 377 est
3980 296 3981 311 ³

612 444 715 519 qui
741 444 802 503 in
831 445 979 502 urbe
1005 446 1195 503 Roma
1217 460 1416 504 nonus
1441 453 1565 505 erat
1593 446 1932 520 episcOpus,
1964 446 2027 502 in
2060 445 2245 502 Eccle-

2360 446 2561 518 Ύγίνου
2599 462 2620 479 ο
2667 448 2719 510 ὃς
2770 443 2835 507 ἧν
2885 449 3059 510 ἔνατος
3130 446 3430 511 ἕπίσκοπος,
3484 446 3558 509 εἰς
3602 450 3698 505 τὴν
3748 447 3916 506 Ἐκκλη-

612 535 763 591 siam
795 536 974 601 venit,
1008 539 1064 592 et
1092 537 1375 608 pietatem
1418 536 1705 610 proﬁtens
1744 553 1814 593 ac
1843 536 2255 609 paenitentiam

611 640 817 695 agens,
850 626 928 681 ita
944 625 1025 681 ibi
1052 626 1292 695 mansit,
1317 632 1381 683 ut
1398 626 1724 701 aliquando
1744 627 1971 683 occulte
1991 625 2249 694 doceret,

611 715 937 788 aliquando
966 720 1167 772 autem
1196 732 1408 772 rursus
1441 733 1505 774 se
1531 717 1817 790 pmnitere
1834 715 2249 773 conﬁteretur:

610 818 1050 877 nonnunquam
1080 805 1260 861 etiam
1291 812 1713 877 coargueretur
1729 806 1803 861 de
1832 805 1924 861 his
1955 820 2090 877 quae
2116 818 2253 876 per-

609 908 812 964 peram
842 893 1100 960 doceret,
1134 900 1313 967 atque
1328 896 1505 951 etiam
1525 895 1826 952 afratrum
1856 900 2012 951 coetu
2053 893 2257 950 exclu-

609 981 871 1040 deretur.
908 1005 936 1036 »
961 982 1098 1040 Haec
1124 984 1185 1039 in
1208 987 1377 1041 tertio
1402 985 1692 1042 adversus
1705 985 1960 1040 hmreses
1986 982 2159 1039 libro.
2188 985 2253 1038 In

606 1071 797 1143 primo
829 1077 1027 1128 autem
1042 1073 1115 1129 de
1142 1073 1404 1130 Cerdone
1435 1074 1610 1129 etiam
1634 1075 1717 1130 ita
1734 1072 1909 1129 refert
1936 1090 1948 1127 :
1977 1093 2005 1125 α
2028 1072 2254 1128 Cerdon

604 1176 744 1216 vero
763 1161 1032 1233 quidam,
1048 1163 1483 1220 asectatoribus
1506 1164 1764 1220 Simonis
1788 1162 2107 1235 impietatis
2130 1177 2252 1218 sua:

605 1250 1024 1307 occasionibus
1063 1254 1336 1325 sumptis,
1371 1256 1622 1309 Romam
1665 1253 1823 1309 venit
1852 1252 1965 1308 sub
1997 1252 2251 1323 Hygino,

605 1354 837 1396 nonum
875 1338 1078 1396 locum
1126 1341 1483 1412 episcopalis
1519 1342 1695 1413 285
1738 1340 2131 1396 successionis
2171 1340 2250 1396 ab

604 1427 892 1499 apostolis
916 1430 1121 1485 sortito
1153 1446 1167 1484 :
1200 1430 1402 1502 ibique
1433 1431 1654 1499 docuit,
1676 1446 1816 1485 eum
1842 1429 1945 1502 qui
1978 1445 2015 1485 a
2036 1429 2166 1498 lege
2196 1433 2254 1485 et

605 1517 912 1590 prophetis
940 1518 1302 1588 praedicatus
1331 1524 1421 1575 est
1448 1522 1656 1586 Deum,
1687 1535 1808 1575 non
1848 1534 1983 1575 esse
2022 1526 2250 1589 patrem

607 1607 843 1663 Domini
881 1608 1066 1663 nostri
1094 1608 1266 1664 Jesus
1296 1608 1505 1665 Christi
1546 1626 1559 1661 :
1601 1611 1762 1664 hunc
1799 1610 2023 1680 quippe
2063 1608 2249 1673 nosci,

605 1694 772 1750 illum
802 1710 931 1751 esse
971 1696 1282 1765 ignotum:
1315 1702 1369 1752 et
1395 1696 1645 1752 alterum
1697 1696 1945 1769 quidem
1998 1696 2249 1768 justum,

610 1785 860 1839 alterum
876 1788 1075 1839 autem
1090 1784 1321 1841 bonum
1335 1801 1462 1841 esse
1476 1786 1635 1841 ».Cui
1658 1786 1873 1841 Marcio
1896 1786 2245 1851 succedens,

2361 1782 2517 1835 αὑτὸν
2564 1790 2811 1857 Μαρκίων
2857 1789 2884 1839 ὁ
2935 1789 3203 1853 Ποντικὸς,
3261 1787 3460 1849 ηὔξησε
3496 1790 3554 1839 τὸ
3620 1784 3917 1840 διδασκάλια

610 1871 945 1929 doctrinam
967 1890 1101 1930 eam
1120 1874 1278 1930 adau
1296 1874 1398 1940 xit,
1414 1877 1540 1930 sine
1562 1874 1790 1947 pudore
1806 1880 1862 1931 et
1892 1875 2253 1932 verecundia

609 1962 776 2018 omni
817 1961 1264 2035 blasphemans.
1314 1964 1610 2020 Valentini
1655 1970 1855 2020 autem
1886 1965 2251 2021 immensum

609 2049 981 2123 profundum
1020 2052 1280 2108 lrenmus
1321 2052 1491 2110 facile
1536 2069 1841 2119 emensus,
1882 2054 2107 2110 intimis
2145 2053 2251 2110 ob.

609 2156 800 2196 acures
846 2146 901 2197 et
942 2157 1207 2198 erronem
1249 2142 1577 2215 populique
1619 2143 1962 2200 seductricis
1992 2144 2250 2200 materiae

609 2229 905 2301 speluncis
946 2229 1331 2287 incubantem
1378 2232 1849 2303 imposturarum
1889 2238 2248 2305 serpentem,

606 2318 713 2374 ubi
739 2317 972 2376 dudum
997 2320 1308 2376 abstrusus
1332 2321 1605 2389 latuerat,
1620 2322 1920 2391 exstraxit,
1948 2322 2250 2379 etnudum

607 2409 667 2463 in
699 2410 969 2480 apricum
1000 2411 1277 2484 produxit
1302 2411 1525 2468 locum.
1550 2414 1677 2478 Quo
1704 2416 1972 2483 tempore
1988 2414 2249 2468 Marcum

607 2498 787 2553 etiam
817 2497 998 2554 fuisse
1029 2500 1190 2565 dicit,
1233 2501 1492 2573 nequtiaa
1523 2501 1771 2572 magicae
1786 2501 2242 2573 peritissimum.

609 2587 877 2651 Quorum
906 2587 1256 2644 detestanda
1286 2606 1458 2646 sacra
1480 2589 1699 2647 talibus
1724 2590 1984 2647 ostendit
2008 2591 2202 2647 verbis
2230 2606 2251 2647 :

611 2693 637 2725 ε
666 2674 891 2731 Etenim
910 2677 1158 2747 quidam
1173 2694 1380 2735 eorum
1400 2678 1729 2736 thalamum
1752 2680 2080 2752 nuptialem
2105 2696 2250 2737 con-

607 2768 862 2831 struunt,
896 2770 950 2822 et
980 2782 1270 2823 arcanum
1302 2769 1613 2842 quoddam
1636 2770 1907 2827 initiandi
1940 2785 2128 2840 genus
2158 2786 2250 2827 ce-

606 2850 860 2923 lebrant,
893 2855 1140 2926 adjectis
1172 2856 1475 2912 nonnullis
1506 2874 1686 2929 super
1720 2860 1803 2915 eis
1838 2860 2247 2932 quiinitiantur

608 2941 759 2997 votis
784 2949 841 2999 et
861 2945 1309 3015 precationibus
1338 2962 1352 3001 :
1385 2952 1441 3001 et
1466 2946 2248 3022 spiritualesnuptias,quas

608 3028 857 3092 faciunt,
882 3048 1014 3087 esse
1039 3033 1243 3088 dicunt
1273 3034 1351 3088 ad
1378 3034 1829 3091 similitudinem
1849 3053 2247 3108 supernorum

606 3121 1045 3190 conjugiorum.
1076 3122 1185 3177 Alii
1216 3123 1295 3179 ad
1315 3139 1539 3195 aquam
1566 3141 1670 3180 eos
1697 3125 1943 3190 ducunt,
1972 3132 2028 3182 et
2051 3126 2245 3199 bapti-

2357 3128 2516 3197 ὄνομα
2597 3128 2865 3197 ἀγνώστου
2931 3129 3128 3199 πατρὸς
3193 3133 3291 3177 τῶν
3344 3125 3473 3177 ὅλων
3509 3142 3526 3155 ·

601 3215 803 3266 zantes
827 3209 957 3266 haec
979 3212 1163 3266 verba
1188 3211 1420 3267 addunt
1447 3230 1460 3268 :
1492 3215 1552 3268 In
1584 3213 1827 3269 nomine
1848 3214 2035 3284 ignoti
2060 3215 2247 3287 patris

602 3300 897 3367 omnium,
928 3298 989 3354 in
1028 3299 1272 3356 veritate
1304 3308 1491 3356 matre
1521 3302 1815 3367 omnium,
1856 3309 1912 3358 et
1945 3304 2006 3358 in
2044 3320 2115 3361 eo
2144 3305 2247 3377 qui

599 3384 910 3445 descendit
939 3388 1000 3444 in
1026 3388 1248 3445 Jesum.
1271 3389 1419 3445 Sunt
1446 3391 1626 3447 etiam
1647 3392 1750 3465 qui
1776 3392 2062 3450 Hebraica
2086 3394 2247 3449 insue

598 3492 707 3550 per
736 3476 993 3534 aﬁ‘erunt
1020 3479 1289 3545 nomina,
1318 3479 1394 3536 ad
1423 3495 1631 3537 eorum
1662 3482 1764 3555 qui
1801 3481 2108 3540 initiantur
2138 3488 2247 3541 ter-

598 3582 819 3632 rorem,
849 3570 905 3623 et
929 3568 1475 3625 consternationem
1503 3570 1815 3641 majorem.
1847 3593 1876 3622 ιο

1241 3677 1464 3733 CAPUT
1508 3676 1597 3733 IV.

632 3784 720 3841 De
737 3783 981 3841 Tatiano
1001 3788 1056 3842 et
1075 3783 1305 3851 Severo,
1323 3790 1378 3843 et
1407 3784 1480 3842 de
1500 3783 1709 3844 heresi
1729 3787 2205 3846 Encratitarum.

668 3980 803 4034 Post
856 3978 1155 4036 Saturnini
1187 3984 1245 4036 et
1282 3980 1593 4038 Marcionis
1630 3983 2063 4040 Encratitarum
2117 3983 2245 4041 hae-

596 4067 776 4123 resim
818 4067 1141 4123 conﬂatam
1191 4083 1323 4124 esse
1375 4069 1619 4126 tradunt
1674 4087 1687 4125 :
1756 4072 1928 4143 cujus
1967 4074 2245 4146 princeps

597 4153 780 4211 fuisse
832 4156 1015 4212 fertur
1060 4157 1342 4213 Tatianus
1388 4159 1488 4230 (t).
1542 4160 1645 4231 qui
1674 4160 2007 4231 discipulus
2034 4161 2243 4218 Justini

594 4246 875 4317 martyris
888 4245 1069 4302 fuisse
1090 4246 1446 4314 perhibetur.
1468 4248 1582 4305 Sed
1604 4250 1894 4322 tantisper
1928 4250 2073 4307 dum
2103 4267 2238 4307 cum

594 4334 695 4391 illo
724 4339 870 4404 erat,
903 4335 1047 4391 nihil
1104 4351 1305 4392 rerum
1364 4336 1713 4408 hujusmodi
1766 4340 2031 4412 protulit.
2079 4341 2243 4397 Post—

594 4439 779 4497 quam
819 4439 962 4480 vero
1026 4423 1121 4480 ille
1162 4426 1451 4497 martyrio
1502 4435 1589 4482 est
1635 4427 1972 4498 defunctus,
2007 4434 2241 4486 tumore

591 4513 925 4587 disciplina
964 4513 1225 4581 inﬂatus,
1262 4519 1554 4588 tanquam
1602 4517 1735 4573 aliis
1777 4518 2023 4575 scientia
2058 4534 2238 4591 supe-
2274 4499 2317 4554 D

591 4604 731 4670 rior,
778 4603 1140 4675 peculiarem
1185 4605 1361 4677 coepit
1409 4606 1793 4677 promulgare
1834 4607 2169 4664 doctrinam
2219 4628 2236 4666 :

594 4692 804 4750 itidem
842 4698 907 4749 ut
953 4693 1317 4761 Valentinus,
1360 4695 1579 4751 saecula
1618 4696 1938 4753 invisibilia
1966 4697 2239 4754 introdu-

592 4797 733 4845 cens
765 4799 779 4838 :
810 4786 866 4838 et
902 4782 1113 4838 eadem
1141 4798 1273 4855 qua
1329 4782 1684 4839 Saturninus
1731 4790 1789 4841 et
1846 4786 2098 4842 Marcion
2162 4786 2237 4842 de

584 4872 830 4943 nuptiis,
890 4871 1290 4944 corruptione,
1354 4878 1413 4929 et
1474 4872 1887 4941 fornicatione,
1949 4876 2237 4945 nugando

582 4960 859 5016 eft‘utiens
892 4976 907 5015 ε
935 4977 1005 5016 ac
1031 4967 1318 5031 praeterea
1336 4960 1551 5018 Adami
1576 4962 1747 5019 saluti
1766 4980 1836 5018 ex
1862 4980 1923 5019 se
1940 4980 2238 5036 repugna-

581 5051 686 5107 vit.
714 5051 895 5121 Cujus
916 5066 1223 5107 successor
1244 5052 1517 5120 Severus,
1546 5052 1821 5108 haeresim
1853 5052 2010 5109 illius
2045 5054 2236 5125 magis

584 5140 763 5197 etiam
801 5140 977 5212 286
1000 5139 1332 5209 adaugens,
1352 5156 1599 5198 causam
1626 5143 1895 5215 arripuit,
1927 5159 2033 5198 cur
2053 5149 2237 5199 secta-

588 5230 819 5285 toribus
858 5229 1013 5285 illius
1043 5229 1118 5286 ad
1161 5246 1224 5285 se
1263 5231 1592 5302 pertractis,
1628 5247 1666 5287 a
1696 5249 1808 5288 suo
1836 5232 1964 5305 ipse
1993 5233 2237 5289 nomine

582 5318 935 5375 Severianos
958 5334 1060 5375 eos
1081 5324 1338 5376 vocaret.
1365 5321 1575 5390 Legem
1599 5321 1864 5393 quidem,
1886 5323 2232 5393 prophetas,

579 5412 634 5461 et
660 5407 791 5479 ipsa
846 5408 1162 5479 Evangelia
1200 5408 1238 5464 ii
1276 5423 1519 5484 quoque
1570 5410 1863 5483 recipiunt
1918 5427 1930 5464 :
1976 5411 2233 5483 propriis

580 5495 949 5566 quibusdam
977 5498 1584 5570 interpretationibus,
1608 5500 1883 5571 prouteis
1906 5505 1994 5557 est
2014 5500 2230 5569 visum,

2363 540 2481 588 σίαν
2538 537 2694 591 ἃλθὼν
2769 542 2860 591 καὶ
2913 536 3391 610 ἰξομολογοὺμενος,
3461 540 3598 590 οὕτω
3663 533 3917 599 διετέλεσε.

2360 627 2483 678 ποτε
2524 628 2616 698 μὶν
2652 622 3179 699 λαθροδιδασκαλῶν,
3243 630 3369 679 ποτε
3424 623 3485 679 δί
3528 625 3684 679 πάλιν
3735 625 3921 698 isquii-

2358 718 2626 787 γοὺμενος,
2672 720 2798 770 ποτε
2846 713 2905 770 δε
2956 716 3295 790 ἰλιγχόμενος
3333 714 3414 788 ἐφ’
3455 717 3531 777 οἷς
3570 711 3821 769 ἐδίδασκε
3854 737 3918 768 ια-

2360 811 2484 870 κῶς,
2527 810 2617 857 καὶ
2656 805 2999 879 ἀφιστάμενος
3040 815 3137 867 τῆς
3182 813 3280 858 τῶν
3330 802 3565 878 ἀδελφῶν
3620 802 3871 866 συνοδίας.
3900 829 3916 857 ι

2359 899 2538 947 Ταῦτα
2581 898 2673 967 μεν
2720 895 2768 948 ἓν
2810 905 2885 967 τῷ
2932 900 3092 971 τρίτῳ
3134 903 3233 948 τῶν
3270 898 3404 970 πρὸς
3456 898 3551 956 τὰς
3596 897 3850 968 αἱρέσεις·
3890 896 3917 947 ἰν

2363 978 2423 1034 δι
2456 990 2528 1053 τῷ
2567 988 2755 1057 πρώτῳ
2792 981 2942 1046 αὖθις
2988 988 3105 1059 περί
3156 980 3430 1059 Κίρδωνος
3476 989 3566 1037 καὶ
3605 992 3777 1037 ταῦτα
3818 980 3917 1047 διίξ-

2362 1090 2465 1124 εισι
2498 1088 2513 1103 ⁸
2565 1093 2591 1123 ε
2658 1070 2867 1146 Κέρδων
2921 1071 2981 1127 δέ
3037 1093 3115 1135 τις
3168 1076 3270 1126 ἀπὸ
3329 1081 3431 1126 τῶν
3468 1078 3588 1147 περὶ
3640 1079 3835 1145 Σίμωνα
3862 1079 3917 1134 si;

2362 1158 2599 1235 ἀφορμὰς
2635 1160 2823 1229 λακὼν,
2871 1168 2960 1216 καὶ
3025 1158 3364 1235 ἰπιδημήσας
3436 1160 3485 1215 ἓν
3540 1170 3607 1234 τῇ
3658 1161 3818 1235 Ῥώμη
3864 1163 3918 1215 ἐπὶ

2357 1248 2581 1320 ’Υγίνου,
2645 1254 2817 1304 ἔνατον
2871 1252 3062 1326 κλῆρον
3115 1259 3210 1314 τῆς
3278 1255 3632 1313 ἑπισκοπικῆς
3702 1248 3918 1323 διαδοχὲς

2361 1336 2463 1389 ἀπὸ
2518 1347 2615 1391 τῶν
2669 1338 2969 1394 ἀποστόλων
3027 1344 3257 1413 ἔχοντος,
3308 1337 3530 1403 ἒδίδαξε
3582 1343 3679 1393 τὸν
3727 1341 3817 1394 ὑπὸ
3858 1348 3915 1392 πᾶ

2358 1431 2517 1496 νόμου
2566 1433 2658 1480 καὶ
2716 1438 2994 1504 προφητῶν
3051 1433 3435 1502 κεκηρυγμένον
3498 1434 3637 1483 Θεὸν
3698 1435 3766 1501 μή
3830 1427 3919 1482 tim

2359 1521 2560 1590 πατέρα
2608 1524 2701 1570 τοῦ
2740 1521 2939 1592 Κυρίου
2987 1521 3134 1591 ἡμῶν
3190 1519 3371 1577 Ἰησοῦ
3428 1526 3672 1594 Χριστοῦ
3701 1538 3716 1552 ο
3754 1522 3829 1572 τὸν

2358 1607 2460 1679 γὰρ
2498 1607 2871 1679 γνωρίζεσθαι,
2907 1612 2992 1661 τὸν
3032 1605 3092 1662 δε
3133 1607 3345 1680 ἀγνῶτα
3387 1604 3517 1661 εἶναι
3542 1628 3555 1641 ·
3604 1614 3704 1661 καὶ
3741 1612 3817 1661 τὸν

2361 1690 2589 1760 δίκαιον,
2628 1700 2716 1748 τὸν
2755 1693 2814 1750 δῖ
2852 1696 3047 1769 ἀγαθὸν
3087 1699 3371 1772 ὑπάρχειν.
3418 1718 3446 1751 ν
3490 1694 3855 1770 Διαδεξάμενος
3879 1694 3917 1749 δι

2361 1871 2862 1948 ἀπηρυθριὰσμένως
2919 1875 3265 1949 βλασφημῶν.
3332 1879 3433 1929 Τὸν
3502 1872 3552 1928 δ’
3629 1876 3916 1929 Οὐαλεντίνου

2361 1960 2526 2034 βυθὸν
2577 1964 2788 2039 ἄπειρον
2836 1967 2862 2017 ὁ
2900 1966 3171 2040 Εἰρηναῖος
3203 1965 3434 2038 εὐχερῶς
3475 1962 3820 2031 διαπλεύσας,
3858 1986 3915 2017 κει

2358 2061 2453 2114 τὴν
2506 2054 2734 2107 κάτωθεν
2799 2052 2963 2126 ἀφανῆ
3021 2060 3111 2107 καὶ
3166 2054 3450 2107 λαοπλάνον
3509 2054 3674 2122 ὕλην,
3726 2058 3804 2107 τὸν
3853 2054 3913 2125 ἧλι-

2360 2146 2650 2218 φωλεύοντα
2682 2148 2795 2217 ὄφιν
2840 2153 2936 2207 τῆς
2985 2143 3185 2206 πλάνης
3235 2143 3423 2197 ἐκεῖθεν
3463 2142 3665 2207 ἒξέλκεε
3701 2150 3784 2197 καὶ
3818 2144 3908 2196 ἆτο-

2356 2243 2566 2308 γυμνοί,
2622 2234 2895 2292 λεληθυῖαν
2942 2229 3103 2286 οὖσαν
3158 2236 3227 2296 ὡς
3274 2236 3343 2285 τὰ
3377 2233 3542 2286 πολλὰ
3591 2239 3688 2287 καὶ
3744 2234 3909 2307 Ern-ix??-
3980 2246 3981 2303 ᾖ

2358 2344 2470 2397 φον.
2521 2331 2621 2378 Καὶ
2672 2325 2885 2395 Μάρκον
2938 2318 2990 2375 δ’
3066 2323 3233 2397 ἕτερον
3291 2324 3406 2375 κατ’
3465 2323 3669 2386 αὐτοὺς
3728 2326 3906 2396 γενέσθαι
3980 2380 3981 2385 η

2356 2413 2512 2485 λέγει,
2560 2412 2772 2476 κυϐείας
2826 2420 2921 2475 τῆς
2962 2414 3097 2465 κατὰ
3148 2416 3381 2484 μαγικήν
3426 2410 3823 2485 ἕμπειρςῖτιιτιῐιν⁸
3863 2414 3908 2462 ὧν

2360 2505 2451 2565 τὰς
2504 2504 2747 2578 μυσαρὰς
2818 2501 3021 2564 τελετὰς
3082 2505 3286 2564 τούτοις
3320 2578 3323 2583 ν
3352 2496 3475 2560 δῆτ’
3551 2500 3779 2575 ἔκφαίνει
3834 2508 3909 2562 τοῖς
3980 2552 3981 2555 η

2355 2594 2703 2664 γράμμασινο
2759 2611 2785 2642 α
2845 2593 2912 2644 Οἱ
2965 2594 3055 2663 μὲν
3110 2593 3212 2664 γὰρ
3266 2597 3435 2643 αῦτῶν
3496 2600 3748 2665 νυμφῶνα
3790 2610 3906 2643 κατε-

2357 2683 2700 2750 σκευάζουσι,
2744 2685 2834 2734 καὶ
2888 2684 3259 2753 μυσταγωγίας
3310 2678 3621 2733 ἐπιτελοῦσι
3670 2680 3767 2754 μετ’
3801 2679 3905 2753 inﬁ-

2354 2770 2555 2845 ῥήσεών
2638 2789 2784 2822 τινων
2848 2776 2958 2832 τοῖς
3018 2768 3334 2841 τελουμένοις
3358 2788 3374 2801 ο
3440 2774 3534 2821 καὶ
3618 2773 3897 2837 πνευματικὸν

2354 2860 2523 2931 γάμον
2576 2861 2869 2931 φάσκουσιν
2924 2855 3053 2911 εἶναι
3103 2862 3161 2911 τὸ
3213 2858 3299 2911 ὑπ’
3355 2857 3527 2911 αὐτῶν
3567 2865 3801 2932 γινόμενον
3828 2877 3891 2907 u-

2355 2950 2422 3000 τὰ
2454 2952 2547 3005 τὴν
2575 2949 2857 3020 ὁμοιότητα
2885 2956 2986 2999 τῶν
3020 2948 3125 3000 ἄνω
3162 2948 3428 3018 συζυγιῶν
3463 2964 3483 2979 ο
3521 2951 3578 3000 οἱ
3639 2946 3693 3001 δι
3732 2949 3878 3017 ipsa

2357 3035 2428 3097 εἰς
2456 3033 2600 3110 ὕδωρ
2630 3053 2643 3067 '
2697 3042 2788 3088 καὶ
2840 3034 3200 3109 βαπτίζοντες,
3249 3036 3415 3098 οὑτως
3472 3032 3861 3109 ἐπιλέγονταεὰ

3594 3127 3655 3185 εἷς
3694 3124 3863 3179 διέσειεν

2354 3217 2557 3286 μητέρα
2608 3217 2813 3267 πάντων
2848 3232 2862 3247 ο
2928 3218 3017 3267 καὶ
3073 3213 3141 3274 εἰς
3191 3217 3278 3265 τὸν
3344 3213 3661 3267 κατελθόντα
3709 3212 3763 3271 εἰς
3804 3211 3869 3259 τὸν

2356 3303 2583 3361 Ἰησοῦν.
2640 3303 2761 3357 Εἰσί
2816 3300 2875 3356 δι
2924 3304 2975 3355 οἶ
3028 3306 3117 3354 καὶ
3179 3300 3428 3375 Ἑϐραϊκὰ
3486 3303 3714 3375 ὀνοξιιιτα
3759 3296 3885 3352 ἰηλε-

2354 3410 2513 3463 γουσι
2564 3394 2688 3466 πρὸς
2737 3396 2829 3451 τὴν
2880 3400 2981 3444 τῶν
3036 3389 3346 3463 τελουμένων
3424 3390 3635 3462 μᾶλλον
3697 3387 3897 3443 auriﬂu-

2356 3479 2458 3543 ξιν.

2982 3678 3225 3732 ΚΕΦΑΔ.
3259 3675 3327 3733 Δ’.

2356 3789 2506 3859 Περὶ
2543 3791 2865 3839 Τατιανοῦ
2891 3788 2999 3837 καὶ
3038 3790 3457 3859 Σευηριανοῦ,
3491 3790 3609 3840 καὶ
3646 3791 3756 3847 τῆς
3785 3779 3907 3852 cipi-

2747 3875 2901 3918 σεως
2938 3865 3059 3909 τῶν
3094 3857 3569 3930 Ἐγκρατιτῶν.

2423 3982 2554 4036 Ἀπὸ
2620 3986 2794 4054 μέντοι
2857 3988 3163 4056 Σατορνίνου
3212 4001 3266 4035 τε
3322 3987 3413 4035 καὶ
3489 3987 3792 4056 Μαρκίωνος
3842 3980 3904 4031 τὶν
3980 4020 3981 4061 ἦ

2353 4072 2552 4147 αἰρεσιν
2606 4080 2704 4124 τῶν
2758 4073 3109 4146 Ἐγκρατιτῶν
3163 4076 3421 4131 συστῆναί
3479 4091 3643 4144 φασιν
3675 4090 3689 4102 ·
3738 4071 3794 4133 ἧς
3843 4086 3905 4117 ιιι·
3980 4086 3981 4147 j

2350 4140 2538 4233 τάρξαι
2582 4140 2833 4214 Τατιανόν
2882 4140 3033 4231 λόγος
3080 4162 3214 4232 ἔχει,
3269 4163 3325 4223 ὃς
3364 4140 3619 4233 μαθητὴς
3667 4161 3898 4215 Ἰουστίεευ

2348 4258 2440 4303 τοῦ
2500 4251 2765 4325 μάρτυρος
2820 4248 3191 4323 ἐχρημάτιζεν.
3254 4249 3399 4321 Ἀλγ’
3465 4250 3560 4311 ἔως
3633 4254 3724 4322 μὶν

2352 4349 2531 4403 συνῆν,
2582 4337 2734 4393 οὐδέν
2793 4359 2846 4392 τι
2891 4347 3122 4393 τοιοῦτον
3194 4338 3451 4412 ἐξήνεγκε.
3508 4340 3667 4395 Μετὰ
3741 4335 3792 4392 ἴε
3835 4340 3895 4389 τὴν
3980 4336 3981 4389 ἰ

2349 4428 2536 4483 ἐκείνου
2605 4428 2886 4494 τελείωσιν,
2954 4428 3171 4501 οἰήματι
3245 4426 3611 4492 διδασκαλίας
3674 4429 3893 4502 φυσηθεὶς.

2349 4523 2418 4582 ὡς
2468 4527 2565 4572 τῶν
2621 4518 2809 4572 λοιπῶν
2862 4520 3156 4592 ὑπερφέρων
3207 4526 3270 4592 τῇ
3324 4524 3540 4590 γνώσει,
3602 4517 3745 4573 ἰδίου
3793 4512 3892 4570 διδε·
3980 4536 3981 4539 π

2351 4609 2568 4662 σκαλίου
2606 4608 2857 4683 κατῆρξεν
2883 4626 2896 4639 ⁸
2950 4608 3133 4671 ἐπίσης
3192 4608 3511 4680 Οὐαλεντίνῳ
3562 4610 3760 4670 αἰῶνας
3796 4602 3889 4673 ea

2348 4718 2465 4760 τους
2516 4700 2939 4770 ὑποστησάμενος
2968 4714 2979 4727 ⁸
3038 4697 3385 4773 παραπλήσια
3432 4694 3492 4751 δε
3539 4692 3883 4773 Σατορνίνῳιιέ

2348 4792 2619 4861 Μαρκίωνι
2709 4792 2827 4861 περὶ
2893 4789 3063 4861 γάμου
3140 4793 3231 4841 καὶ
3292 4790 3479 4862 φθορᾶς
3554 4794 3648 4841 καὶ
3728 4784 3888 4859 περιτέιὶ

2348 4877 2682 4951 φληναφήσας
2722 4895 2736 4907 ·
2803 4879 2923 4952 παρ’
2977 4877 3118 4948 αὐτῷ
3171 4873 3229 4930 δὲ
3274 4877 3445 4930 αἰτίαν
3511 4877 3668 4940 ξένην
3732 4885 3786 4949 τῇ
3836 4872 3894 4921 ταὖ

2349 4963 2526 5038 Ἀδὰμ
2560 4972 2796 5041 σωτηρίᾳ
2834 4966 3113 5027 ἐπινοήσας
3136 4984 3149 4997 ·
3196 4966 3257 5019 οὗ
3297 4974 3516 5040 Σευῆρος
3547 4963 3811 5039 διάδοχος
3842 4964 3901 5013 τὶν

2347 5053 2540 5108 ἐκείνου
2601 5054 2683 5109 ἰπὶ
2741 5055 2930 5128 μᾶλλον
2981 5058 3238 5131 κρατύνας
3291 5057 3509 5130 αἰρεσιν,
3569 5056 3750 5109 αἰτίαν
3822 5055 3903 5117 ἔσχε

2344 5152 2408 5217 τῇ
2464 5142 2578 5217 ἰδίᾳ
2646 5150 2980 5220 Προσηγορίᾳ
3040 5148 3162 5208 τοὺς
3226 5144 3280 5208 ἐξ
3338 5147 3529 5197 ἐκείνου
3579 5149 3720 5218 πρὸς
3783 5142 3901 5195 ἑπτέτιν

2344 5232 2750 5305 ἑφελκὺσασθαι,
2819 5240 2908 5287 καὶ
2974 5238 3316 5306 Σευηριανοὺς
3396 5233 3659 5305 ὀνομάσαι
3692 5248 3707 5263 ⁸
3782 5239 3902 5299 Nega?

2343 5325 2433 5394 μεν
2482 5319 2571 5375 οὑν
2616 5328 2705 5376 καὶ
2761 5328 3055 5397 προφήτας,
3089 5328 3179 5376 καὶ
3225 5323 3369 5375 οὗτοι
3422 5321 3706 5394 δέχονται,
3753 5325 3833 5373 καὶ
3870 5332 3899 5364 τι

2344 5410 2672 5484 Εῦιιιγγέλιοι⁸
2726 5409 2889 5476 ἰδίαις
2931 5417 3069 5465 τισὶν
3126 5413 3417 5486 ἑρμηνείαις
3474 5416 3599 5486 πρὸς
3655 5416 3716 5465 τὸ
3767 5408 3901 5464 δοκιίθ

2343 5499 2565 5567 ἑαυτοῖς,
2616 5503 2682 5555 τὰ
2735 5509 2833 5563 τῆς
2889 5503 3023 5577 ἱερᾶς
3081 5508 3291 5578 Γραφῆς
3344 5501 3782 5576 μεθαρμόζοντες.
3840 5498 3905 5547 τέ’

647 5619 723 5691 (1)
751 5621 1047 5693 Tatianus,
1076 5623 1504 5685 Encratitarum
1527 5624 1770 5685 ἣξει-θείς
1799 5628 2031 5685 auctor.
2070 5625 2407 5687 Encratite
2439 5630 2640 5685 autem
2669 5627 2967 5699 dicuntur,
2999 5625 3173 5701 quasi
3211 5622 3605 5685 continentes.
