4032 6282
134 300 263 357 985

136 422 193 478 δ’
273 421 562 478 ἀπόστολον
646 420 851 476 Παῦλον
940 417 1385 494 βλασφημοῦντες,

135 510 502 568 διαϐάλλουσι
529 529 543 543 ·
609 516 701 565 καὶ
743 514 800 565 τὸ
848 518 948 563 τῶν
993 510 1312 565 Ἐπιστολῶν
1352 512 1511 565 αὐτοῦ
1550 512 1761 587 βιϐλίον

132 604 486 657 παντάπασιν
540 600 818 656 ἀθετοῦσιν
847 622 865 635 ο
922 600 1110 662 ἐπίσης
1171 598 1230 654 δὲ
1281 606 1371 655 καὶ
1426 606 1520 661 τὴν
1571 602 1755 675 βίϐλον

132 701 247 745 τῶν
309 692 574 765 Πράξεων.
624 690 687 744 ⁸0
728 696 900 764 μέντοι
946 691 1220 757 Τατιανός,
1278 697 1591 764 συναγωγήν
1638 712 1757 745 τινα

129 787 229 835 καὶ
289 783 577 853 συνάφειαν,
626 788 726 833 τῶν
781 782 926 833 θείων
1003 780 1333 853 Εύαγγελίων
1392 786 1753 853 πεποιημένος,

126 876 232 930 τὴν
265 873 388 924 Διὰ
425 889 488 923 τε
509 868 764 944 σσοξρων
804 869 980 942 ίκείνῳ
1007 876 1364 945 προσηγορίαν
1386 867 1538 923 icio-ro
1568 888 1581 901 ·
1616 870 1641 922 ὁ
1666 875 1757 924 καὶ

128 960 370 1015 ἐπιπολὺ
422 968 621 1032 προῆγε
665 966 758 1012 τοῦ
801 964 999 1034 χρόνου
1038 976 1052 991 ⁸
1090 964 1225 1013 Φασὶ
1268 956 1327 1013 δε
1374 959 1529 1013 αὐτὸν
1562 965 1650 1013 καὶ
1680 981 1757 1012 τι-

121 1071 216 1113 νας
310 1055 406 1103 τοῦ
467 1048 786 1103 ’Δποστόλου
854 1051 1188 1123 μεταφράσαι
1256 1052 1443 1121 φωνὰς,
1520 1046 1758 1124 ἇπιδιορ·

131 1143 397 1214 θούμενος
449 1136 607 1198 δῆθεν
650 1142 710 1191 τὸ
762 1147 853 1200 τῆς
906 1141 1145 1213 φράσεως
1208 1138 1440 1200 ἇκαλλές.
1504 1138 1640 1192 Πολὺ
1695 1137 1757 1193 δέ

127 1250 184 1282 τι
240 1228 450 1291 πλῆθος
506 1230 937 1300 συγγραμμάτων
976 1230 1002 1281 ὁ
1047 1232 1296 1290 Τατιανός
1339 1229 1703 1281 καταλέλοιπεν
1736 1246 1753 1260 °

129 1320 201 1371 ὧν
246 1320 276 1371 ὁ
310 1318 549 1391 μάλιστα
603 1314 886 1381 διαϐόητος
946 1318 1084 1390 αύτῷ
1139 1318 1294 1390 λόγος
1330 1322 1492 1383 εστὶν,
1535 1318 1586 1378 ὃς
1624 1318 1756 1390 πρός

126 1409 395 1469 Ἕλληνας
434 1406 852 1480 ἕπιγέγραπται·
906 1406 954 1460 ἓν
1074 1416 1173 1461 τῶν
1232 1407 1289 1461 ἔκ
1344 1407 1572 1461 παλαιοῦ
1625 1414 1758 1480 χρό-

130 1519 235 1550 νων
290 1502 641 1570 μεμνημένος,
693 1504 790 1548 τῶν
828 1515 882 1549 τε
928 1496 1053 1569 παρ’
1090 1495 1338 1555 Ἓλλησιν
1387 1496 1625 1569 ἀρχαίων
1664 1501 1754 1549 καὶ

129 1596 236 1639 τῶν
328 1594 607 1661 προφητῶν
677 1585 1017 1660 παλαιότερον
1070 1584 1158 1638 τόν
1236 1593 1467 1644 Μωῦσῆν
1541 1583 1753 1640 ἀποδεί-

127 1695 349 1729 κνυσιν.
385 1674 483 1737 Ὃς
513 1672 580 1734 δὴ
629 1674 801 1747 λόγος,
842 1677 1047 1728 πάντων
1095 1682 1195 1728 τῶν
1246 1676 1387 1747 αύτῷ
1433 1679 1759 1749 συγγραφὲν-ο

131 1786 239 1819 των
296 1762 450 1819 δοκεῖ
506 1764 785 1823 κάλλιστος
858 1763 987 1818 εἶναι
1040 1770 1131 1818 καὶ
1184 1765 1575 1838 ὠφελιμώτατος
1610 1784 1623 1796 ⁸
1683 1768 1753 1829 ὡς
1786 1796 1828 1851 Β

129 1854 299 1927 κάμοὶ
341 1852 636 1926 ἀναγνῶναι
684 1856 900 1925 ἑγίνετο.
960 1861 1193 1908 Τοιαῦτα
1239 1860 1331 1907 καὶ
1372 1857 1437 1907 τὰ
1465 1857 1601 1907 κατὰ
1629 1858 1752 1916 τοὺς

135 1947 191 1997 ἔκ
220 1951 511 2014 Τατιανοῦ,
543 1944 587 1999 εἰ
627 1940 687 1998 δε
717 1940 913 2018 βούλει,
946 1951 1257 2020 Σευηριανοῦ
1282 1943 1497 2019 προέϐη.

767 2234 1011 2283 ΚΕΦΔΛ.
1053 2227 1131 2285 E'.

164 2345 342 2412 Οπως
381 2337 414 2395 ἡ
471 2341 594 2412 τοῦ
661 2339 1074 2412 Θεοῦ-χάρις
1118 2338 1348 2412 τες-τῶν
1405 2338 1749 2412 αἱρεμτικλῶν

216 2404 645 2482 διεσκίᾷασε,
713 2404 914 2461 πολλᾶ
970 2404 1102 2482 ’καὶ
1168 2404 1753 2482 ἄλλα-προϐαλλο-

216 2485 420 2553 μένη·
465 2479 911 2553 ἀναστήσασα
972 2476 1041 2533 δε
1081 2484 1190 2553 καὶ
1252 2476 1499 2553 ἄνδρας
1536 2489 1606 2553 τῇ
1649 2502 1753 2533 uu-

214 2551 323 2604 τοῦ
364 2551 724 2623 Ἐκκλησία
752 2568 764 2582 ·
830 2556 939 2603 καὶ
977 2552 1338 2624 κατάλογος
1378 2551 1493 2605 τῶν
1533 2551 1750 2611 ἐκκλη-

224 2642 491 2676 σιαστικ
516 2632 593 2675 ῶν
635 2627 1091 2697 συγγραφέων,

229 2748 428 2800 Τούτων
488 2747 599 2801 κατ’
668 2746 892 2809 ἐκείνους
945 2751 1071 2811 τούς
1133 2749 1360 2823 χρὸνους
1414 2747 1744 2820 ἕπιφυίντων,

165 2839 248 2887 καὶ
302 2832 373 2889 δι’
430 2836 611 2904 αὐτῶν,
670 2840 758 2889 τὸν
812 2836 1039 2911 ἀρχαῖον
1095 2845 1187 2891 τοῦ
1242 2842 1417 2910 γένους
1482 2838 1747 2910 πολέμιον,

162 2926 272 2986 τούς
456 2925 678 2999 οἰκτρῶς
720 2924 880 2986 οὕτως
934 2926 1006 2988 είς
1064 2924 1315 2979 ἀπώλειαν
1367 2924 1753 3000 ὶξανδραποδί-

149 3012 296 3073 ζοντα
327 3032 340 3045 ·
396 3021 509 3076 τοῖς
558 3011 610 3067 δ’
668 3017 864 3067 ἔθνεσιν
916 3015 1163 3081 ἐντεῦθεν,
1218 3023 1330 3077 ταῖς
1390 3017 1550 3069 αὑτοῦ
1597 3036 1751 3090 τερα.

143 3108 296 3167 τείαις
341 3109 439 3158 καὶ
510 3104 931 3177 αἰσκρουργίαις,
1001 3102 1310 3178 δυσφημίας
1359 3106 1440 3158 ὅτι
1493 3105 1740 3165 πλείστην

136 3199 444 3267 περιουσίαν
494 3198 583 3247 καὶ
629 3189 880 3252 διαϐολὴν
919 3194 990 3263 τῷ
1019 3198 1172 3247 παντὶ
1208 3202 1538 3269 Χριστιανῶν
1587 3198 1737 3262 ἔθνει,

136 3287 218 3335 καὶ
268 3292 338 3356 τῷ
377 3286 590 3345 ταύτης
625 3280 959 3357 σωτηριώδει
986 3283 1123 3355 λόγῳ
1162 3288 1551 3357 καταχεομίνην
1600 3285 1740 3338 εἰσά-

132 3389 285 3441 γοντα
314 3393 329 3406 '
404 3374 472 3435 ὡς
523 3372 827 3446 συμϐαίνειν
897 3375 1146 3430 τοιαύτην
1196 3369 1264 3431 δή
1324 3393 1440 3426 τινα
1495 3376 1740 3427 ὑπόνοιαν

131 3456 352 3522 δοσσεϐἣ
418 3468 533 3524 τοῖς
604 3467 762 3534 μήπω
812 3466 1135 3517 πιστεύσασι
1190 3463 1307 3516 καθ’
1365 3465 1511 3535 ἡμῶν
1561 3460 1742 3517 διαδί-

136 3545 341 3618 δοσθαι,
401 3552 587 3625 οἷοίπερ
646 3550 912 3625 ἀθεμίτοις
968 3554 1136 3627 ἔργοις
1185 3555 1311 3625 πρὸς
1357 3556 1587 3626 μητέρας
1650 3556 1740 3605 καὶ

136 3634 357 3713 ἀδελφὰς
403 3643 715 3714 χρωμένων,
774 3639 1006 3701 ἀνοσίαις
1079 3661 1132 3693 τε
1182 3638 1411 3702 διαίταις
1462 3646 1552 3693 καὶ
1597 3641 1742 3694 πολι-

133 3734 287 3791 τείαις
352 3733 503 3804 ἡμᾶς
579 3728 958 3804 ἔνασχημονεῖν
985 3748 999 3762 '
1051 3730 1146 3783 ούκ
1212 3734 1420 3801 ἤνεγκεν
1477 3730 1739 3784 ἐπιπλεῖον

134 3824 445 3893 παραμένειν
492 3818 675 3881 αύτούς
714 3821 740 3872 ὁ
793 3828 884 3881 τῆς
931 3822 1076 3893 ἡμῶν
1123 3816 1409 3893 κηδομενος
1457 3826 1735 3893 σωτηρίας.

133 3904 278 3960 Ὀθεν
331 3915 424 3963 καὶ
486 3910 553 3961 τὰ
602 3910 728 3961 νόθα
788 3916 879 3970 τῆς
923 3909 1232 3971 Ἐκκλησίας
1289 3906 1531 3982 δόγματα
1580 3930 1741 3963 κατα-

138 4002 316 4069 μικρόν
370 3996 680 4071 διᾴττοντα,
722 3999 907 4051 θᾶττον
947 3997 1266 4065 ἑσϐἐννυντο,
1316 4004 1405 4051 καὶ
1449 4001 1537 4051 ὑπ’
1569 3999 1736 4052 αὐτῶν

134 4084 525 4160 ἀπηλέγχοντο,
606 4087 769 4140 ἄλλων
836 4086 914 4140 ἔπ’

138 4177 220 4226 καὶ
286 4175 713 4250 ἕπανισταμένων
801 4176 1061 4245 ἀλλήλοις,
1144 4180 1317 4251 ὥσπερ
1384 4177 1432 4231 ἐν
1494 4180 1738 4250 κυμάτων

139 4265 561 4321 ἓπαναστάσεσιν
595 4282 609 4297 ’
666 4265 1017 4341 ύπορῥεόντων
1099 4265 1179 4320 ἀεὶ
1242 4272 1332 4320 καὶ
1397 4270 1737 4343 φθειρομένων

138 4351 205 4414 εἰς
233 4357 481 4419 ποικίλοις
527 4357 668 4417 τινὰς
696 4360 790 4408 καὶ
841 4354 1204 4428 πολυτρόπους
1238 4354 1383 4419 ἰδέας
1408 4374 1420 4386 ·
1463 4362 1554 4410 καὶ
1599 4356 1743 4418 τέλος

139 4439 207 4503 εἰς
244 4444 303 4496 τὸ
355 4445 724 4498 ἀνυπόστατον
775 4444 1199 4517 καταληγύντων,
1248 4445 1534 4519 Προύϐαινε
1583 4443 1641 4499 δε
1672 4448 1740 4499 τὰ

135 4535 220 4591 τῆς
271 4530 542 4598 ἀληθείας,
593 4539 684 4587 καὶ
736 4532 824 4586 ἰπὶ
889 4537 944 4586 τὸ
996 4534 1186 4606 μᾶλλον
1244 4540 1445 4610 προῄει,
1515 4535 1738 4598 αὔξησίν

136 4636 255 4673 τινα
300 4628 390 4677 καὶ
472 4624 689 4695 μέγεθος
749 4628 1009 4685 συνεστὼς
1078 4623 1403 4696 ποριζούσης
1467 4626 1737 4677 ἐντεῦθενο

139 4704 217 4760 ἀεὶ
270 4716 372 4786 γὰρ
437 4712 685 4773 ὡσαύτως
742 4712 880 4784 εἶχεν
937 4714 968 4771 ἡ
1015 4720 1110 4775 τῆς
1151 4713 1373 4766 καθόλου
1426 4714 1739 4777 Ἐκκλησίας

136 4794 438 4876 λαμπρότης
488 4820 545 4854 τε
587 4807 676 4855 καὶ
705 4804 1030 4865 κατάστασις
1060 4818 1073 4831 ⁸
1121 4806 1179 4855 τό
1228 4822 1282 4856 τε
1338 4807 1520 4876 σεμνὸν
1574 4805 1737 4867 αὐτῆς

140 4892 230 4939 καὶ
262 4900 469 4964 σῶφρον
518 4896 608 4944 καὶ
652 4890 931 4966 ἐλευθέριον
966 4910 978 4923 '
1005 4896 1095 4944 καὶ
1143 4896 1202 4945 τὸ
1258 4900 1352 4955 τῆς
1392 4896 1562 4945 ὶνθίου
1594 4894 1738 4946 πολι-

142 4981 275 5038 τείας
329 4985 517 5048 αὐτῆς,
580 4985 665 5034 καὶ
730 4980 995 5057 εἰλικρινὲς
1065 4988 1161 5043 τῆς
1224 4982 1548 5054 φιλοσοφίας,
1622 4983 1737 5037 Ἐλ’

138 5060 261 5121 λησί
288 5088 345 5122 τε
392 5076 484 5124 καὶ
538 5069 822 5145 βαρϐαροις
870 5070 1181 5126 ἀποστίλϐον
1228 5072 1368 5144 μάλα
1413 5075 1731 5146 καθεωρᾶτο.

143 5158 241 5207 Καὶ
279 5164 446 5212 τοίνυν
489 5159 688 5213 ἐκείνων
744 5162 829 5214 οἶα
868 5158 986 5221 δῆτ’
1041 5164 1412 5214 ανυποστοίτων
1449 5171 1521 5233 τῷ
1550 5171 1735 5235 μακρῷ

1001 4088 1175 4150 ἄλλοις
1240 4093 1735 4162 καινοτομουμένων,

142 5248 315 5326 χρόνῳ
366 5246 735 5326 διαρρυέντων,
783 5256 871 5304 καὶ
903 5253 933 5309 ἡ
985 5258 1077 5303 τοῦ
1114 5253 1231 5305 καθ’
1287 5252 1426 5324 ἡμᾶς
1475 5248 1736 5324 δόγματος

143 5325 359 5395 διαϐολὴ
405 5338 683 5415 συνερρύη.
716 5345 860 5398 Μόνη
897 5336 946 5393 δ’
978 5342 1009 5398 ἡ
1062 5341 1180 5392 καθ’
1218 5342 1358 5413 ἡμας
1393 5340 1735 5414 ἀνομολογου-

143 5422 263 5487 μένη
315 5421 527 5482 διετέλει
580 5434 761 5492 πίστις
812 5448 866 5483 τε
918 5433 1010 5482 καὶ
1060 5426 1388 5483 διδασκαλία
1438 5430 1522 5483 ἐπὶ
1566 5440 1738 5504 σιμνῷ

143 5522 199 5558 τε
242 5515 332 5565 καὶ
386 5523 615 5593 σώφρονι
649 5523 1041 5591 καταστήματι,
1095 5523 1183 5572 καὶ
1224 5518 1506 5590 φιλοσοφία
1536 5517 1737 5593 δογμά-

145 5612 247 5649 των
278 5598 574 5681 ἀκραιφνῶν
629 5610 999 5687 επιπρίπουσα
1022 5624 1037 5641 ⁸
1070 5610 1141 5671 ὡς
1177 5604 1367 5682 μηδενὶ
1417 5617 1511 5663 τοῦ
1553 5610 1739 5665 λοιποῦ

1212 293 1779 354 ECCLESIASTICE
1816 295 2181 354 HISTORLE
2217 297 2353 355 LIB.
2394 298 2487 357 IV.

3411 299 3519 360 986

1463 429 1754 497 σκώμμασι
1785 432 1834 486 Α
1863 440 2066 493 sacras
2091 425 2426 497 Scripturas
2457 428 3003 485 accommodantes.
3030 428 3381 501 Apostolum
3412 444 3523 485 au-

1864 519 1983 569 tem
2014 514 2264 571 Paulum
2299 516 2626 573 maledictis
2650 523 2708 574 et
2737 518 3016 574 conviciis
3043 517 3517 589 proscindentes,

1863 603 2258 675 Epistolarum
2284 608 2413 677 ejus
2436 606 2677 673 librum,
2702 612 2758 663 et
2776 608 2915 663 item
2938 607 3350 679 apostolorum
3371 609 3520 666 Acta.

1864 707 2109 763 prorsus
2177 694 2469 766 rejiciunt.
2521 696 2802 753 Tatianus
2857 712 3036 769 porro
3092 696 3199 752 iste
3259 703 3521 769 quatuor

1865 783 2322 853 Evangeliorum
2375 785 2859 842 conciliationem
2907 791 2963 842 et
3024 786 3516 843 concordantiam

1864 869 2019 937 fecit,
2073 874 2245 944 eique
2284 873 2436 930 libro
2488 890 2711 931 nomen
2762 878 2857 928 Διὰ
2899 877 3166 950 τεσσάρων
3206 875 3518 947 imposuit,

1864 960 1926 1015 id
1947 968 2034 1016 est
2050 964 2246 1019 Unum
2267 964 2649 1033 Evangelium
2678 980 2752 1020 ex
2772 970 3030 1037 quatuor
3050 964 3384 1031 collectum,
3407 964 3514 1037 qui

1864 1046 2045 1118 longo
2074 1053 2256 1108 etiam
2286 1051 2522 1109 duravit
2548 1060 2835 1125 tempore.
2869 1056 3081 1110 Ferunt
3106 1070 3244 1109 eum
3268 1069 3515 1126 quoque

1862 1138 2167 1208 quasdam
2212 1142 2474 1212 Apostoli
2528 1142 2897 1199 transtulisse
2936 1148 3116 1214 atque
3164 1142 3517 1199 immutasse

1865 1243 2057 1293 voces,
2094 1236 2153 1284 ut
2194 1230 2415 1287 scilicet
2446 1232 2877 1289 inelaboratam
2908 1232 3257 1288 elocutionis
3290 1232 3515 1304 expoli-

1861 1321 1949 1372 ret
1968 1318 2429 1389 simplicitatem.
2460 1323 2731 1390 Magnam
2759 1328 3047 1393 prmterea
3073 1322 3363 1377 librorum
3391 1322 3513 1377 vim

1860 1407 1911 1461 is
1940 1405 2214 1478 reliquit:
2249 1409 2308 1464 in
2340 1410 2561 1481 quibus
2595 1412 2856 1467 maxime
2886 1411 3237 1476 celebratur,
3268 1427 3406 1483 quae
3432 1411 3514 1467 ad

1862 1497 2096 1551 Graecos
2124 1498 2247 1552 sive
2286 1505 2489 1570 gentes
2514 1500 2733 1572 scripta
2771 1500 2849 1556 ab
2879 1516 2949 1555 eo
2980 1505 3070 1556 est
3099 1502 3308 1556 oratio.
3340 1502 3405 1555 In
3444 1516 3518 1557 ea

1862 1590 2128 1640 veterum
2172 1589 2508 1659 temporum
2547 1589 2897 1645 memoriam
2940 1604 3009 1645 ac
3053 1590 3279 1662 priscos
3319 1605 3517 1661 perse-

1860 1689 2074 1745 quens,
2107 1676 2380 1731 omnium
2410 1678 2792 1750 antiquorum
2839 1678 3003 1750 apud
3035 1680 3267 1734 Grtecos
3294 1684 3350 1734 et
3381 1694 3516 1750 pro-

1862 1763 2180 1834 phetarum
2219 1766 2680 1823 vetustissimum
2731 1767 2915 1824 fuisse
2957 1770 3151 1824 Mosen
3201 1768 3511 1825 ostendit:

1859 1854 1961 1926 qui
1977 1853 2125 1911 liber
2146 1855 2276 1927 ejus
2298 1856 2569 1911 omnium
2588 1873 2742 1928 quos
2763 1857 2857 1913 ille
2878 1858 3250 1930 conscripsit,
3274 1858 3515 1927 elegan-

1860 1942 2130 1998 tissimus
2157 1943 2407 2009 videtur,
2440 1944 2609 2001 sicuti
2648 1952 2704 2001 et
2734 1963 2827 2002 me
2858 1946 3052 2015 legere
3083 1946 3351 2002 memini.
3378 1947 3513 2003 Haec

1859 2031 1933 2088 de
1965 2038 2125 2090 secta
2148 2033 2399 2106 Tatiani,
2425 2050 2530 2091 seu
2573 2036 2786 2103 mavis,
2838 2036 3159 2103 Severiani,
3192 2037 3350 2093 dicta
3388 2036 3513 2093 suf-

1858 2118 2083 2177 ﬂciant.

2527 2232 2750 2288 CAPUT
2787 2233 2851 2287 V.

1867 2336 1938 2392 Ut
1950 2337 2152 2406 gratia
2170 2338 2280 2393 Dei
2293 2337 2702 2394 haereticorum
2718 2345 2964 2394 conatus
2978 2339 3316 2395 discusserit
3333 2358 3351 2394 :
3378 2355 3512 2395 cum

1929 2410 2122 2464 multa
2144 2410 2298 2464 alias
2324 2410 2404 2465 eis
2420 2410 2838 2477 impedimenta
2869 2412 3174 2479 obiiciens,
3196 2416 3319 2465 tum
3350 2412 3513 2467 viros

1929 2480 2151 2552 (iactos,
2183 2482 2515 2552 eloquentes
2553 2490 2605 2537 et
2632 2484 2763 2552 pios
2802 2484 2864 2537 in
2907 2483 3176 2539 Ecclesia
3220 2483 3508 2539 excitans.

1928 2551 2072 2677 Ittem
2084 2551 2391 2623 catalogus
2404 2551 2930 2610 ecclesiasticarum
2943 2557 3067 2624 ejus
3083 2554 3357 2623 temporis
3370 2554 3515 2610 seris

1928 2639 1967 2677 υ
1996 2639 2187 2677 orum.

1926 2639 2187 2692 piorum.

1926 2749 2012 2805 Ad
2052 2750 2212 2806 hunc
2243 2750 2493 2807 modum
2533 2751 2903 2823 temporibus
2928 2752 3041 2807 illis
3072 2752 3330 2808 haereses
3363 2766 3511 2824 sup-

1855 2840 2254 2912 pullularunt:
2306 2846 2362 2896 et
2412 2857 2518 2912 per
2564 2858 2666 2897 eas
2698 2849 2863 2896 vetus
2899 2842 3132 2911 generis
3163 2841 3346 2897 nostri
3396 2841 3501 2896 ho-

1855 2929 1959 2983 stis
1995 2929 2305 2985 haereticos
2346 2929 2591 3001 quidem
2634 2929 3049 2985 miserabiliter
3092 2931 3151 2985 in
3192 2931 3286 3000 ius
3325 2946 3501 2985 suum

1852 3022 1911 3075 et
1930 3018 2321 3090 perditionem
2350 3018 2665 3090 pertraxit;
2689 3019 2848 3090 apud
2876 3025 3082 3088 gentes
3115 3025 3334 3083 autem,
3371 3018 3500 3073 suis

1849 3110 1977 3180 ipse
2029 3108 2387 3180 portentosis
2440 3108 2831 3180 turpibusque
2888 3108 3272 3173 fceditatibus,
3322 3107 3509 3163 maxi-

1851 3216 2014 3255 mam
2046 3205 2254 3254 contra
2271 3198 2670 3253 Christianum
2702 3213 2943 3263 nomen,
2974 3204 3029 3253 et
3064 3197 3348 3253 salutiferi
3378 3212 3509 3253 ver-

1848 3288 1909 3345 bi
1937 3288 2294 3352 doctrinam,
2319 3288 2693 3358 gravissima:
2725 3286 2985 3343 infamias
3015 3286 3383 3343 calumniam
3410 3286 3501 3342 in-

1847 3378 2058 3433 duxit:
2101 3382 2164 3432 ut
2190 3378 2293 3448 qui
2332 3376 2604 3432 nondum
2635 3376 2712 3431 ad
2751 3376 2889 3431 ﬁdei
2930 3383 3148 3432 nostrae
3188 3376 3504 3447 professio-

1849 3482 1987 3522 nem
2005 3471 2201 3522 essent
2230 3466 2526 3537 pertracti,
2561 3465 2809 3537 impiam
2844 3465 3178 3521 admodum
3206 3465 3281 3519 de
3320 3463 3497 3519 nobis

1849 3555 2233 3627 conciperent
2263 3554 2686 3625 suspicionem,
2729 3555 2904 3626 quasi
2935 3554 3209 3610 nefandis
3238 3552 3498 3609 libidini-

1848 3644 2273 3712 bus,matribus
2286 3643 2718 3715 sororibusque
2732 3645 2949 3699 nostris
2962 3643 3499 3709 commisceremur,

1848 3734 2205 3805 impuroque
2226 3748 2470 3805 prorsus
2492 3732 2791 3788 sceleratae
2817 3733 2950 3788 vita:
2977 3747 3190 3805 genere
3207 3736 3380 3787 conta
3393 3731 3495 3786 mi-

1847 3837 2147 3877 naremur.
2185 3822 2296 3876 Sed
2336 3837 2456 3877 non
2494 3822 2597 3876 diu
2625 3821 2936 3877 hmreticos
2979 3821 3125 3885 tulit,
3153 3821 3257 3892 qui
3295 3818 3501 3875 salutis

1848 3915 2063 3966 nostrae
2107 3926 2313 3966 curam
2348 3911 2512 3980 gerit,
2546 3912 2717 3966 Deus.
2753 3914 2901 3965 Nam
2948 3910 3281 3965 adulterina
3315 3907 3505 3963 Eccle-

1848 4000 1949 4055 siae
1974 4002 2432 4071 dogmata,qua2
2457 4000 2740 4071 paulatim
2765 4000 3154 4065 emicuerant,
3171 3998 3335 4054 brevi
3366 4004 3501 4052 sunt

1846 4092 2123 4157 extincta,
2167 4094 2223 4145 et
2260 4106 2297 4146 a
2340 4089 2550 4159 seipsis
2577 4090 2747 4160 287
2786 4091 2934 4144 inter
2974 4105 3034 4144 se
3083 4088 3325 4153 abolita,
3359 4105 3495 4144 cum

1847 4181 1944 4237 alii
1965 4196 2144 4251 super
2170 4179 2319 4236 alios
2345 4179 2516 4235 novis
2548 4179 2727 4234 rebus
2774 4179 3096 4243 studerent,
3139 4184 3317 4250 atque
3348 4179 3499 4234 inter

1848 4287 1909 4325 se
1964 4269 2446 4325 conﬂictarentur
2494 4286 2513 4324 :
2561 4284 2681 4323 non
2733 4267 2900 4323 aliter
2956 4284 3142 4340 quam
3202 4268 3491 4323 ﬂuctuum

1846 4360 2282 4416 commotiones
2308 4359 2678 4429 insurgentes
2711 4356 2988 4421 subinde,
3011 4361 3189 4428 atque
3208 4357 3498 4412 deciden-

1850 4455 1955 4515 tes,
1996 4448 2058 4503 in
2108 4447 2305 4503 varias
2354 4446 2829 4519 multiplicesque
2886 4447 3112 4502 abeunt
3157 4446 3401 4512 formas,
3443 4450 3500 4502 et

1848 4542 2152 4609 postremo
2180 4542 2243 4592 ut
2289 4536 2432 4591 nihil
2493 4552 2702 4591 eorum
2755 4541 3047 4606 appareat
3110 4539 3494 4590 evanescunt.

1847 4629 2081 4692 Contra,
2111 4626 2373 4681 veritatis
2401 4626 2593 4696 ipsius
2620 4641 2806 4680 causa
2840 4630 2963 4679 tum
2995 4624 3363 4680 incrementa
3382 4639 3494 4680 sua

1845 4717 2139 4787 capiebat,
2157 4715 2469 4785 magisque
2491 4714 2549 4768 in
2569 4714 2696 4769 dies
2719 4714 3069 4785 augebatur,
3086 4714 3495 4768 accessionem

1845 4805 2174 4877 quamdam
2205 4810 2259 4859 et
2291 4805 2474 4859 robur
2494 4808 2724 4859 certum
2763 4819 2835 4858 ex
2864 4802 3277 4857 haereticorum
3308 4801 3497 4856 insul-

1846 4898 1905 4950 tu
1938 4910 2201 4949 sumens.
2237 4895 2481 4964 Semper
2506 4893 2665 4947 enim
2697 4892 2805 4947 sibi
2855 4890 3172 4946 constabat
3222 4890 3492 4946 Ecclesia;

1844 4982 2152 5039 catholicae
2183 4982 2468 5055 splendor
2505 4987 2561 5038 et
2592 4987 2755 5036 satus
2791 4994 2801 5033 :
2850 4986 2905 5034 et
2933 4981 3174 5035 castitas
3205 4981 3353 5050 ejus,
3388 4996 3497 5051 pu-

1844 5072 2065 5137 dicitia,
2088 5071 2600 5136 libertas,divinus
2628 5071 2762 5125 vitae
2785 5085 3143 5140 morumque
3165 5068 3495 5141 disciplinae

1845 5161 2016 5225 ordo,
2047 5160 2452 5232 doctrinisque
2480 5158 2809 5224 sinceritas,
2843 5158 3007 5230 apud
3046 5160 3278 5214 Grmcos
3318 5158 3498 5214 simul

1849 5258 1906 5307 et
1952 5250 2239 5307 Barbaros
2271 5248 2518 5304 miriﬁce
2574 5248 2835 5303 relucere
2883 5248 3257 5303 cernebatur.
3301 5254 3494 5320 Atque

1845 5340 1957 5401 illis
1991 5344 2194 5411 utpote
2218 5354 2354 5410 quae
2386 5338 2630 5393 minime
2653 5337 3000 5400 subsistant,
3038 5337 3321 5409 temporis
3361 5337 3492 5393 lon-

1845 5429 2176 5501 ginquitate
2228 5426 2663 5495 difﬂuentibus,
2713 5426 2889 5482 simul
2948 5425 3129 5481 etiam
3178 5432 3382 5482 coorta
3432 5427 3492 5484 in

1845 5519 2181 5577 doctrinam
2212 5522 2479 5574 nostram
2510 5517 2809 5573 invidiosa
2852 5514 3152 5572 calumnia
3187 5516 3444 5573 diffluxit
3478 5533 3497 5584 ;

1844 5610 2090 5683 solaque
2115 5623 2301 5682 quam
2333 5622 2447 5664 nos
2491 5606 2845 5679 proﬁtemur
2894 5605 3044 5663 ﬁdes
3096 5610 3153 5664 et
3203 5606 3495 5671 doctrina,
