4032 6282
515 279 625 341 987

1838 291 2229 352 NICEPHORI
2262 292 2582 352 CALLISTI

3803 295 3907 351 988

515 410 1008 486 sincerorumque
1059 414 1412 486 dogmatum
1454 419 1858 493 philosophia,
1891 424 1950 477 in
1998 426 2163 478 casto

2277 420 2458 485 ἰξεῖναι
2502 418 2782 494 δύσφημόν
2835 439 2888 474 τι
2936 425 3025 475 καὶ
3063 421 3285 494 ἄσεμνον
3328 420 3529 495 τολμᾷν
3556 421 3702 474 κατ’
3747 422 3913 484 αὐτῆς

517 499 697 556 simul
738 508 794 557 et
834 518 983 574 puro
1036 510 1189 561 statu
1219 523 1328 563 suo
1374 508 1620 579 pulchre
1666 516 1845 584 atque
1886 511 2166 567 decenter

518 590 792 661 perstitit,
829 596 892 647 ut
929 592 1210 666 deinceps
1240 612 1420 653 nemo
1450 598 1622 655 facile
1652 616 1758 671 per
1795 600 2163 657 calumniam

517 685 725 735 contra
762 695 896 737 eam
924 682 1149 739 infame
1172 686 1509 759 quidquam
1551 695 1607 745 et
1640 690 1987 746 indecorum
2030 705 2163 761 pro-

514 766 667 824 ferre
690 770 953 826 auderet.
985 773 1177 838 Quam
1208 790 1331 830 rem
1365 783 1610 843 veteres,
1635 780 1681 833 si
1711 779 1812 852 qui
1838 779 2165 852 aliquando

517 855 803 912 adversus
816 860 1082 916 Ecclesiae
1096 863 1403 921 catholicae
1416 867 1753 924 doctrinam
1768 870 2161 940 insurgerent,

515 945 578 1002 in
611 947 816 1018 primis
867 950 1067 1006 studio
1105 951 1463 1021 habuerunt,
1507 963 1748 1028 propter
1784 957 2163 1029 impurorum

517 1038 574 1091 et
602 1037 991 1107 profanorum
1032 1039 1347 1098 hominum
1389 1045 1920 1119 vaniloquentiam.
1956 1048 2021 1102 Et
2049 1046 2165 1102 hoc

519 1124 764 1197 quidem
791 1127 875 1182 sic
904 1128 1035 1201 ipsa
1068 1132 1259 1201 gratia
1305 1138 1361 1190 et
1400 1134 1770 1205 providentia
1797 1135 1898 1192 Dei
1938 1135 2159 1204 multis,

519 1214 599 1270 ita
621 1220 684 1271 ut
710 1215 926 1282 decuit,
959 1219 1151 1275 modis
1172 1220 1467 1279 efﬁciebat
1498 1240 1511 1279 :
1546 1225 1936 1281 nihilominus
1966 1231 2164 1282 tamen

518 1300 620 1356 illa
653 1302 799 1359 alios
818 1320 1080 1378 quoque,
1105 1311 1209 1381 qui
1247 1312 1547 1381 ejusmodi
1567 1314 1961 1371 deliramenta
1976 1330 2167 1387 oppu-

520 1398 790 1460 gnerent,
824 1395 882 1451 in
910 1397 1177 1454 medium
1197 1401 1497 1471 produxit,
1514 1419 1652 1460 cum
1673 1403 2022 1476 perniciosis
2048 1404 2165 1460 illis

518 1485 576 1536 et
615 1483 1037 1540 consceleratis
1069 1488 1283 1558 pedem
1321 1490 1664 1559 collaturos,
1691 1498 1749 1547 et
1778 1508 1899 1549 non
1930 1498 2165 1549 tantum

520 1570 689 1626 editis
716 1570 903 1641 libris,
934 1590 1145 1632 verum
1177 1579 1356 1635 etiam
1382 1580 1509 1635 sine
1541 1581 1763 1652 scripto
1811 1582 2167 1638 ﬁrmissimis

519 1660 1101 1721 demonstrationum
1132 1672 1311 1739 atque
1342 1669 1641 1726 rationum
1683 1671 2165 1742 probationibus,

2270 515 2526 584 χρωμένῳ
2548 508 2584 564 δ
2589 511 2768 584 ιαϐολῇ
2796 510 3046 587 ἐπιφέρειν
3069 533 3083 545 ·
3111 511 3147 564 ἃ
3168 509 3235 570 δὴ
3263 518 3372 572 τοῖς
3398 512 3563 564 πάλαι
3590 508 3714 564 διὰ
3750 529 3912 563 mw
4000 552 4001 587 ὴ

2275 597 2370 661 δῆς
2419 597 2575 667 ἦσαν,
2633 600 3115 672 ἐπισυνισταμένας
3167 603 3306 653 ἑατὰ
3356 609 3452 653 τοῦ
3506 600 3769 653 καθόλου
3828 610 3914 662 τῆς

2273 688 2588 752 Ἐκκλησίας
2644 685 2910 762 δόγματος
2965 698 3055 750 τῆς
3091 698 3192 742 τῶν
3236 687 3471 762 βεϐήλων
3526 692 3724 762 χάριν
3782 708 3912 741 κενο-

2275 782 2479 850 φωνίας.
2541 784 2641 832 Καὶ
2696 787 2849 832 τοῦτο
2905 781 2996 851 μεν
3044 781 3074 838 ἡ
3116 786 3209 831 τοῦ
3255 786 3392 832 Θεοῦ
3423 780 3666 852 πρόνοιά
3733 797 3798 831 τε
3834 786 3916 830 καὶ
4000 804 4001 807 π

2273 869 2438 942 χάρις
2465 867 2667 929 πολλοῖς
2707 872 2917 942 τρόποις
2955 870 3024 930 ὡς
3071 872 3243 943 χρεὼν
3276 864 3639 941 διεπράττετο
3684 882 3706 896 ⁸

2277 953 2327 1009 δ’
2354 953 2443 1021 ἶαύ
2490 964 2609 1020 ταῖς
2648 959 2916 1019 τοιαύταις
2962 957 3282 1028 ἐρεσχελίαις
3333 956 3916 1031 ἀντιστρατηγοῦντας

2274 1050 2366 1099 καί
2410 1065 2554 1108 τινας
2610 1046 2813 1121 ἑτέρους
2870 1054 3105 1118 παρῆγεν
3161 1046 3234 1108 εἰς
3297 1050 3480 1119 μέσον,
3563 1047 3764 1118 ὁμόσε
3818 1053 3919 1105 τοῖς

2276 1133 2565 1210 ἁλιτηρίοις
2610 1140 2699 1187 καὶ
2758 1134 3107 1207 παλαμναίοις
3167 1138 3370 1195 τούτοις
3426 1143 3805 1208 χωροῦντας,
3865 1135 3915 1185 οὗ

2276 1220 2350 1277 δι’
2379 1223 2643 1298 ἐγγράφων
2690 1225 2844 1296 μόνον
2899 1226 3035 1275 κατὰ
3084 1232 3184 1276 τῶν
3223 1222 3384 1276 ἀθέων
3413 1230 3511 1275 τοῦ
3543 1219 3822 1293 ψεύδους
3846 1224 3917 1273 αὶ-

2273 1317 2464 1387 ρέσεων
2522 1316 2966 1385 στρατευομένοις,
3018 1312 3147 1364 ἀλλὰ
3192 1317 3284 1365 καὶ
3344 1309 3419 1364 δι’
3478 1311 3770 1384 ἀγράφων
3833 1316 3909 1363 ui

2277 1399 2639 1475 ἀδαμαντίνων
2695 1404 2759 1463 ὡς
2816 1402 2973 1454 εἰπεῖν
3032 1397 3371 1464 ἀποδείξεων.
3414 1400 3503 1454 Ἐν
3563 1402 3657 1461 οἷς
3716 1409 3910 1472 πρῶτος

2275 1494 2407 1564 μετὰ
2478 1491 2748 1564 Κλήμεντα
2826 1495 2915 1543 καὶ
2993 1492 3245 1562 Ἰγνάτιον
3336 1494 3429 1543 καὶ
3518 1488 3909 1563 Πολὺκᾳη,

2276 1581 2557 1643 Ἰουστίνος
2584 1582 2612 1633 6
2660 1580 2708 1632 έν
2737 1583 2967 1655 μάρτυσι
2999 1580 3271 1653 φιλόσοφος
3307 1576 3368 1638 ἦν
3410 1596 3425 1609 ⁸
3478 1580 3646 1640 ὅστις
3707 1576 3776 1637 ἧν
3832 1584 3913 1630 καὶ

2277 1670 2403 1735 οἷος,
2444 1668 2635 1722 ἐκείνου
2682 1669 2939 1742 λέγοντος,
2995 1673 3045 1720 έν
3084 1677 3146 1742 τῇ
3203 1668 3305 1741 πρό
3349 1670 3562 1730 ταύτης
3589 1664 3631 1720 δ
3637 1667 3916 1737 ιελάϐομυ

3785 868 3915 936 ὅμως

520 1749 845 1822 impiarum
901 1752 1218 1810 haeresium
1266 1758 1583 1815 mendacia
1629 1759 2057 1817 debellaturos.
2102 1761 2169 1817 In

2280 1762 2503 1833 ἱστορίᾳ.
2565 1761 2710 1813 Μετὰ
2764 1755 2827 1812 δε
2879 1765 3063 1811 τοῦτον
3140 1757 3477 1830 Ἡγήσιππος
3559 1756 3910 1831 ἐγνωρίξετο.

519 1840 741 1912 quibus
771 1846 908 1911 post
932 1842 1314 1911 Clementem,
1346 1849 1639 1917 Ignatium
1661 1856 1717 1905 et
1740 1851 2155 1922 Polycarpum,

522 1927 752 1999 primus
796 1930 1065 1987 Justinus
1118 1948 1186 1989 ex
1228 1935 1603 2009 philosophis
1652 1945 1881 2011 martyr
1909 1938 2060 1995 fuit:
2092 1940 2167 1995 de

522 2032 645 2088 quo
671 2017 731 2072 in
764 2020 1056 2089 proximo,
1079 2024 1355 2094 quihunc
1376 2028 1696 2094 praecessit,
1711 2028 1863 2084 libro
1880 2027 2166 2084 diximus.

524 2108 660 2162 Post
706 2123 844 2163 eum
890 2110 1262 2183 Hegesippus
1308 2113 1552 2171 laudem
1594 2118 1844 2173 multam
1890 2118 2165 2174 obtinuit.

521 2195 612 2250 Ab
631 2195 745 2252 hoc
762 2199 965 2254 tertius
998 2201 1342 2273 Dionysius,
1360 2204 1800 2262 Corinthiorum
1823 2207 2165 2278 episcopus.

526 2287 798 2352 Quartus,
827 2289 1229 2346 Antiochenus
1268 2293 1650 2364 Theophilus.
1692 2296 1914 2351 Deinde
1953 2296 2172 2369 Philip-

523 2392 657 2449 pus,
689 2381 746 2432 et
796 2376 1109 2444 Modestus,
1170 2380 1380 2446 Melito,
1424 2384 1825 2455 Apollinarius
1880 2390 1937 2441 et
1982 2388 2172 2442 Musa-

522 2481 656 2520 nus.
703 2467 1045 2524 Secundum
1074 2469 1184 2525 hos
1214 2470 1517 2528 decimum
1566 2473 1766 2530 locum
1814 2480 2172 2531 consecutus

524 2560 615 2611 est
640 2555 1005 2612 Bardesanes
1030 2559 1234 2631 Syrus.
1265 2562 1371 2626 Qui
1397 2578 1540 2618 sane
1558 2578 1767 2620 omnes
1793 2564 2053 2636 plurima
2075 2581 2173 2621 va-

524 2644 737 2716 riaque
777 2645 1140 2719 reliquerunt
1191 2651 1548 2721 scriptorum
1597 2659 2035 2710 monumenta:
2099 2654 2173 2711 de

523 2734 766 2805 quibus,
799 2740 1094 2805 quantum
1126 2739 1473 2808 poterimus,
1502 2742 1563 2796 in
1594 2742 1863 2813 praesenti
1900 2742 2172 2799 dicemus

525 2828 711 2901 tomo.
749 2824 927 2895 288
970 2826 1152 2882 Sicuti
1182 2828 1241 2882 in
1272 2828 1516 2901 reliquis
1544 2845 1787 2903 quoque
1834 2830 2120 2888 faciemus
2155 2849 2168 2887 :

524 2926 635 2968 nec
675 2914 1028 2970 memoriam
1059 2915 1294 2972 illorum
1325 2918 1428 2989 qui
1461 2918 1642 2976 hosce
1671 2925 1810 2976 sunt
1844 2920 2168 2989 subsecuti,

524 3001 877 3058 intercidere
934 3003 1250 3074 patiemur.
1301 3007 1609 3063 Faciemus
1659 3009 1839 3064 etiam
1888 3010 2171 3083 deinceps

522 3090 889 3147 mentionem
908 3094 1189 3160 Pantasni,
1208 3098 1266 3149 et
1293 3095 1671 3152 Alexandrini
1696 3098 2031 3164 Clementis,
2063 3100 2169 3172 qui

520 3194 558 3234 ο,
586 3178 892 3236 volumine
922 3198 1031 3237 suo
1071 3184 1530 3253 cognominatus
1561 3191 1647 3241 est
1676 3191 2030 3261 Στρωματεύς,
2065 3204 2169 3245 seu

526 3270 842 3326 Contextor
866 3288 879 3325 :
916 3276 1199 3341 prmterea
1220 3272 1525 3329 Rhodonis
1542 3280 1598 3330 et
1618 3276 1908 3341 Miltiades,
1937 3276 2168 3348 Apollo-

524 3358 605 3413 nii
632 3362 687 3415 et
714 3359 1076 3431 Serapionis,
1098 3362 1302 3417 lrenasi
1327 3363 1717 3437 etHippolyti,
1738 3371 1793 3422 et
1817 3371 2169 3423 cancrorum

525 3462 716 3519 usque
740 3447 818 3503 ad
847 3448 1044 3520 ipsum
1066 3449 1480 3508 doctissimum
1510 3453 1808 3524 Originem
1845 3467 1858 3507 :
1886 3455 1992 3527 qui
2030 3471 2169 3512 ora-

523 3535 702 3592 tionis
730 3537 964 3608 virtute,
996 3538 1286 3605 doctrina,
1323 3544 1847 3617 monumentisque
1885 3543 2171 3601 librorum

524 3624 853 3697 plurimum
879 3626 1232 3699 professioni
1263 3628 1609 3687 Christianae
1637 3632 2013 3689 contulerunt
2044 3649 2170 3689 mo-

524 3715 733 3771 menti.
773 3716 853 3773 De
901 3718 1081 3790 Papia
1118 3718 1381 3790 quidem,
1426 3721 1750 3788 Quadrato,
1808 3722 2060 3778 Aristide
2114 3726 2171 3780 et

526 3819 800 3875 agamus.

1177 3955 1400 4011 CAPUT
1428 3952 1521 4010 VI.

528 4055 609 4113 De
630 4055 818 4125 libris,
842 4075 987 4131 quos
1004 4060 1274 4118 Justinus
1294 4064 1452 4117 inter
1470 4069 1769 4190 iram/res
1783 4063 2174 4135 philosophus

1183 4149 1483 4190 composui
1515 4177 1530 4190 .

1183 4149 1530 4204 composuit.

600 4246 897 4304 Permulta
924 4247 974 4304 is
1003 4249 1250 4321 quidem
1289 4250 1473 4306 edidit
1512 4251 1732 4322 scripta
1760 4266 1773 4305 :
1807 4267 1942 4323 quae
1975 4255 2174 4307 autem

530 4335 607 4392 ad
637 4351 748 4391 nos
772 4339 1331 4407 pervenerunt,bmc
1362 4345 1537 4395 sunt:
1566 4340 1652 4395 Ad
1676 4340 2039 4396 Antoninum
2071 4341 2174 4413 qui

528 4426 662 4481 Pius
684 4426 1141 4496 cognominatus
1166 4438 1273 4493 est,
1304 4434 1360 4485 et
1385 4428 1604 4485 liberos
1638 4432 1786 4500 ejus,
1813 4432 2177 4485 Romanum-

531 4530 648 4586 que
666 4519 959 4582 senatum,
976 4531 1084 4587 pro
1108 4516 1227 4572 ﬁde
1242 4523 1466 4582 nostra,
1482 4518 1696 4574 oratio.
1722 4520 1917 4574 Altera
1934 4534 2176 4592 quoque

530 4602 797 4674 ejusdem
847 4606 1204 4675 argumenti,
1238 4607 1313 4662 ad
1346 4609 1605 4664 Marcum
1647 4610 1860 4663 Verum
1897 4608 2176 4664 Antonini

527 4708 935 4749 successorem
962 4694 1249 4752 defensio.
1283 4697 1481 4752 Oratio
1515 4697 1657 4753 item
1687 4697 1803 4754 alia
1832 4698 1910 4753 ad
1941 4698 2177 4753 Graecos

530 4785 771 4857 scripta,
808 4785 869 4839 in
909 4799 1031 4857 qua
1079 4785 1265 4841 multa
1294 4786 1368 4841 de
1398 4792 1614 4843 natura
1643 4786 1990 4843 daemonum
2019 4786 2179 4843 facit

528 4875 751 4931 verba:
782 4890 917 4946 qua:
944 4890 1087 4930 sane
1126 4874 1229 4930 diu
1262 4875 1638 4947 multumque
1659 4881 1715 4932 et
1740 4876 1904 4947 apud
1941 4878 2176 4932 Graecos

529 4964 851 5035 sapientes,
867 4968 924 5018 et
939 4963 1103 5035 apud
1118 4971 1352 5020 nostros
1366 4964 1586 5037 agitata
1611 4969 1698 5020 est
1716 4964 1988 5037 quaestio.
2010 4963 2181 5020 Liber

528 5068 739 5109 rursus
769 5052 922 5108 alius
972 5053 1048 5109 ad
1098 5055 1331 5109 Graecos
1377 5055 1588 5122 editus,
1634 5054 1806 5125 cujus
1852 5053 2052 5109 titulus
2094 5056 2183 5109 est

533 5142 901 5213 Confutatio.
925 5143 1071 5198 Item
1092 5141 1240 5198 liber
1265 5144 1351 5199 De
1366 5143 1719 5200 monarchia
1739 5143 1864 5207 Dei,
1893 5142 2068 5213 cujus
2091 5158 2182 5198 ar-

532 5238 818 5302 gumenta
834 5235 890 5287 et
920 5230 1083 5287 locos
1105 5247 1226 5287 non
1252 5232 1447 5289 solum
1479 5248 1552 5288 ex
1582 5238 1947 5298 nostrorum,
1973 5247 2181 5287 verum

531 5320 706 5376 etiam
737 5319 1127 5390 profanorum
1157 5328 1472 5377 auctorum
1498 5321 1662 5377 libris
1688 5321 2005 5393 decerpsit.
2038 5321 2184 5376 Prm-

534 5414 693 5465 terea
730 5408 880 5465 liber
921 5411 1024 5483 qui
1071 5410 1413 5468 inscribitur
1464 5412 1717 5468 Psalles.
1748 5411 2051 5467 Scholium
2106 5409 2183 5465 de

532 5498 757 5562 anima,
788 5498 849 5554 in
872 5514 993 5571 quo
1023 5501 1454 5572 quaestionibus
1489 5501 1666 5557 variis
1686 5500 2183 5574 philosophorum

536 5591 874 5648 Graecorum
908 5588 1193 5663 expositis
1239 5590 1552 5663 opiniones
1581 5590 1882 5666 quosdam
1912 5587 2182 5665 apponit,

2274 1853 2462 1922 Τρίτος
2490 1851 2573 1902 ἰπὶ
2629 1850 2796 1919 τούτῳ
2843 1850 3113 1910 Διονύσιος
3155 1844 3213 1905 ἦν
3258 1848 3286 1899 6
3326 1848 3633 1920 Κορινθίων
3701 1844 3913 1898 ἐπίστιος
4000 1886 4001 1921 ξ

2274 1958 2390 2001 πος.
2444 1941 2697 2011 Τέταρτος
2747 1939 2775 1989 6
2812 1946 2905 1998 τῆς
2955 1938 3237 2010 Ἀντιόχου
3290 1935 3573 2008 Θεόφιλος.
3651 1936 3913 1995 Φίλιππος
4000 1974 4001 1981 η

2275 2026 2360 2080 ἐπὶ
2398 2030 2603 2088 τούτοις
2645 2032 2733 2079 καὶ
2788 2023 3057 2087 Μόδεστος
3089 2045 3102 2058 ·
3150 2022 3259 2078 εἶτα
3288 2024 3555 2087 Μελίτων,
3593 2024 3907 2077 Ἀπολλοθέ-

2273 2122 2389 2193 ριός
2438 2136 2493 2169 τε
2520 2121 2610 2169 καὶ
2657 2121 2933 2178 Μουσανός
2963 2134 2977 2148 ·
3020 2114 3105 2168 ἐπὶ
3148 2117 3347 2175 τούτοις
3391 2118 3481 2166 τόν
3517 2110 3768 2166 δέκατον

2274 2225 2441 2282 ραινεν
2473 2205 2691 2279 ἀριθμὸν
2740 2201 3082 2277 Βαρδησάνός
3129 2205 3156 2256 ὁ
3214 2206 3401 2277 Σύρος.
3461 2202 3539 2255 Οἱ
3580 2199 3658 2261 δὴ
3728 2206 3897 2262 πάντες

2275 2297 2495 2350 πλεῖστα
2539 2299 2629 2348 καὶ
2692 2292 2922 2369 διάφορα
3004 2293 3364 2366 συγράμματά
3416 2292 3894 2345 καταλελοίπασι’

2276 2390 2394 2460 περὶ
2424 2386 2491 2436 ὧν
2538 2387 2608 2446 ὡς
2650 2383 2755 2436 ένόν
2791 2403 2852 2454 γε
2889 2391 2961 2453 τῷ
2991 2387 3211 2454 παρόντι
3261 2386 3404 2453 τόμῳ
3457 2378 3855 2452 διαληψόμεθα
3880 2401 3893 2413 ·

2278 2478 2345 2536 ὡς
2390 2471 2458 2533 δὴ
2499 2472 2595 2525 κᾶν
2647 2480 2753 2533 τοῖς
2794 2473 3056 2525 εἰσέπειτα
3103 2468 3387 2546 δράσομεν,
3428 2478 3537 2522 τῶν
3599 2475 3743 2543 μετὰ
3790 2472 3891 2522 τού-

2277 2582 2401 2625 τους
2438 2562 2612 2635 apii};
2664 2566 2755 2621 τὴν
2794 2564 2970 2633 μνείαν
3026 2560 3253 2618 ἄληστον
3298 2556 3722 2633 διατηροῦντες.
3766 2566 3891 2613 na:-

2278 2658 2456 2706 ταίνου
2511 2656 2612 2725 γὰρ
2687 2656 2746 2704 τό
2822 2653 2954 2723 μετᾶ
3004 2657 3156 2703 τοῦτο
3211 2654 3585 2721 μεμνήσομαι,
3644 2653 3739 2701 καὶ
3804 2655 3885 2701 τοῦ

2280 2738 2653 2814 ’Δλεξανδρέως
2728 2739 3011 2811 Κλήμενος,
3086 2738 3143 2799 ὃς
3219 2735 3287 2797 δὴ
3357 2736 3461 2790 ἀπὸ
3552 2746 3653 2799 τῆς
3713 2736 3875 2810 βίϐλον

2280 2834 2616 2904 Στρωματεὺς
2671 2830 2949 2901 ὠνομάσθη
2994 2842 3007 2856 ⁶
3063 2835 3157 2881 τοῦ
3203 2846 3257 2880 τε
3296 2824 3566 2890 Ῥὀδωνος
3626 2833 3715 2880 καὶ
3760 2827 3872 2880 ML)-

2279 2918 2488 2986 τιάδου,
2547 2918 2891 2974 Ἀπολλωνίου
2945 2936 2999 2970 τε
3077 2922 3167 2970 καὶ
3224 2924 3315 2969 τοῦ
3374 2922 3728 2989 Σεραπίωνος,
3778 2920 3851 2965 ni

2278 3016 2370 3063 τοῦ
2425 3009 2724 3083 Εἰρηναίου,
2783 3012 2875 3060 καὶ
2930 3005 3257 3071 Ἱππολύτου,
3318 3010 3408 3058 καὶ
3479 3014 3600 3058 τῶν
3648 3003 3832 3064 2.15358,

2278 3100 2414 3173 ἄχρι
2445 3095 2513 3157 δὴ
2566 3102 2655 3151 καὶ
2698 3096 2860 3149 αὐτοῦ
2906 3104 3008 3148 τῶν
3059 3094 3393 3167 πολυμαθοῦς
3443 3094 3756 3169 Ὠριγὼονς·
3786 3090 3829 3141 ἓν

2278 3206 2332 3239 τε
2386 3186 2542 3257 λόγου
2596 3182 2817 3256 δυνάμει
2874 3188 2962 3235 καὶ
3020 3179 3368 3254 διδασκαλίᾳ,
3429 3186 3746 3256 συγγραφαῖς
3790 3194 3840 3228 τε

2281 3274 2493 3349 βίϐλων,
2524 3277 2591 3327 τὰ
2640 3277 2868 3346 μέγιστα
2907 3280 3006 3325 τῶν
3053 3271 3172 3325 καθ’
3221 3274 3360 3344 ἡμᾶς
3402 3271 3559 3345 λόγῳ
3605 3270 3853 3345 συνεριμί-

2278 3386 2394 3419 νων.
2452 3368 2578 3438 Περὶ
2658 3366 2835 3435 μέντοι
2911 3364 3111 3427 Παπία,
3178 3357 3473 3436 Κοδράτου,
3559 3353 3864 3436 ’Δρίος-ἀδελ

2278 3458 2368 3507 καὶ
2457 3455 2724 3528 Κάστορος
2815 3454 3215 3526 προειρήκαμεν.
3317 3450 3479 3504 Ἀλλὰ
3569 3457 3697 3524 περὶ
3778 3454 3862 3499 τῶν

2283 3545 2673 3619 συγγρμμάτων
2737 3541 3026 3595 ’Ῑουστίνου
3097 3543 3156 3592 τό
3235 3558 3296 3611 γε
3352 3547 3444 3591 νῦν
3523 3541 3661 3612 ἕχον
3711 3534 3875 3592 διαλι-

2278 3651 2453 3686 πτεον.

2225 3724 2466 3781 Castore
2516 3723 2694 3777 antea
2759 3718 3042 3776 diximus.
3092 3720 3261 3775 Nunc
3320 3716 3396 3774 de
3443 3717 3679 3775 Justini
3733 3712 3881 3773 libris

2902 3964 3144 4016 ΚΕΦΔΛ.
3166 3959 3261 4035 ς.

2284 4064 2436 4135 Περὶ
2474 4059 2555 4112 ὧν
2618 4059 3014 4135 συνετάξατο
3079 4058 3283 4135 λόγων
3336 4057 3717 4120 Ἰουστῖνος
3753 4058 3779 4109 ὀ
3833 4059 3882 4106 ἐν

2734 4133 3013 4208 μάρτυσι
3050 4131 3417 4203 φιλόσοφος.

2210 4232 2252 4287 D
2354 4250 2533 4320 Τούτῳ
2578 4247 2742 4300 πολλὰ
2777 4249 2867 4319 μὲν
2917 4247 3210 4320 συνεγράφη
3263 4244 3444 4319 βιϐλία
3484 4260 3498 4275 ·
3535 4243 3575 4296 ἃ
3600 4240 3660 4297 δ’
3716 4240 3801 4296 οὖν
3822 4240 3881 4299 εἰς

2284 4341 2425 4411 ἡμᾶς
2479 4335 2655 4403 ἦλθον,
2722 4337 2887 4390 ταῦτά
2943 4336 3072 4388 εἰσιν
3107 4351 3121 4366 ’
3172 4337 3198 4388 6
3246 4337 3378 4409 πρὸς
3442 4333 3765 4388 Ἀντωνίνον
3810 4334 3879 4381 τὸν

2285 4426 2483 4485 Εύσεϐἤ
2535 4425 2878 4484 ἐπικληθέντα
2923 4428 3167 4485 καὶτοὺς
3207 4423 3369 4476 αὐτοῦ
3417 4419 3649 4487 παῖδας,
3712 4428 3802 4481 τήν
3835 4436 3875 4468 τε

2282 4517 2545 4589 Ῥωμαίων
2600 4514 2894 4586 σύγκλητον
2943 4515 3373 4587 προσφωνητικός
3422 4512 3555 4585 ὑπερ
3617 4521 3732 4565 τῶν
3782 4506 3872 4560 χεῦ’

2285 4609 2421 4679 ἡμᾶς
2491 4602 2768 4677 δογμάτων
2846 4608 3081 4678 γραφείς.
3145 4605 3407 4676 Δεύτερος,
3467 4600 3768 4673 ἀπολογίαν
3805 4614 3867 4648 πε·

2284 4699 2478 4769 ριέχων
2527 4691 2775 4767 δευτέραν
2830 4694 2958 4763 ὑπερ
3012 4700 3108 4753 τῆς
3166 4693 3312 4764 ἡμῶν
3363 4694 3639 4749 πίστεως’
3711 4691 3768 4743 ὃν
3804 4702 3861 4737 τεο

2284 4790 2501 4843 ποίηται
2546 4786 2672 4857 πρὸς
2720 4784 2931 4855 Μάρκον
2984 4781 3187 4854 Ούῆρον
3239 4783 3326 4833 τὸν
3356 4778 3673 4833 Ἀντωνίνοξρ
3719 4771 3862 4832 διάδο-

2285 4893 2406 4946 χον.
2468 4875 2572 4928 Καὶ
2618 4870 2767 4932 ἄλλος
2806 4870 2947 4941 αύτῷ
2982 4869 3131 4941 λόγος
3168 4873 3301 4942 πρὸς
3339 4867 3592 4928 Ἐλληνας
3637 4867 3872 4924 ἕπονόθι,

2288 4962 2336 5015 έν
2461 4960 2621 5015 πολύν
2659 4968 2888 5013 ποιεῖται
2935 4964 3054 5035 περὶ
3093 4967 3189 5021 τῆς
3226 4967 3327 5012 τῶν
3382 4953 3651 5028 δαιμόνων
3701 4960 3877 5030 φύσεως

2286 5051 2459 5124 λόγον,
2505 5050 2728 5103 πλεῖστα
2757 5046 2825 5107 δὴ
2858 5053 2950 5101 καὶ
2999 5047 3248 5110 πολλάκις
3276 5048 3420 5120 παρά
3463 5064 3516 5099 τε
3558 5052 3675 5107 τοῖς
3725 5044 3879 5099 ἐλλὲο

2287 5162 2385 5194 νων
2442 5146 2617 5212 σοφοῖς
2658 5143 2747 5192 καὶ
2794 5138 2916 5213 παρ’
2977 5140 3102 5209 ἡμῖν
3166 5136 3579 5198 ἔπιζητηθείσης
3625 5144 3734 5197 τῆς
3776 5134 3880 5185 {meo

2293 5232 2497 5290 θέσεως.
2554 5232 2655 5281 Καὶ
2694 5227 2843 5280 ἄλλον
2896 5223 2956 5279 δε
3009 5222 3247 5299 δεύτερον
3300 5228 3430 5299 πρὸς
3474 5222 3737 5285 Ἕλληνας
3772 5220 3879 5295 γρά-

2291 5337 2391 5391 φει,
2443 5318 2494 5378 ὃς
2556 5316 2845 5392 έπιγραφὴν
2896 5313 3202 5387 Ἔλεγχος
3271 5313 3517 5385 εἴληχεν·
3595 5313 3777 5387 ἕτερος
3832 5304 3880 5359 δί

2291 5408 2431 5478 αύτῷ
2453 5410 2609 5480 Περὶ
2648 5413 2809 5460 Θεοῦ
2847 5408 3216 5478 μοναρχίας
3253 5402 3471 5476 ἰγράφη,
3506 5405 3605 5460 τὴν
3627 5404 3877 5454 σύστασιν

2290 5496 2509 5569 εἰληφὼς
2555 5499 2615 5549 ού
2642 5499 2797 5568 μόνον
2848 5493 2904 5546 ἔκ
2949 5501 3051 5546 τῶν
3096 5494 3355 5566 ἡμετέρων
3409 5489 3631 5565 βίϐλων,
3662 5489 3794 5542 ἀλλά
3828 5503 3878 5557 γε

2292 5583 2360 5649 δὴ
2404 5590 2494 5640 καὶ
2523 5592 2625 5641 τῶν
2654 5586 2870 5661 θύραθεν
2896 5600 2910 5615 ’
2959 5581 3044 5639 ἐπὶ
3086 5585 3287 5661 τούτοις
3320 5582 3375 5636 ὂν
3406 5578 3672 5661 έπέγραψε
3730 5574 3875 5635 Ψάλ-
