4032 6282
52 318 179 376 989

1148 316 1717 379 ECCLESIASTICB
1750 316 2129 377 HISTORLE
2164 319 2300 378 LIB.
2338 319 2437 379 IV.

3362 310 3476 375 990

51 463 171 507 της
204 461 222 475 ο
271 448 381 499 καὶ
433 444 651 519 σχόλιον
705 441 766 499 δε
823 444 1093 499 συντάττει
1138 452 1257 519 περὶ
1300 447 1489 519 ψυχῆς
1520 463 1536 478 ·
1586 446 1635 499 iv
1664 446 1704 517 ᾧ

1818 445 2103 502 adversus
2137 461 2292 518 quas
2324 445 2589 503 rationes
2618 459 2763 502 suas
2793 459 2857 502 se
2885 442 3214 517 aliquando
3253 442 3477 516 produ‘

51 532 384 609 διαφόρους
442 538 652 597 πεύσεις
700 544 800 589 τῶν
840 537 963 611 παρ’
1002 535 1229 594 Ἕλλησι
1281 536 1571 610 φιλοσόφων
1625 534 1706 589 ita

52 627 309 696 θέμενος,
352 620 509 687 δόξας
552 627 698 687 τινὰς
746 626 1120 698 παρατίθεται·
1175 625 1259 687 αἷς
1313 622 1381 684 δὴ
1430 630 1518 678 καὶ
1563 624 1709 697 λογι-

51 721 162 774 κῶς
223 712 552 771 ἀπαντῆσαι
614 713 1011 785 έπαγγέλλεται,
1082 713 1133 776 ἐς
1192 714 1409 787 ὕστερον
1465 719 1555 767 καὶ
1613 719 1707 772 τήν

52 802 266 855 ἑαυτοῦ
354 799 517 865 δόξαν
603 805 652 855 iv
724 802 879 876 ἑτέρῳ
935 804 1247 878 παραθεῖναι
1308 805 1706 877 συγγράμματι.

51 890 282 966 Ἐτερον
320 887 391 944 δε
442 893 738 944 καὶκατὰ
787 896 1179 968 Μαρκίωνος
1241 899 1353 946 τοῦ
1392 898 1709 945 Ποντικοῦ

59 982 374 1034 συντάττει
406 978 636 1052 βιϐλίον,
660 979 709 1033 iv
740 980 881 1051 ᾧκαὶ
894 988 1063 1034 ταῦτα
1076 978 1296 1045 διέξεισι
1321 996 1336 1011 ⁶
1368 1003 1397 1032 ι(
1427 985 1713 1055 Μαρκίωνα

59 1067 127 1123 δέ
192 1088 334 1122 τινα
394 1072 665 1137 Ποντικὸν,
745 1070 800 1132 ὃς
855 1075 946 1124 καὶ
1009 1078 1098 1124 νῦν
1150 1074 1223 1124 ἔτι
1274 1066 1548 1124 διδάσκων
1591 1072 1713 1134 τοὺς

57 1160 430 1231 πειθομένους
487 1158 637 1212 ἄλλον
701 1162 821 1212 τινὰ
874 1156 1001 1213 εἶναι
1062 1159 1293 1233 νομίζειν
1349 1160 1567 1233 μείζονα
1618 1166 1712 1212 τοῦ

59 1245 434 1321 δημιουργοῦ
465 1255 599 1302 Θεοῦ
628 1264 645 1281 ⁶
701 1248 753 1310 ὃς
779 1253 871 1303 καὶ
926 1251 1061 1303 κατὰ
1105 1256 1207 1303 πᾶν
1252 1253 1398 1322 γένος
1434 1248 1714 1324 ἀνθρώπων

62 1334 164 1392 διὰ
226 1344 338 1400 τῆς
411 1345 512 1390 τῶν
578 1334 842 1411 δαιμόνων
898 1338 1209 1411 συλλήψεως
1262 1338 1481 1401 πολλοὺς
1544 1341 1716 1393 ἔπεισε

62 1427 388 1501 βλάσφημα
432 1426 619 1499 λέγειν,
669 1433 761 1481 καὶ
800 1427 1075 1502 ἀρνεῖσθαι
1147 1432 1236 1482 τὸν
1285 1432 1509 1487 ποιητὴν
1559 1422 1717 1481 τοῦδε

60 1524 159 1570 τοῦ
188 1519 409 1578 παντὸς
436 1521 644 1592 Πατέρα
698 1514 829 1570 εἶναι
868 1525 963 1570 τοῦ
1002 1525 1240 1594 Χριστοῦ
1272 1534 1286 1549 °
1321 1517 1472 1571 ἄλλον
1513 1513 1574 1571 δέ
1600 1530 1718 1570 τινα

63 1608 135 1668 ὡς
197 1610 338 1660 ὄντα
401 1606 618 1678 μείζονα
665 1610 811 1682 παρὰ
886 1615 1066 1660 τοῦτον
1121 1607 1395 1681 ὁμολογεῖν
1444 1612 1719 1667 πεποιηκέ-

60 1715 173 1749 ναι.
221 1700 337 1750 Καὶ
390 1696 575 1757 πάντες
622 1698 670 1749 οἱ
710 1694 812 1749 ἀπὸ
856 1700 1049 1750 τούτων
1111 1699 1434 1771 ὡρμημένοι,
1491 1701 1556 1759 ὡς
1600 1699 1718 1771 ἔφα-

1815 540 2073 606 cturum,
2127 536 2604 609 sententiamque
2649 551 2823 592 suam
2876 535 2994 591 alio
3037 533 3473 590 commentario

1816 625 2231 695 expositurum
2271 624 2599 696 pollicetur.
2643 624 2815 680 Liber
2853 624 3071 680 Contra
3112 623 3472 679 Marcionem

1820 714 2121 771 Ponticum
2149 715 2544 786 compositus,
2577 716 2636 770 in
2667 730 2811 787 quo,
2844 714 3016 771 sicuti
3035 720 3092 769 et
3113 715 3174 769 in
3203 714 3473 770 oratione

1817 803 1897 860 ad
1925 803 2292 860 Antoninum
2323 804 2766 876 imperatorem,
2794 803 2924 859 haec
2953 818 3198 876 quoque
3229 802 3467 861 scribit:

1824 912 1852 944 α
1886 893 2138 949 Marcion
2170 894 2443 950 Ponticus
2482 892 2662 949 hodie
2700 907 2944 965 quoque
2985 898 3304 948 sectatores
3332 906 3474 948 suos

1819 981 2013 1047 docet,
2047 982 2228 1038 alium
2279 981 2609 1055 quemdam
2652 981 2942 1053 majorem
2982 996 3053 1037 eo
3097 981 3203 1054 qui
3256 980 3477 1038 creavit

1819 1071 2047 1139 omnia,
2077 1087 2208 1127 esse
2253 1073 2437 1127 Deum
2478 1088 2493 1126 :
2539 1071 2642 1144 qui
2683 1073 2863 1128 etiam
2909 1086 3017 1144 per
3057 1086 3238 1128 omne
3286 1085 3476 1141 genus

1822 1158 2158 1226 hominum,
2215 1160 2565 1216 daemonum
2620 1159 2804 1217 fretus
2863 1158 3107 1227 auxilio,
3165 1158 3477 1232 permultis

1822 1250 2140 1322 persuasit,
2170 1253 2234 1305 ut
2261 1249 2623 1322 blasphema
2653 1249 2938 1313 dicerent,
2974 1249 3152 1321 289
3183 1253 3239 1304 et
3269 1263 3478 1321 perne-

1824 1342 2033 1408 garent
2061 1338 2345 1395 factorem
2376 1339 2553 1395 totius
2584 1338 2766 1409 hujus
2796 1338 3055 1394 universi
3085 1344 3312 1409 patrem
3344 1351 3478 1393 esse

1825 1427 2058 1492 Christi,
2090 1427 2195 1483 sed
2234 1427 2418 1484 alium
2456 1428 2787 1500 quemdam
2827 1427 2940 1483 isto
2982 1428 3278 1500 majorem
3316 1426 3478 1483 hunc

1826 1532 2062 1573 creasse
2090 1517 2526 1589 proﬁterentur.
2549 1518 2736 1590 Atque
2761 1532 2974 1573 omnes
3000 1517 3103 1589 qui
3133 1516 3211 1573 ab
3241 1517 3311 1571 iis
3337 1531 3478 1588 pro-

1823 1611 2135 1673 venerunt,
2167 1606 2685 1679 quemadmodum
2722 1605 2997 1671 diximus,
3031 1606 3334 1662 Christiani
3376 1620 3480 1662 vo-

1827 1700 2039 1753 cantur
2070 1712 2084 1751 :
2117 1695 2283 1751 haud
2317 1696 2486 1752 aliter
2521 1712 2730 1769 quam,
2769 1712 2905 1752 cum
2946 1695 3319 1768 philosophis
3352 1708 3477 1751 non

64 1804 181 1858 μεν,
216 1789 551 1861 Χριστιανοὶ
587 1784 869 1838 καλοῦνται
902 1803 915 1814 ·
951 1785 1006 1837 ὃν
1070 1791 1261 1861 τρόπον
1312 1790 1401 1838 καὶ
1448 1786 1507 1839 οὗ
1535 1794 1710 1839 κοινῶν

1828 1786 1943 1841 sint
1996 1785 2346 1842 communia
2393 1785 2700 1855 dogmata,
2750 1785 2916 1858 quod
2966 1790 3165 1841 tamen
3215 1784 3477 1857 philoso-

66 1878 232 1927 ὄντων
285 1871 580 1947 δογμάτων
654 1881 763 1936 τοῖς
817 1872 972 1947 φιλοσ
1003 1879 1162 1947 όφοις,
1215 1878 1275 1928 τὸ
1321 1874 1719 1948 έπικαλούμενον

74 1968 242 2037 ὄνομα
289 1971 395 2025 τῆς
436 1963 745 2036 φιλοσοφίας
774 1968 942 2017 κοινόν
972 1964 1135 2019 ἐστιν.
1174 1986 1196 2014 ι
1260 1965 1349 2026 Οἷς
1391 1965 1504 2028 ἑξῆς
1540 1965 1718 2037 ἀπάγει

72 2052 238 2125 λέγων
269 2069 281 2082 ·
314 2070 347 2103 α
386 2057 541 2107 Ἔστι
591 2049 650 2106 δε
687 2054 813 2125 ἡμῖν
868 2058 959 2106 καὶ
1020 2056 1319 2127 σύνταγμα
1363 2056 1501 2107 κατὰ
1534 2063 1718 2108 πασῶν

77 2150 181 2194 τῶν
229 2145 594 2215 γεγενημένων
655 2144 903 2216 αἱρέσεων
933 2157 947 2171 ⁸
1066 2142 1109 2195 εἰ
1185 2140 1436 2215 βούλεσθε
1461 2142 1716 2216 ἐντυχεῖν,

82 2228 355 2304 δώσομεν.
389 2252 419 2279 η
455 2236 551 2284 Καὶ
590 2227 837 2302 διάλογον
876 2228 936 2285 δὲ
995 2234 1127 2306 πρὸς
1162 2229 1465 2295 Ἰουδαίους
1492 2240 1719 2286 ποιεῖται

86 2320 143 2372 ὃν
173 2328 235 2393 τῇ
274 2320 535 2393 Ἐφεσίων
590 2317 900 2397 διατρίϐων,
956 2324 1089 2395 πρὸς
1161 2324 1414 2396 Τρύφωνα
1463 2324 1717 2395 ἐπίσημον

89 2409 212 2481 παρ’
266 2408 533 2481 Ἑϐραίοις
576 2406 748 2485 ἄνδρα
801 2417 1096 2485 προσφωνεῖ
1127 2427 1140 2441 ⁸
1185 2409 1233 2463 iv
1395 2419 1572 2484 σαφῶς
1619 2431 1716 2466 πα-

96 2504 271 2571 ριστᾷ,
326 2499 523 2561 ὅπωςή
582 2506 678 2551 τοῦ
722 2506 858 2553 Θεοῦ
895 2502 1058 2575 χάρις
1125 2502 1209 2552 επὶ
1248 2502 1337 2552 τὸν
1372 2508 1468 2563 τῆς
1490 2505 1717 2570 πίστεως

100 2595 281 2640 τοῦτον
318 2588 473 2660 λόγον
517 2589 751 2642 εἵλκυσεν
785 2606 797 2619 ·
831 2590 966 2649 ὅπως
1019 2607 1075 2642 τε
1120 2595 1231 2651 τοῖς
1279 2588 1580 2664 φιλοσόφοις
1616 2611 1716 2664 μα-

115 2677 317 2748 θήμασι
360 2682 456 2736 τὴν
513 2673 757 2737 σπουδὴν
803 2677 1137 2731 κατανάλωσε
1169 2700 1182 2713 ·
1236 2684 1328 2732 καὶ
1375 2682 1443 2742 ὡς
1486 2679 1713 2735 ἐντεῦθεν

119 2763 353 2838 ἰκθύμως
417 2767 498 2820 ἐπὶ
566 2772 662 2827 τὴν
713 2774 801 2828 τῆς
863 2765 1107 2831 ἀληθείας
1189 2764 1385 2843 ἔδραμε
1462 2770 1709 2830 ζήτησιν.

123 2857 275 2925 Λέγει
306 2851 381 2922 δὲ,
427 2858 491 2918 ὡς
517 2861 608 2909 καὶ
665 2853 919 2909 Ἰουδαῖοι
973 2860 1236 2916 συσκευὴν
1277 2859 1415 2910 κατὰ
1451 2866 1546 2922 τῆς
1576 2867 1713 2933 Χρι-

122 2950 238 2995 στοῦ
299 2940 657 3008 διδασκαλίας
729 2948 1136 3012 συνεστήσαντο,
1204 2954 1427 2999 τοιαῦτα
1474 2950 1713 3022 Τρύφωνι

112 3027 306 3094 διεξιών
331 3055 347 3068 ·
390 3052 425 3088 α
467 3035 544 3087 Ού
602 3038 755 3105 μόνον
779 3030 838 3088 δὲ
868 3034 927 3087 ού
964 3039 1308 3108 μετηοήσατε
1341 3034 1412 3109 ἐφ’
1451 3039 1524 3098 οἷς
1558 3037 1713 3111 ἐπρά-

111 3119 222 3183 ξατε
294 3131 501 3191 κακῶς,
578 3123 707 3177 ἀλλὰ
772 3121 971 3199 ἄνδρας
1054 3123 1320 3187 ῖκλεκτοὺς
1391 3124 1712 3200 ἐκλεξάμενοι

106 3214 229 3278 τότε,
292 3212 401 3267 ὰπὸ
467 3212 812 3289 Ἰερουσαλὴμ
877 3213 1206 3288 ἰξέπίμψατε
1251 3214 1322 3277 εἰς
1385 3221 1559 3269 πᾶσαν
1616 3222 1712 3277 τὴν

109 3308 218 3369 γῆν,
285 3302 528 3376 λέγοντες
581 3304 782 3377 αἰρεσιν
843 3304 993 3356 ἄθεον
1055 3304 1311 3376 πεφάνθαι
1358 3312 1709 3377 Χριστιανῶν,

112 3390 483 3465 καταλέγοντές
527 3412 582 3446 τε
607 3400 795 3461 ταῦτα,
847 3392 975 3468 άπερ
1034 3394 1154 3445 καθ’
1191 3396 1337 3466 ἡμῶν
1377 3397 1426 3447 οἱ
1465 3394 1710 3467 ἀγνοοῦν-

108 3499 186 3543 τες
220 3485 358 3555 ἡμᾶς
412 3483 637 3544 ἅπαντες
678 3482 917 3555 λέγουσιν
952 3497 966 3511 ⁸
1005 3484 1139 3535 ὥστε
1192 3482 1252 3535 ού
1301 3488 1453 3556 μόνον
1502 3483 1712 3548 ἀδικίας

107 3568 297 3633 ἑαυτοῖς
335 3576 507 3626 αἴτιοι
562 3573 849 3647 ὑπάρχετε,
895 3571 1026 3625 ἀλλὰ
1071 3576 1161 3625 καὶ
1214 3580 1323 3636 τοῖς
1367 3573 1539 3637 ἄλλοις
1579 3575 1713 3628 ἄπα-

112 3677 191 3711 σιν
234 3661 411 3725 ἁπλῶς
470 3662 779 3736 ἀνθρώποις.
814 3682 844 3715 ››
891 3663 1083 3738 Γράφει
1141 3658 1201 3715 δέ
1241 3667 1332 3716 καὶ
1379 3665 1456 3716 ὅτι
1499 3663 1582 3718 ἕπὶ
1610 3673 1713 3717 τῶν

108 3747 263 3802 αὐτοῦ
333 3755 545 3825 χρόνων
624 3756 944 3828 χαρίσματα
1000 3753 1299 3824 προφητικὰ
1348 3754 1432 3805 ἔπι
1499 3760 1562 3826 τῇ
1623 3760 1712 3807 τοῦ

111 3843 238 3891 Θεοῦ
290 3840 587 3912 Ἐκκλησία
644 3839 909 3916 διέπρεπε.
976 3845 1283 3914 Παρίστησι
1335 3838 1386 3893 δ’
1441 3842 1491 3894 ἓν
1546 3844 1713 3915 τούτῳ

106 3931 191 3979 καὶ
243 3932 339 3988 τὴν
368 3929 738 4002 Ἀποκάλυψιν
789 3928 1201 4003 ὁμολογουμένην
1250 3926 1377 3983 εἶναι
1406 3937 1498 3983 τοῦ
1537 3930 1714 3985 Ἰωάν-

106 4033 208 4070 νου.
253 4017 373 4073 "Eri
402 4038 469 4093 γε
526 4023 629 4092 μὴν
682 4018 947 4073 ἐνίσταται
988 4016 1274 4091 διελέγχων
1313 4022 1399 4071 τὸν
1437 4022 1709 4095 Τρύφωνα,

107 4104 168 4165 ὡς
237 4105 496 4162 Ἰουδαῖοι
551 4108 717 4162 πολλά
784 4128 902 4162 τινα
983 4117 1085 4160 τῶν
1149 4117 1483 4182 προφητικῶν
1540 4110 1711 4184 ῥητῶν

103 4196 350 4267 περιεῖλον
445 4193 746 4273 διαρῥήδην
823 4201 941 4271 περὶ
1024 4204 1261 4272 Χριστοῦ
1312 4196 1709 4270 ἁναγγέλλοντα.

106 4286 204 4335 Καὶ
240 4285 388 4340 ἄλλοι
438 4283 499 4340 δε
549 4286 786 4340 πλεῖστοι
832 4287 991 4340 πόνοι
1020 4284 1320 4361 ἓμφέρονται
1367 4294 1459 4340 τοῦ
1496 4284 1707 4362 ἀνδρὸς.

106 4370 253 4425 Οὕτω
281 4371 332 4428 δ’
388 4374 530 4436 ἦσαν
581 4372 677 4429 διὰ
716 4371 961 4437 σπουδῆς
1002 4382 1111 4438 τοῖς
1156 4372 1399 4438 παλαιοῖς
1432 4378 1499 4429 τὰ
1525 4377 1707 4445 αὑτοῦ,

109 4460 172 4521 ὠς
195 4468 282 4518 καὶ
310 4465 591 4541 Εἰρηναῖον
642 4463 692 4517 iv
737 4468 966 4542 τετάρτῳ
995 4473 1116 4517 τῶν
1166 4468 1332 4539 Πρὸς
1384 4467 1491 4527 τὰς
1548 4468 1710 4542 αἰρέ-

1826 1874 1984 1946 phiae
2030 1873 2264 1939 dicitur,
2320 1889 2643 1930 commune
2695 1873 2978 1930 omnibus
3027 1878 3113 1929 est
3155 1888 3395 1930 nomen.
3444 1891 3474 1925 ν

1827 1964 2055 2033 Quibus
2109 1963 2302 2020 verbis
2357 1967 2567 2035 postea
2623 1962 2770 2019 illud
2823 1962 2991 2020 addit
3049 1979 3062 2019 :
3119 1965 3216 2019 Est
3273 1966 3475 2019 autem

1824 2052 2002 2109 nobis
2055 2057 2263 2109 contra
2313 2068 2527 2109 omnes
2582 2052 2839 2109 haereses
2892 2052 3176 2108 volumen
3234 2067 3478 2124 compo-

1824 2142 2025 2207 situm,
2080 2142 2245 2216 quod
2299 2143 2492 2209 vobis,
2543 2143 2593 2198 si
2639 2141 2872 2207 voletis,
2930 2142 3253 2212 legendum
3307 2142 3478 2197 dabis

1825 2249 1980 2289 mus.
2012 2254 2041 2282 »
2068 2232 2266 2289 Edidit
2289 2247 2533 2305 quoque
2562 2231 2639 2289 ad
2666 2231 2903 2288 Judaaos
2931 2231 3263 2301 dialogum,
3291 2246 3475 2303 quem

1824 2322 2037 2394 Ephesi
2065 2338 2201 2378 cum
2224 2327 2399 2387 esset,
2422 2321 2743 2393 Tryphoni,
2769 2320 2984 2377 celebri
3009 2321 3170 2393 apud
3194 2320 3475 2376 Hebraeos

1821 2412 1970 2480 viro,
1993 2427 2174 2486 quem
2198 2413 2375 2467 etiam
2398 2413 2458 2467 in
2478 2428 2549 2467 eo
2572 2428 2774 2468 secum
2797 2411 3190 2467 disserentem
3213 2410 3476 2467 introdu-

1823 2502 1920 2572 cit,
1945 2502 2183 2559 dicavit.
2218 2500 2283 2556 In
2315 2516 2386 2556 eo
2417 2500 2571 2557 clare
2602 2500 2932 2573 proﬁtetur,
2969 2501 3170 2556 divina
3198 2500 3388 2570 gratia
3414 2513 3477 2554 se

1822 2592 1900 2649 ad
1944 2591 2082 2648 ﬁdei
2120 2595 2342 2647 nostra
2391 2590 2829 2662 professionem
2880 2605 3012 2646 esse
3059 2596 3475 2661 pertractum:

1820 2681 2192 2754 proindeque
2217 2695 2354 2736 cum
2387 2679 2642 2735 multum
2671 2678 2851 2735 studii
2880 2679 2941 2735 in
2970 2678 3474 2751 philosophorum

1818 2770 2150 2843 disciplinis
2174 2770 2666 2842 consumpsisset,
2700 2770 2904 2825 animo
2933 2786 2995 2824 se
3034 2766 3364 2840 percupido
3396 2766 3475 2823 ad

1819 2860 2079 2915 veritatis
2130 2857 2579 2931 inquisitionem
2635 2857 2989 2915 decurrisse.
3042 2857 3183 2913 Dicit
3229 2869 3474 2929 quoque

1818 2949 2008 3006 multa
2044 2948 2283 3004 Iudaeos
2323 2953 2530 3003 contra
2569 2946 2783 3004 Christi
2822 2946 3157 3002 doctrinam
3192 2944 3475 3001 insidiose

1818 3038 2058 3095 molitos
2115 3052 2268 3102 esse,
2315 3036 2668 3107 hujusmodi
2719 3036 2796 3092 ad
2844 3036 3226 3109 Tryphonem
3275 3033 3475 3090 verbis

1817 3134 2028 3185 utens:
2062 3148 2087 3179 ε
2116 3129 2241 3183 Non
2285 3126 2468 3182 modo
2510 3130 2711 3182 autem
2757 3140 2877 3181 non
2917 3125 3121 3195 egistis
3165 3139 3345 3196 super
3390 3124 3476 3180 eis

1816 3233 1953 3291 qum
1973 3216 2128 3273 male
2153 3215 2396 3282 fecistis,
2432 3215 2866 3285 paenitentiam:
2896 3214 3000 3271 sed
3035 3214 3195 3271 viros
3228 3213 3479 3269 eximios

1818 3307 2076 3363 delectos
2113 3304 2532 3377 Hierosolymis
2570 3304 2629 3359 in
2684 3320 2894 3360 omnes
2932 3303 3094 3360 orbis
3138 3308 3335 3375 partes
3371 3302 3479 3358 mi-

1821 3396 2009 3465 sistis,
2041 3395 2143 3469 qui
2181 3394 2581 3451 Christianam
2623 3397 2849 3450 sectam
2880 3397 2942 3449 ut
2975 3392 3213 3449 atheam
3245 3397 3302 3446 et
3329 3391 3479 3447 deos

1820 3484 2183 3551 abolentem,
2236 3483 2679 3555 impietatisque
2727 3482 3055 3539 manifestae
3104 3485 3479 3552 compertam

1821 3589 1953 3630 esse
1975 3572 2237 3629 dicerent
2263 3588 2278 3639 ;
2306 3587 2497 3643 eaque
2524 3572 2730 3628 omnia
2756 3570 2831 3626 de
2857 3571 3052 3637 nobis,
3080 3585 3215 3641 quas
3240 3568 3341 3641 qui
3368 3583 3479 3624 nos

1819 3663 2117 3734 ignorant,
2144 3661 2493 3733 loquuntur,
2524 3664 2919 3716 recenserent.
2954 3660 3328 3731 Quapropter
3356 3671 3478 3712 non

1819 3751 1992 3808 vobis
2021 3756 2254 3808 tantum
2284 3749 2449 3822 ipsis,
2479 3764 2689 3805 verum
2717 3748 2847 3805 aliis
2874 3749 3051 3805 etiam
3080 3763 3329 3820 prorsus
3353 3761 3482 3802 om-

1820 3841 1999 3897 nibus
2019 3840 2366 3897 hominibus
2387 3838 2715 3910 iniquitatis
2731 3838 2872 3893 estis
2896 3843 3185 3894 auctores.
3214 3858 3239 3889 ν
3266 3834 3481 3892 Scribit

1819 3934 2127 4003 praeterea,
2168 3934 2338 3984 aetate
2380 3944 2489 3983 sua
2533 3927 2696 3984 dona
2738 3927 3086 4000 prophetica
3120 3927 3180 3982 in
3220 3924 3479 3983 Ecclesia

1819 4019 1918 4075 Dei
1950 4018 2252 4075 enituisse.
2286 4018 2502 4073 Asserit
2546 4016 2725 4072 etiam
2765 4031 2875 4088 pro
2918 4015 3197 4071 confesso
3242 4013 3473 4080 haberi,

1818 4106 2243 4180 Apocalypsim
2265 4106 2511 4162 Joannis
2534 4120 2685 4161 esse.
2707 4104 3026 4175 Redarguit
3054 4103 3315 4177 denique
3336 4102 3478 4175 Try-

1817 4198 2081 4271 phonem
2114 4198 2345 4261 acriter,
2379 4194 2543 4268 quod
2579 4193 2766 4250 Judaei
2808 4193 2998 4250 multa
3044 4193 3475 4266 prophetarum

1817 4287 1998 4353 dicta,
2041 4284 2351 4342 manifeste
2391 4284 2466 4340 de
2511 4283 2739 4340 Christo
2784 4282 3190 4350 vaticinantis,
3225 4281 3478 4338 sustule-

1816 4376 1953 4431 rint.
1986 4375 2127 4430 Alita
2157 4388 2400 4447 quoque
2430 4373 2631 4445 plures
2661 4373 2790 4444 ejus
2821 4372 3168 4428 exstiterunt
3196 4371 3477 4427 lucubra-

1817 4465 2027 4521 tiones.
2052 4463 2215 4519 Adeo
2241 4468 2440 4519 autem
2470 4462 2689 4534 scripta
2715 4462 2844 4533 ejus
2871 4460 3169 4517 veteribus
3196 4460 3256 4516 in
3283 4461 3475 4531 pretio

110 4566 237 4613 σεις
284 4529 383 4607 καί
442 4573 583 4616 τινας
649 4553 810 4607 αύτοῦ
860 4529 1233 4627 ’μνημονεύειν
1272 4556 1460 4627 φωνὰς,
1520 4554 1568 4607 iv
1619 4529 1708 4617 ὀἷς

1818 4553 2000 4621 fuere,
2030 4558 2090 4609 ut
2118 4554 2374 4608 Irenaeus
2398 4552 2457 4607 in
2485 4556 2699 4624 quarto
2721 4551 3022 4607 Adversus
3051 4550 3291 4607 haereses
3318 4549 3473 4605 libro

105 4634 234 4711 λέγει
262 4658 279 4673 ⁸
308 4649 411 4698 Καὶ
441 4644 613 4705 καλῶς
635 4645 918 4705 ἰουστῖνος
945 4642 994 4696 iv
1023 4643 1096 4715 τῷ
1138 4651 1227 4720 Πρ
1248 4647 1273 4696 ὀ
1296 4665 1317 4706 ς
1353 4648 1708 4717 Μαρκίωνα

107 4732 429 4804 σνντάγματί
485 4751 664 4805 φησιν,
720 4734 800 4785 ὅτι
877 4732 1034 4804 Αὐτῷ
1107 4741 1181 4805 τῷ
1252 4738 1429 4806 Κυρίῳ
1494 4733 1587 4786 οὐκ
1643 4732 1703 4785 ἃν

110 4813 370 4891 ἐπείσθην,
430 4821 583 4875 ἄλλον
641 4824 770 4876 Θεὸν
817 4820 1219 4893 καταγγέλλοντι
1268 4826 1413 4898 παρὰ
1460 4825 1548 4875 τὸν
1601 4819 1705 4881 δη-

109 4915 345 4981 μιουργόν
375 4925 392 4944 ο
440 4933 468 4963 »
522 4916 614 4965 καὶ
666 4910 714 4963 iv
761 4918 835 4983 τῷ
868 4915 1086 4983 πέμπτῳ
1127 4908 1186 4964 δὲ
1222 4919 1319 4975 τῆς
1379 4911 1543 4973 αὐτῆς
1576 4914 1702 4966 ὑπο-

110 4993 287 5061 θέσεως
341 5000 496 5054 πάλιν
529 5017 546 5036 ο
576 5021 604 5051 κ
647 5005 748 5055 Καὶ
802 5000 967 5062 καλῶς
1014 5002 1040 5053 ὁ
1092 5002 1373 5063 Ἰουστῖνος
1444 5003 1560 5075 ἔφη,
1618 5003 1698 5055 ὅτι

106 5087 200 5154 πρὸ
254 5090 342 5160 μὶν
404 5099 502 5152 τῆς
565 5097 657 5143 τοῦ
727 5094 923 5163 Κυρίου
972 5095 1264 5165 παρουσίας
1314 5086 1439 5144 οὐδέ
1488 5110 1613 5145 ποτε
1670 5092 1696 5144 ὁ

104 5177 323 5238 Σατανᾶς
379 5178 629 5252 ίτόλμησε
681 5177 1073 5253 βλασφημῆσαι
1116 5182 1202 5233 τὸν
1255 5184 1408 5235 Θεὸν*
1462 5179 1552 5233 ἅτε
1592 5200 1695 5253 μη-

110 5256 244 5315 δέπω
270 5263 422 5331 εἰδὼς
464 5270 625 5322 αὐτοῦ
666 5273 761 5329 την
814 5271 1146 5342 κατάκρισιν.
1176 5291 1206 5321 »
1240 5274 1341 5324 Καὶ
1368 5268 1436 5322 τὰ
1472 5273 1565 5343 μεν
1601 5266 1691 5324 οὖν

107 5346 386 5409 ’Ῑουστίνου
416 5356 465 5411 iv
489 5360 713 5420 τούτοις.

1813 4643 1975 4699 dicta
2014 4642 2299 4717 quaedam
2329 4641 2459 4714 ejus
2490 4640 2725 4704 referat,
2760 4640 2968 4696 dicens
3002 4655 3014 4695 :
3068 4662 3088 4689 ε
3124 4642 3296 4695 Recte
3335 4653 3475 4694 vero

1810 4732 2143 4788 Justinusin
2157 4730 2310 4788 libro
2323 4730 2622 4787 Adversus
2639 4729 3003 4786 Marcionem
3021 4728 3244 4800 inquit:
3269 4749 3296 4778 ι(
3317 4728 3473 4793 Quin

1809 4821 2065 4877 Domino
2096 4822 2207 4894 ipsi
2247 4820 2429 4876 ﬁdem
2467 4834 2586 4875 non
2626 4819 2936 4885 haberem,
2982 4818 3032 4873 si
3070 4816 3254 4873 alium
3284 4831 3470 4888 quam

1806 4926 2007 4968 rerum
2037 4910 2408 4966 conditorem
2442 4909 2627 4963 Deum
2659 4907 3065 4963 denuntiaret.
3100 4927 3129 4955 »
3160 4906 3383 4961 Rursus
3408 4905 3470 4963 in

1806 5002 2017 5074 quinto
2059 4998 2331 5070 ejusdem
2379 4997 2579 5069 operis
2623 5014 2635 5053 :
2692 5017 2718 5048 ε
2770 4999 2941 5053 Recte
2989 4996 3251 5052 Justinus
3297 4995 3464 5058 dixit,

1804 5088 1971 5163 quod
1993 5093 2129 5144 ante
2154 5087 2381 5143 Domini
2408 5086 2731 5143 adventum
2760 5101 2881 5141 non
2906 5101 3087 5140 ausus
3107 5083 3283 5141 fuerit
3304 5086 3467 5142 Sata-

1804 5194 1915 5235 nas
1943 5177 2363 5250 blasphemare
2392 5178 2599 5243 Deum,
2627 5174 2854 5248 quippe
2884 5174 2988 5246 qui
3020 5173 3293 5230 nondum
3324 5189 3466 5229 con-

1802 5267 2251 5323 damnationem
2283 5281 2461 5323 suam
2490 5267 2685 5322 sciret.
2720 5286 2748 5315 ιν
2777 5262 3002 5319 Justini
3033 5263 3253 5336 scripta
3284 5263 3367 5319 sic
3402 5278 3468 5320 se

1804 5356 2051 5414 habent.
2092 5377 2120 5407 »

1766 5552 1836 5567 —
