4032 6282
653 290 757 346 991
1687 352 1697 361 ,
1971 286 2363 348 NICEPHORI
2404 285 2731 345 CALLISTI
3797 300 3859 358 ωε

1192 416 1370 488 290
1402 415 1628 472 CAPUT
1650 415 1767 472 vn.
2339 421 2381 470 Α
2590 456 2595 461 μ

2339 421 2381 470 Δ
2590 456 2595 461 .
3039 414 3284 471 ΚΕΦΑΛ.
3316 422 3385 469 Z'.

998 542 1082 597 De
1108 539 1434 612 Hegesippo
1464 547 1518 598 et
1547 542 1783 613 scriptis
1812 543 1955 615 ejus.
2414 541 2568 613 Περὶ

2414 541 2568 613 Περὶ
2649 542 3052 609 Ἡγησίππου
3115 542 3223 627 καὶ
3279 547 3414 627 πῶν
3483 548 3865 618 συγγραμμάτων

3101 629 3334 665 αυτου.

723 764 943 822 Eadem
974 768 1143 821 atate
1184 768 1242 821 et
1284 766 1655 839 Hegesippus
1692 767 1897 838 viguit.
1935 766 2209 841 Quinque
2250 768 2301 822 is

2273 784 2301 822 ε
2482 760 2816 834 Ἡγήσιππος
2868 758 2927 815 δὲ
2992 767 3083 816 καὶ
3138 765 3296 825 αὐτὸς
3366 770 3472 826 τοῖς
3520 763 3673 827 αὐτοῖς
3716 763 3864 839 inuictis:

651 855 815 911 libris
844 856 1135 924 integram
1163 859 1218 910 et
1244 854 1576 927 simplicem
1607 857 1965 926 evangelica
1991 857 2238 930 professi

2272 878 2304 908 ι.
2412 852 2475 909 ἧν
2540 855 2769 926 χρόνοις.
2841 853 2993 905 Πέντε
3072 854 3163 925 μὲν
3227 849 3315 905 οὖν
3368 856 3730 927 συγγράμμασιν
3786 857 3864 917 οὖτπς

650 945 743 999 nis
793 944 1030 1016 reliquit
1073 943 1407 999 doctrinam
1449 963 1462 998 :
1499 945 1559 1000 in
1602 946 1824 1017 quibus
1872 947 2013 1002 satis
2060 947 2242 1002 indica

2272 950 2300 1013 ζ,
2411 941 2585 1014 πλήρη
2662 960 2717 994 τε
2778 945 2870 994 καὶ
2928 940 3294 1002 ἁπλουστάτην
3344 950 3436 1004 τῆς
3490 943 3771 1016 εὖαγφελικῆς
3805 944 3864 998 ἅτις

650 1033 871 1089 multos
894 1049 956 1089 se
982 1033 1354 1098 convenisse,
1372 1050 1510 1091 cum
1538 1037 1787 1091 Romam
1811 1035 2242 1108 proﬁcisceretu

2268 1052 2298 1102 ξ,
2415 1026 2618 1093 δείξεως
2669 1030 2910 1084 κατέλιπε
2964 1036 3059 1089 τὴν
3110 1028 3458 1085 διδασκαλίαν
3488 1049 3503 1062 ⁸
3556 1035 3601 1085 ἓν
3637 1030 3700 1094 οἷς
3736 1037 3860 1106 ipset;

651 1123 984 1195 episcopos,
1014 1139 1049 1179 a
1081 1122 1300 1195 quibus
1328 1139 1511 1180 unam
1543 1125 1942 1198 eamdemque
1967 1125 2238 1181 doctrina

2274 1141 2305 1181 [ι
2414 1118 2555 1171 ἔστιν
2606 1121 2670 1180 ὡς
2726 1119 2928 1181 πολλοῖς
2982 1124 3275 1191 συνεγένετο
3324 1129 3421 1173 τῶν
3472 1120 3727 1174 ἐπισκόπων
3768 1126 3866 1181 nivi;

646 1212 965 1284 acceperit.
1027 1212 1385 1268 Mentionem
1438 1215 1615 1269 etiam
1668 1214 1808 1270 facit
1858 1214 2173 1271 Clementis
2225 1231 2238 1270 ι

2274 1214 2305 1269 d
2417 1215 2623 1282 Ῥώμην
2678 1209 3022 1282 στελλόμενος,
3093 1210 3148 1273 ἐξ
3207 1208 3274 1262 ὧν
3329 1215 3585 1284 μίαν,τήν
3633 1208 3866 1264 διδασκαλίῃ

651 1302 981 1357 Corinthios
1020 1302 1306 1373 epistola,
1338 1304 1509 1373 cujus
1540 1302 1672 1359 loca
1701 1304 1980 1376 quadam
2013 1319 2243 1359 recense

2276 1321 2303 1357 ;.
2412 1298 2779 1373 παρειληφέναι
2830 1304 2981 1371 φησί.
3030 1303 3303 1371 Μέμνηται
3336 1298 3393 1353 δε
3443 1302 3529 1353 καὶ
3575 1308 3654 1361 τῆς
3687 1300 3868 1374 Κλήμης

652 1393 1095 1447 Commemorat
1123 1407 1381 1463 quoque,
1414 1400 1477 1447 ut
1503 1394 1563 1448 in
1595 1394 1859 1465 episcopi
1891 1410 2098 1449 eorum
2127 1394 2244 1448 Prii

2279 1392 2306 1449 Li
2412 1391 2543 1461 πρὸς
2599 1390 2901 1463 Κορινθίους
2951 1388 3246 1455 ἐπιστολῆς,
3303 1394 3430 1462 μέρη
3483 1392 3592 1442 τινὰ
3630 1393 3778 1451 ταύτης
3796 1388 3871 1453 iui-

652 1480 1016 1553 colloquium
1068 1482 1416 1552 pervenerit,
1454 1486 1631 1554 atque
1671 1482 1809 1538 inde
1843 1485 2094 1538 Romam
2138 1483 2241 1553 traj

2276 1502 2305 1535 ι-
2412 1482 2504 1528 ιών
2536 1493 2551 1506 ⁸
2582 1481 2674 1529 καὶ
2706 1479 2776 1538 ὡς
2805 1477 3078 1549 συμμίξιιε
3120 1482 3301 1552 Πρίμῳ
3333 1487 3403 1550 τῷ
3449 1481 3629 1540 ταύτης
3661 1477 3868 1549 ἐπισκόπει·

646 1570 811 1635 ηοθῐυὶι,
835 1585 973 1625 cum
1000 1569 1413 1641 episcopatum
1440 1570 1520 1627 ibi
1549 1572 1827 1627 Anicetus
1857 1576 2096 1627 teneret.
2123 1571 2225 1643 Cuj

2283 1588 2304 1625 ε
2414 1565 2694 1639 ἀφικέσθαι
2745 1586 2800 1619 τε
2852 1569 3041 1620 ἐκεῖθεν
3103 1567 3174 1629 εἰς
3224 1567 3445 1640 Ῥώμην,
3481 1568 3720 1627 ’Δνικότου
3751 1567 3875 1621 ἔπιτε·

651 1657 977 1715 diaconum
1021 1660 1401 1715 Eleutherum
1448 1666 1761 1727 memorat,
1807 1662 1911 1733 qui
1943 1661 2128 1717 Soteri
2176 1678 2243 1716 su

2282 1691 2305 1702 -
2413 1662 2628 1717 ποῦντος
2659 1675 2674 1689 ’
2734 1656 2794 1708 οὗ
2847 1652 3088 1710 διάκονον
3126 1660 3213 1710 τὸν
3264 1657 3545 1732 Ἐλεύθερον
3593 1657 3720 1730 λέγει,
3760 1658 3799 1719 ὃς

653 1748 850 1816 cessit,
882 1748 1051 1804 sicuti
1082 1749 1130 1803 is
1154 1749 1417 1805 Aniceto.
1444 1753 1507 1805 ln
1538 1750 1789 1806 urbibus
1816 1766 1996 1822 porro
2021 1750 2245 1806 omnibl

2281 1766 2304 1804 Β
2338 1777 2382 1833 Β
2415 1752 2631 1819 Σωτῆρα
2671 1741 2944 1833 διεδέξατο
2976 1762 2990 1777 ⁶
3050 1746 3201 1807 οὗτος
3246 1742 3305 1800 δε
3352 1751 3437 1800 τὸν
3470 1746 3723 1805 ’Δνίκητον.
3763 1746 3873 1801 res

649 1854 865 1897 sanam
889 1854 950 1894 se
975 1843 1221 1894 testatur
1245 1838 1539 1895 invenisse
1562 1840 2073 1911 pradicationem,
2097 1856 2241 1913 quer

2279 1870 2303 1893 η-
2339 1831 2369 1833 _
2414 1836 2612 1898 πάσαις
2673 1831 2731 1888 δὲ
2786 1843 2902 1897 ταῖς
2956 1835 3164 1889 πόλεσιν
3234 1838 3378 1909 ὑγιὲς
3438 1838 3681 1913 εὑρηκέναι
3728 1835 3871 1907 λέγειτί

652 1926 987 1984 admodum
1045 1928 1263 1983 scilicet
1314 1928 1431 1993 lex,
1515 1930 1844 2002 propheta,
1904 1936 1960 1986 et
2016 1929 2244 1986 Domini

2282 1946 2305 1985 ε
2414 1930 2678 1997 κήρυγμα,
2728 1927 2796 1987 ὡς
2827 1926 2853 1977 6
2882 1928 3032 1999 νόμος
3090 1928 3336 2001 κηρύττει
3385 1930 3476 1979 καὶ
3523 1928 3570 1979 οἱ
3623 1933 3874 2001 προφῆταιυι

648 2017 779 2089 ipse
811 2016 1096 2073 docuerit.
1129 2018 1387 2074 Meminit
1414 2018 1617 2074 itidem
1649 2018 1952 2076 initiorum
1986 2018 2240 2075 haresiu

2278 2034 2303 2074 ι
2416 2015 2442 2066 6
2486 2016 2696 2087 Κύριος.
2742 2018 3015 2086 Μέμνηται
3071 2011 3131 2068 δὲ
3183 2019 3274 2067 καὶ
3331 2015 3482 2077 οὗτος
3534 2014 3687 2089 ἀρχὰς
3730 2015 3870 2082 αἰρέσθω

653 2106 1179 2178 quarumdam,ita
1209 2106 1515 2180 inquiens:
1555 2127 1583 2161 α
1615 2109 2007 2182 Posteaquam
2039 2108 2245 2165 Jacobi

2280 2125 2302 2163 ε
2414 2123 2587 2169 τινων,
2641 2104 2776 2156 οὕτω
2834 2100 3039 2167 διεξιών
3072 2120 3086 2134 '
3132 2124 3161 2156 (ι
3218 2108 3322 2158 Καὶ
3364 2106 3496 2178 μετὰ
3554 2106 3607 2157 τό
3656 2110 3872 2179 μαρτνρξτη

652 2197 855 2252 Justus
897 2197 1179 2267 martyrio
1208 2202 1294 2253 est
1320 2197 1659 2265 defunctus,
1694 2199 1869 2255 sicuti
1898 2203 1955 2254 et
1994 2199 2244 2255 Dominu

2278 2218 2301 2265 ι,
2416 2191 2659 2246 Ἰάκωϐον
2706 2196 3069 2263 τὸνὴΔίκοιιον,
3124 2196 3193 2255 ὡς
3246 2198 3339 2247 καὶ
3369 2196 3395 2247 6
3440 2196 3615 2268 Κύριος
3644 2192 3783 2262 ἔπίτῷ
3802 2194 3870 2255 τ]τῷ

652 2285 813 2341 idem
870 2286 950 2341 ob
1005 2286 1258 2341 verbum
1307 2302 1322 2343 :
1370 2288 1430 2342 in
1485 2287 1686 2344 locum
1743 2289 1873 2359 ejus
1921 2289 2115 2360 patrui
2171 2289 2244 2361 ejl

2278 2304 2303 2343 ε
2414 2281 2574 2354 λόγῳ,
2613 2281 2765 2335 πάλιν
2797 2283 2823 2334 6
2854 2284 2909 2334 ἐκ
2963 2284 3101 2336 θείου
3155 2282 3319 2335 αὐτοῦ
3383 2283 3629 2357 Συμεὼνό
3665 2288 3737 2335 τοῦ
3777 2281 3870 2334 Κλοεί

654 2374 929 2447 Cleopha
958 2375 1114 2431 ﬁlius
1145 2378 1404 2447 Symeon
1436 2381 1524 2432 est
1552 2376 1853 2445 suffectus,
1884 2393 2067 2450 quem
2092 2393 2246 2433 omni

2278 2394 2306 2435 s
2416 2374 2735 2424 καθίσταται
2781 2371 3084 2438 ἐπίσκοπος,
3140 2372 3195 2425 ὃν
3252 2375 3524 2448 προέθεντο
3571 2390 3726 2434 παντες
3758 2369 3870 2438 ierim

656 2466 885 2521 Domini
909 2464 1151 2521 fratrem
1178 2466 1606 2521 consobrinum
1635 2467 1967 2523 secundum
1993 2483 2125 2523 esse
2150 2472 2248 2524 retu

2282 2497 2309 2510 -
2418 2458 2547 2513 εἶναι
2592 2468 2685 2513 τοῦ
2738 2466 2936 2534 Κυρίου
2986 2458 3250 2534 δεύτερον.
3300 2464 3403 2515 Διὰ
3453 2469 3599 2516 τοῦτο
3645 2463 3724 2533 γὰρ
3757 2458 3874 2512 uim

648 2553 867 2627 lerunt.
933 2554 1246 2626 Propterea
1304 2560 1505 2611 autem
1567 2556 1890 2613 Ecclesiam
1945 2573 2238 2613 vocaveru

2416 2555 2511 2609 τὴν
2540 2550 2853 2609 Ἐκκλησίαν
2900 2553 3151 2625 παρθένον
3182 2568 3194 2581 ⁸
3229 2554 3372 2604 οὔπω
3426 2554 3527 2626 ’γὰρ
3569 2553 3745 2624 ἔφθαρτο
3774 2549 3875 2604 ἀκοαῖς

652 2644 968 2714 virginem,
1006 2643 1172 2715 quod
1209 2645 1479 2701 nondum
1522 2652 1677 2701 esset
1712 2646 1995 2702 inanibus
2033 2651 2087 2703 et
2136 2662 2244 2703 van

2282 2663 2307 2702 s
2416 2645 2683 2713 ματαίαις.
2710 2642 2974 2715 Ἀρχεται
3032 2637 3140 2694 δὲό
3188 2640 3471 2711 Θεϐουθὶς,
3526 2638 3613 2695 διὰ
3648 2642 3694 2693 τό
3727 2642 3772 2711 μή
3801 2638 3874 2706 ’μνέ-

654 2738 932 2805 corrupta
960 2733 1265 2789 doctrinis.
1300 2734 1529 2789 Primus
1569 2752 1702 2791 eam
1744 2735 2075 2808 depravare
2105 2739 2246 2808 capi

2277 2752 2305 2802 ι,
2421 2732 2546 2783 σθαι
2600 2732 2754 2783 αὐτὸν
2801 2732 3104 2800 ἂπὶσκοπον,
3160 2732 3495 2805 ὑποφθείρειν
3530 2748 3542 2761 ·
3582 2728 3668 2782 ἁπό
3710 2736 3774 2779 τῶν
3804 2724 3869 2775 ἐττέ

654 2823 819 2895 quod
858 2823 917 2878 in
964 2824 1244 2893 petitione
1286 2824 1667 2897 episcopatus
1708 2825 2011 2897 repulsam
2054 2826 2246 2881 tulisse

2272 2831 2307 2895 ι,
2420 2821 2663 2893 αἱρέσεων
2702 2823 2791 2871 καὶ
2841 2818 2998 2881 αὐτὸς
3029 2815 3089 2877 ἦν
3120 2822 3168 2872 ἓν
3196 2828 3268 2890 τῷ
3294 2818 3408 2891 λαῷ
3440 2837 3454 2850 ⁸
3512 2818 3590 2892 ἀφ’
3619 2816 3673 2870 ὧν
3692 2814 3864 2889 Σίμωῦῦ

654 2912 947 2968 Thebutes
984 2912 1089 2983 (t),
1123 2927 1278 2966 unus
1307 2928 1512 2968 eorum
1546 2928 1798 2969 numero
1829 2916 1930 2987 qui
1969 2930 2041 2970 ex
2081 2920 2241 2987 septe

2266 2930 2308 2971 n
2419 2911 2469 2961 ei
2498 2913 2803 2980 Σιμωνιανοί
2836 2924 2847 2937 ³
2879 2913 2968 2960 καὶ
3002 2907 3264 2973 Κλεόϐιος,
3290 2911 3409 2961 ὅθεν
3445 2908 3707 2963 Κλεοϐιανοί
3727 2908 3858 2953 ἰεὲιίοσ

655 3000 986 3056 haresibus
1028 3002 1089 3056 in
1122 3001 1348 3073 populo
1388 3003 1635 3058 Judaico
1674 3004 2119 3075 proseminatis,
2162 3003 2247 3059 ori

2253 3020 2309 3058 e-
2422 3000 2613 3064 σίθεος,
2646 3001 2758 3051 ὅθεν
2789 3000 3088 3052 Δοσιθεανοί
3126 3014 3139 3028 ·
3173 3003 3264 3051 καὶ
3308 3002 3588 3073 Γορθαῖος,
3628 2994 3845 3064 όθοΓξεθτω

655 3090 871 3146 bantur
908 3107 921 3145 :
960 3106 996 3145 a
1033 3090 1252 3162 quibus
1292 3095 1349 3146 et
1387 3090 1596 3147 Simon
1639 3098 1745 3159 est,
1786 3093 1942 3149 unde
1981 3094 2245 3149 Simonia

2252 3093 2309 3149 ni
2350 3147 2386 3162 η
2419 3092 2497 3140 νοί
2530 3107 2543 3120 ⁸
2576 3092 2665 3141 καὶ
2700 3087 3036 3154 Μασϐωθεος,
3069 3089 3181 3141 ὃθεν
3224 3087 3629 3145 Μασϐωθεανοί.
3657 3086 3725 3141 Ἀτὸ
3741 3083 3844 3130 :rltm

656 3178 795 3234 dicti
830 3198 844 3235 :
877 3185 933 3234 et
961 3178 1256 3248 Cleobius,
1303 3180 1459 3236 unde
1500 3181 1801 3237 Cleobiani
1840 3199 1853 3235 :
1887 3188 1943 3237 et
1972 3183 2248 3238 Dositheu

2260 3200 2307 3254 ε,
2347 3174 2388 3205 υ
2418 3179 2510 3251 μεν
2557 3174 2945 3252 Ἀδριανισταὶ,
2995 3182 3085 3230 καὶ
3126 3183 3551 3252 Μαρκιανισταὶ,
3586 3182 3658 3229 καὶ
3678 3180 3852 3244 καθεωρα-

656 3267 816 3323 unde
860 3268 1199 3324 Dositheani
1232 3287 1246 3325 :
1279 3275 1333 3325 et
1366 3270 1689 3337 Gorthaus,
1728 3272 1885 3327 unde
1920 3272 2248 3328 Gorthaanl

2292 3286 2307 3327 :
2420 3272 2607 3333 τιανοὶ,
2639 3272 2728 3319 καὶ
2759 3266 3193 3332 Οὐαλεντινιανοὶ,
3240 3271 3330 3319 καὶ
3357 3262 3861 3323 Βασιλειδιανοὶ,ισέιῖι·

655 3362 711 3413 et
734 3358 1140 3426 Masbotheus,
1171 3360 1327 3415 unde
1360 3360 1785 3417 Masbotheani.
1814 3361 1902 3417 Ab
1929 3363 2000 3416 iis
2032 3368 2228 3418 autem

2277 3368 2312 3420 it
2420 3362 2727 3429 τορνινιανοί
2757 3376 2769 3389 ·
2802 3357 3019 3419 ἕκαστος
3052 3353 3198 3417 ἰδίως
3226 3362 3316 3408 καὶ
3343 3356 3532 3431 ἑτέρως
3564 3353 3683 3409 ἰδίαν
3704 3349 3797 3409 δεξί’
3813 3360 3869 3393 τί·

656 3447 1084 3515 Menandriani,
1118 3454 1174 3504 et
1212 3449 1619 3516 Marcionista,
1661 3456 1719 3506 et
1757 3452 2222 3523 Carpocratiani,

2284 3457 2311 3509 .t
2418 3450 2759 3523 ρεισὴγαγον.
2802 3446 2936 3499 Ἀπὸ
2966 3448 3158 3499 τούτων
3199 3442 3616 3521 ψευδόχριστοι,
3646 3436 3876 3514 periurii"

656 3537 1076 3603 Valentiniani,
1103 3544 1157 3593 et
1190 3538 1547 3605 Basilidiani,
1573 3546 1630 3595 et
1652 3540 2074 3597 Saturniniani.
2108 3542 2170 3596 Hi
2201 3558 2248 3614 ρ]

2286 3557 2310 3599 )
2421 3556 2529 3601 ται,
2556 3532 2982 3607 ψευδαπόστολοι
3008 3554 3018 3565 ·
3047 3536 3231 3598 οἵτινες
3275 3537 3531 3609 ἑμέρισαν
3582 3539 3660 3592 τήν
3696 3528 3878 3583 ἕνωσοτῖε

656 3642 717 3681 se
740 3626 996 3699 quisque
1020 3628 1294 3700 proprias
1318 3628 1568 3684 seorsim
1591 3629 1952 3687 induxerunt
1974 3631 2248 3701 opinione

2293 3673 2307 3687 .
2423 3625 2738 3687 Ἐκκλησίας
2757 3627 3083 3699 φθοριμαίοις
3111 3624 3281 3697 λόγοις
3309 3628 3456 3678 κατὰ
3483 3632 3571 3678 τοῦ
3601 3628 3707 3677 Θεοῦ
3736 3611 3882 3669 animi

658 3716 747 3771 Ab
778 3715 849 3770 iis
878 3717 1335 3783 Pseudochristi,
1370 3719 1929 3791 pseudopropheta,
1962 3721 2250 3792 pseudapi

2286 3750 2309 3762 -
2422 3723 2513 3767 τοῦ
2544 3722 2778 3789 Χριστοῦ
2810 3714 2990 3769 αὐτοῦ.
3026 3736 3051 3766 ν
3081 3714 3302 3789 Ἰστορεί
3329 3710 3392 3767 δὲ
3419 3720 3511 3767 καὶ
3538 3718 3738 3785 περὶτῶν
3760 3702 3878 3757 ῖνἸσλ·

661 3805 814 3874 stoli,
845 3806 949 3877 qui
984 3807 1262 3863 unitatem
1298 3809 1569 3866 Ecclesia
1600 3810 1927 3865 diviserunt
1962 3810 2253 3881 pernicios

2292 3826 2312 3863 Β
2425 3802 2554 3878 δαίᾳ
2593 3807 2857 3879 αἱρέσεων,
2888 3804 3045 3876 λέγων
3072 3819 3086 3831 ·
3122 3824 3146 3857 α
3171 3804 3340 3857 Ἦσαν
3370 3800 3434 3858 δε
3448 3809 3539 3857 καὶ
3557 3810 3727 3876 γνῶμαι
3746 3792 3884 3881 alii???“

658 3895 1038 3951 sermonibus
1070 3898 1359 3953 adversus
1392 3900 1578 3954 Deum
1609 3904 1667 3954 et
1694 3901 1983 3955 adversus
2014 3899 2250 3956 Christu;

2291 3914 2313 3954 1
2424 3894 2472 3947 έν
2497 3901 2559 3965 τῇ
2593 3901 2845 3969 περιτομῇ
2896 3896 2946 3945 ἰν
2998 3894 3133 3955 υἱοῖς
3170 3892 3391 3966 Ἰσραήλ
3437 3901 3538 3945 τῶν
3575 3892 3690 3943 κατὰ
3708 3892 3773 3944 τῆς
3799 3879 3883 3952 iam;

659 3985 808 4054 ejus.
834 3984 1048 4041 Scribit
1068 4002 1207 4041 vero
1234 3987 1307 4042 de
1327 3989 1672 4043 Judaorum
1694 4005 1936 4061 quoque
1958 3988 2251 4045 haresibu

2294 4030 2309 4055 ,
2426 3980 2605 4038 Ἰοὺδα
2632 3988 2721 4035 καὶ
2759 3990 2851 4035 τοῦ
2888 3990 3123 4055 Χριστοῦ
3156 3981 3311 4034 αὗται
3347 4000 3361 4014 ο
3424 3981 3672 4043 Ἐσσαῖοι,
3714 3970 3884 4061 Psithia.L

660 4073 864 4127 dicens
893 4091 905 4128 :
938 4095 962 4124 α
996 4075 1253 4130 Fuerunt
1279 4081 1480 4133 autem
1506 4077 1679 4133 varia
1706 4094 1948 4150 quoque
1979 4078 2037 4134 in
2064 4080 2252 4134 circum

2294 4051 2313 4118 i-
2424 4051 2947 4147 Ἠμεροϐαπτισταὶί
3014 4070 3382 4126 Μασϐωθαῖοι.
3473 4076 3764 4143 Σαμαρεῖται,
3818 4051 3886 4109 Σαδ·

659 4163 883 4218 cisione
922 4165 1071 4219 inter
1101 4165 1255 4220 ﬁlios
1286 4166 1459 4221 Israel
1491 4166 1782 4222 adversus
1814 4168 2035 4222 tribum
2064 4169 2093 4223 J
2103 4168 2221 4223 uda

2295 4173 2316 4224 t
2428 4160 2690 4227 δουκαῖοι,
2718 4168 3015 4235 Φαρισαῖοι.
3050 4181 3077 4211 »
3119 4166 3219 4215 Καὶ
3266 4162 3419 4233 ἕτερα
3478 4157 3537 4215 δε
3561 4162 3745 4213 πλεῖστα
3769 4150 3886 4223 wit“.

661 4251 957 4308 Christum
1014 4254 1216 4325 ipsum
1272 4257 1579 4310 sententia
1632 4261 1688 4311 et
1740 4262 1912 4313 secta
1971 4276 1984 4316 :
2048 4258 2253 4314 videlic

2296 4262 2315 4313 ί
2426 4254 2494 4305 ὧν
2524 4252 2579 4305 ἐκ
2625 4256 2807 4325 μέρους
2853 4248 2961 4311 ἤδη
3014 4252 3258 4326 πρότερον
3309 4255 3491 4323 μνείαν
3547 4238 3885 4329 έποιησεὶξισθσιτξΙ

644 4342 1057 4414 Ηυεεωοτιιω,
1075 4342 1471 4409 Galilaorum,
1488 4345 2158 4418 Hemerobaptistarum,
2171 4351 2236 4405 Mt

2293 4380 2316 4390 -
2429 4343 2637 4404 οἰκείοις
2686 4348 2889 4414 καιροῖς
2939 4344 2997 4393 τὸ
3050 4348 3314 4415 προσῆκον
3373 4340 3761 4414 παρατιθέμενοι.
3788 4330 3885 4380 ’[³θεῖ

657 4431 1038 4498 botheorum,
1072 4434 1607 4500 Samaritanorum,
1647 4435 2136 4503 Sadducaorum,
2166 4439 2249 4494 Ph

2297 4468 2313 4480 -
2346 4478 2391 4533 D
2428 4436 2483 4485 ἔκ
2539 4452 2593 4484 τε
2642 4439 2734 4484 τοῦ
2780 4430 2898 4483 καθ’
2958 4429 3225 4505 Ἐϐραίους
3264 4429 3606 4501 Εὐαγγελίου,
3646 4430 3722 4478 καὶ
3750 4426 3809 4473 τοῦ
3840 4420 3884 4505 Σνξ

2591 4529 2610 4533 .-
2751 4525 2759 4533 1
2805 4517 2876 4533 ια.
2996 4522 3015 4533 Α
3128 4528 3150 4533 _
3227 4518 3314 4533 ...Δ
3390 4516 3451 4533 ..ι
3571 4513 3592 4533 ι
3647 4515 3663 4533 Ν
3685 4518 3692 4529 ι
3725 4529 3786 4533 --μ
3830 4516 3881 4533 Iul

660 4521 997 4577 risaorum.
1044 4543 1070 4573 »
1118 4524 1288 4594 291
1335 4524 1545 4580 Scribit
1584 4525 1831 4596 insuper
1872 4526 1990 4581 alia
2032 4526 2248 4599 plurim

2288 4568 2312 4595 η,
2346 4513 2390 4533 υ
2424 4529 2632 4597 ριακοῡ,
2679 4525 2768 4573 καὶ
2802 4517 2945 4583 ἰδίως
2994 4522 3049 4572 εκ
3092 4528 3179 4580 τῆς
3227 4516 3511 4593 Ἐϐραῖδος
3559 4513 3880 4599 διαλέκτουηξξκ

658 4628 917 4684 quorum
940 4617 1173 4684 partem
1195 4621 1369 4668 antea
1389 4630 1498 4669 suo
1520 4595 1770 4687 quaque
1793 4614 1925 4670 loco
1947 4595 2248 4673 adducent

2289 4635 2315 4672 ε
2425 4595 2653 4677 τίθησιν,
2705 4610 2960 4682 ἐμφαίνων
3028 4609 3081 4672 έξ
3128 4607 3377 4681 Ἑϐραίων
3433 4614 3645 4682 Χριστῷ
3692 4595 3876 4687 προτάξά

660 4701 987 4756 retulimus.
1023 4704 1213 4773 Atque
1245 4702 1301 4756 in
1335 4703 1405 4756 iis
1436 4686 1717 4774 quadam
1749 4721 1819 4759 ex
1853 4705 2097 4761 Hebrao
2128 4713 2183 4761 et
2215 4708 2249 4763 S

2282 4723 2318 4747 ν-
2427 4706 2615 4757 Μνείαν
2654 4696 2711 4753 δε
2741 4704 2830 4751 καὶ
2859 4698 3022 4751 ἄλλων
3065 4705 3288 4751 ποιεῖται
3332 4697 3383 4759 ἐξ
3443 4692 3726 4752 Ἰουδαϊκῆς

660 4791 821 4847 riaco
852 4791 1193 4860 Evangelio,
1220 4798 1276 4848 et
1303 4791 1376 4849 de
1409 4792 1696 4849 Hebraica
1722 4793 1929 4864 lingua
1953 4795 2142 4851 affert.
2171 4799 2252 4852 Tu

2291 4812 2318 4852 α
2427 4788 2791 4865 παραδόσεως.
2823 4791 3111 4864 Πανάρετον
3144 4784 3201 4841 δὲ
3234 4792 3419 4860 σοφίαν
3470 4792 3561 4840 καὶ
3588 4786 3677 4846 τας
3722 4780 3883 4862 Παρθηωῆ

661 4888 859 4936 autem
882 4881 1023 4936 satis
1046 4881 1284 4945 indicat,
1308 4897 1344 4937 a
1363 4882 1582 4937 Judais
1610 4900 1672 4937 se
1701 4884 1775 4939 ad
1800 4884 2253 4940 Christianismu

2298 4902 2319 4941 1
2430 4882 2754 4953 Σολομῶντος
2810 4878 2955 4931 καλεῖ
3013 4895 3026 4908 ’
3080 4876 3138 4930 οὐ
3195 4878 3344 4949 μόνος
3402 4872 3463 4929 δε
3527 4875 3686 4936 οὗτος,

660 4970 1383 5042 pervenissehlentionem
1412 4987 1655 5043 quoque
1673 4971 1925 5029 aliarum
1959 4990 2154 5030 rerum
2184 4974 2252 5030 fat

2304 4980 2324 5031 t
2432 4949 2725 5044 Εἰρηναῖος,
2777 4974 2868 5021 καὶ
2896 4964 3093 5040 σχεδόν
3149 4969 3335 5028 πάντες
3385 4968 3436 5018 οἱ
3491 4965 3778 5041 ἀρχαιότητι
3798 4949 3893 5044 ait?"

661 5040 732 5115 ex
761 5060 1011 5116 Judaica
1040 5060 1165 5115 sine
1196 5061 1417 5131 scripto
1432 5040 1780 5118 traditione.
1820 5065 1885 5117 Et
1914 5062 2126 5119 virtute
2158 5080 2253 5119 om

2299 5067 2323 5122 .i
2433 5040 2625 5138 ροντες.
2682 5058 2902 5122 Διέξεισι
2956 5054 3015 5111 δε
3067 5061 3157 5109 καὶ
3217 5061 3335 5130 περὶ
3384 5064 3488 5108 τῶν
3528 5040 3787 5125 λεγομενων
3818 5040 3891 5092 Ἀθ·

661 5150 939 5207 refertam
973 5150 1329 5221 sapientiam
1372 5150 1691 5206 Proverbia
1724 5152 2063 5208 Solomonis
2099 5170 2245 5209 voca

2306 5169 2320 5204 :
2428 5154 2663 5225 ,κρύφων,
2703 5148 2861 5220 λέγων
2901 5146 2983 5199 ἰπὶ
3014 5154 3109 5209 τῆς
3145 5145 3261 5198 κατ’
3292 5145 3446 5198 αὐτὸν
3495 5161 3665 5216 γενεας
3710 5142 3890 5210 apvt?“

664 5256 785 5295 non
817 5239 948 5310 ipse
980 5255 1119 5295 vero
1152 5244 1405 5305 tantum,
1440 5240 1545 5295 sed
1577 5246 1630 5295 et
1662 5241 1940 5307 lrenaus,
1971 5247 2025 5297 et
2056 5242 2256 5315 pleriql

2272 5257 2324 5297 1e
2436 5243 2704 5314 αἱρετικῶν
2734 5240 2850 5289 τινὰ
2873 5245 2970 5289 τῶν
3009 5239 3173 5289 ἑκεῖσε
3199 5235 3538 5306 πεπλασμένα
3564 5226 3864 5304 παρεντεθξνιίο

663 5308 873 5385 omnes
908 5330 1009 5401 qui
1051 5334 1340 5385 vetustate
1370 5335 1508 5385 sunt
1538 5330 1818 5399 insignes.
1863 5334 1938 5387 De
1978 5308 2290 5388 iis-autem
2332 5308 2501 5387 libris
2537 5328 2640 5402 qui
2671 5326 3012 5399 Apocryphi
3043 5326 3341 5395 dicuntur,
3375 5323 3546 5390 dicit,
3586 5324 3740 5377 atate
3770 5308 3889 5366 mall

659 5417 950 5476 hareticis
990 5419 1381 5491 quibusdam,
1424 5434 1495 5475 ea
1532 5434 1665 5491 qua
1702 5424 1841 5475 sunt
1874 5419 2149 5487 conﬁcta,
2185 5420 2301 5477 illis
2321 5435 2457 5477 esse
2484 5418 2639 5475 clam
2669 5418 2909 5474 inserta.

2316 5542 2349 5553 »σο

741 5608 817 5679 (ι)
847 5607 933 5665 Al.
972 5608 1271 5667 Thebulis.
