  <div class='ocr_page' id='page_1' title='image "/cluster/home/n/w/nwhite01/storage/ocr_20150623/145/mdp.39015061167048/504.png"; bbox 0 0 4032 6282; ppageno 0'>
   <div class='ocr_carea' id='block_1_1' title="bbox 89 271 3425 348">
    <p class='ocr_par' dir='ltr' id='par_1_1' title="bbox 89 271 3425 348">
     <span class='ocr_line' id='line_1_1' title="bbox 89 271 3425 348; baseline -0.006 -3"><span class='ocrx_word' id='word_1_1' title='bbox 89 289 179 348; x_wconf 81' lang='lat'><strong>993</strong></span> <span class='ocrx_word' id='word_1_2' title='bbox 1107 274 1677 336; x_wconf 68' lang='lat' dir='ltr'><strong>ECCLESIASTICE</strong></span> <span class='ocrx_word' id='word_1_3' title='bbox 1715 273 2068 332; x_wconf 72' lang='lat' dir='ltr'><strong>HISTORIE</strong></span> <span class='ocrx_word' id='word_1_4' title='bbox 2103 273 2232 329; x_wconf 89' lang='lat' dir='ltr'><strong>LIB.</strong></span> <span class='ocrx_word' id='word_1_5' title='bbox 2275 272 2366 329; x_wconf 86' lang='grc' dir='ltr'><strong>Ν.</strong></span> <span class='ocrx_word' id='word_1_6' title='bbox 3319 271 3425 326; x_wconf 74' lang='grc'><strong>994</strong></span> 
     </span>
    </p>
   </div>
   <div class='ocr_carea' id='block_1_2' title="bbox 679 401 2271 466">
    <p class='ocr_par' dir='ltr' id='par_1_2' title="bbox 679 405 1748 466">
     <span class='ocr_line' id='line_1_2' title="bbox 679 405 1748 466; baseline -0.002 -2"><span class='ocrx_word' id='word_1_7' title='bbox 679 412 921 466; x_wconf 66' lang='grc' dir='ltr'><strong>ΚΕΦΔΛ.</strong></span> <span class='ocrx_word' id='word_1_8' title='bbox 946 406 1032 462; x_wconf 78' lang='grc' dir='ltr'><strong>Η’.</strong></span> <span class='ocrx_word' id='word_1_9' title='bbox 1699 405 1748 462; x_wconf 83' lang='grc' dir='ltr'><strong>Α</strong></span> 
     </span>
    </p>
   </div>
   <div class='ocr_carea' id='block_1_3' title="bbox 1211 401 2803 466">
    <p class='ocr_par' dir='ltr' id='par_1_3' title="bbox 1699 401 2803 462">
     <span class='ocr_line' id='line_1_3' title="bbox 1699 401 2803 462; baseline -0.006 0"><span class='ocrx_word' id='word_1_10' title='bbox 1699 405 1748 462; x_wconf 83' lang='grc' dir='ltr'><strong>Α</strong></span> <span class='ocrx_word' id='word_1_11' title='bbox 2397 401 2626 458; x_wconf 72' lang='lat' dir='ltr'><strong>CAPUT</strong></span> <span class='ocrx_word' id='word_1_12' title='bbox 2660 401 2803 460; x_wconf 90' lang='lat' dir='ltr'><strong>VIII.</strong></span> 
     </span>
    </p>
   </div>
   <div class='ocr_carea' id='block_1_4' title="bbox 93 508 1685 604">
    <p class='ocr_par' dir='ltr' id='par_1_4' title="bbox 93 512 1664 604">
     <span class='ocr_line' id='line_1_4' title="bbox 93 512 1664 604; baseline -0.009 -27"><span class='ocrx_word' id='word_1_13' title='bbox 93 523 611 597; x_wconf 80' lang='grc' dir='ltr'><strong>ΠερὶΔιονῦσίου</strong></span> <span class='ocrx_word' id='word_1_14' title='bbox 683 525 793 604; x_wconf 71' lang='grc' dir='ltr'><strong>τόῡ</strong></span> <span class='ocrx_word' id='word_1_15' title='bbox 857 517 1215 604; x_wconf 66' lang='grc' dir='ltr'><strong>Κορινθίων</strong></span> <span class='ocrx_word' id='word_1_16' title='bbox 1276 512 1664 578; x_wconf 74' lang='grc' dir='ltr'><strong>ἐπισκόπου,</strong></span> 
     </span>
    </p>
   </div>
   <div class='ocr_carea' id='block_1_5' title="bbox 1831 508 3423 604">
    <p class='ocr_par' dir='ltr' id='par_1_5' title="bbox 1843 508 3423 592">
     <span class='ocr_line' id='line_1_5' title="bbox 1843 508 3423 592; baseline -0.003 -25"><span class='ocrx_word' id='word_1_17' title='bbox 1843 510 1930 567; x_wconf 87' lang='lat' dir='ltr'><strong>De</strong></span> <span class='ocrx_word' id='word_1_18' title='bbox 1965 508 2252 580; x_wconf 82' lang='lat' dir='ltr'><strong>Dionysio</strong></span> <span class='ocrx_word' id='word_1_19' title='bbox 2280 508 2723 592; x_wconf 80' lang='lat' dir='ltr'><strong>Corinthiorum</strong></span> <span class='ocrx_word' id='word_1_20' title='bbox 2753 508 3044 580; x_wconf 84' lang='lat' dir='ltr'><strong>episcopo,</strong></span> <span class='ocrx_word' id='word_1_21' title='bbox 3081 511 3135 565; x_wconf 81' lang='lat' dir='ltr'><strong>et</strong></span> <span class='ocrx_word' id='word_1_22' title='bbox 3164 508 3423 578; x_wconf 79' lang='lat' dir='ltr'><strong>epistolis</strong></span> 
     </span>
    </p>
   </div>
   <div class='ocr_carea' id='block_1_6' title="bbox 393 593 2677 653">
    <p class='ocr_par' dir='ltr' id='par_1_6' title="bbox 393 593 2677 653">
     <span class='ocr_line' id='line_1_6' title="bbox 393 593 2677 653; baseline -0.004 -8"><span class='ocrx_word' id='word_1_23' title='bbox 393 597 504 644; x_wconf 85' lang='grc' dir='ltr'><strong>καὶ</strong></span> <span class='ocrx_word' id='word_1_24' title='bbox 543 599 670 644; x_wconf 89' lang='grc' dir='ltr'><strong>τῶν</strong></span> <span class='ocrx_word' id='word_1_25' title='bbox 709 593 1071 641; x_wconf 72' lang='grc' dir='ltr'><strong>ἐπιστολῶν</strong></span> <span class='ocrx_word' id='word_1_26' title='bbox 1112 593 1326 641; x_wconf 80' lang='grc' dir='ltr'><strong>αὐτοῦ.</strong></span> <span class='ocrx_word' id='word_1_27' title='bbox 2530 597 2677 653; x_wconf 70' lang='lat' dir='ltr'><strong>ejus.</strong></span> 
     </span>
    </p>
   </div>
   <div class='ocr_carea' id='block_1_7' title="bbox 148 681 1740 760">
    <p class='ocr_par' dir='ltr' id='par_1_7' title="bbox 148 681 1662 760">
     <span class='ocr_line' id='line_1_7' title="bbox 148 681 1662 760; baseline -0.008 -14"><span class='ocrx_word' id='word_1_28' title='bbox 148 693 276 746; x_wconf 81' lang='grc' dir='ltr'><strong>Μετά</strong></span> <span class='ocrx_word' id='word_1_29' title='bbox 325 687 382 744; x_wconf 75' lang='grc' dir='ltr'><strong>δε</strong></span> <span class='ocrx_word' id='word_1_30' title='bbox 423 698 607 744; x_wconf 81' lang='grc' dir='ltr'><strong>τοῦτον</strong></span> <span class='ocrx_word' id='word_1_31' title='bbox 661 691 745 741; x_wconf 75' lang='grc' dir='ltr'><strong>ἐπὶ</strong></span> <span class='ocrx_word' id='word_1_32' title='bbox 795 690 882 740; x_wconf 87' lang='grc' dir='ltr'><strong>τόν</strong></span> <span class='ocrx_word' id='word_1_33' title='bbox 933 688 1206 760; x_wconf 76' lang='grc' dir='ltr'><strong>Κορίνθίον</strong></span> <span class='ocrx_word' id='word_1_34' title='bbox 1246 687 1513 738; x_wconf 83' lang='grc' dir='ltr'><strong>Διονύσιον</strong></span> <span class='ocrx_word' id='word_1_35' title='bbox 1572 681 1662 756; x_wconf 77' lang='grc' dir='ltr'><strong>βαο</strong></span> 
     </span>
    </p>
   </div>
   <div class='ocr_carea' id='block_1_8' title="bbox 1836 681 3428 760">
    <p class='ocr_par' dir='ltr' id='par_1_8' title="bbox 1849 687 3428 760">
     <span class='ocr_line' id='line_1_8' title="bbox 1849 687 3428 760; baseline -0.001 -16"><span class='ocrx_word' id='word_1_36' title='bbox 1849 691 1934 744; x_wconf 77' lang='lat' dir='ltr'><strong>Ab</strong></span> <span class='ocrx_word' id='word_1_37' title='bbox 1963 688 2077 745; x_wconf 93' lang='lat' dir='ltr'><strong>hoc</strong></span> <span class='ocrx_word' id='word_1_38' title='bbox 2124 688 2203 745; x_wconf 92' lang='lat' dir='ltr'><strong>ad</strong></span> <span class='ocrx_word' id='word_1_39' title='bbox 2252 688 2600 760; x_wconf 85' lang='lat' dir='ltr'><strong>Dionysium</strong></span> <span class='ocrx_word' id='word_1_40' title='bbox 2647 687 3015 744; x_wconf 82' lang='lat' dir='ltr'><strong>Corinthium</strong></span> <span class='ocrx_word' id='word_1_41' title='bbox 3060 687 3252 744; x_wconf 81' lang='lat' dir='ltr'><strong>oratio</strong></span> <span class='ocrx_word' id='word_1_42' title='bbox 3292 702 3428 742; x_wconf 91' lang='lat' dir='ltr'><strong>con-</strong></span> 
     </span>
    </p>
   </div>
   <div class='ocr_carea' id='block_1_9' title="bbox 91 774 1683 852">
    <p class='ocr_par' dir='ltr' id='par_1_9' title="bbox 91 774 1666 852">
     <span class='ocr_line' id='line_1_9' title="bbox 91 774 1666 852; baseline -0.008 -16"><span class='ocrx_word' id='word_1_43' title='bbox 91 779 276 836; x_wconf 81' lang='grc' dir='ltr'><strong>διστίον</strong></span> <span class='ocrx_word' id='word_1_44' title='bbox 325 788 399 851; x_wconf 77' lang='grc' dir='ltr'><strong>τῷ</strong></span> <span class='ocrx_word' id='word_1_45' title='bbox 438 779 593 852; x_wconf 78' lang='grc' dir='ltr'><strong>λόγῳ,</strong></span> <span class='ocrx_word' id='word_1_46' title='bbox 650 775 963 842; x_wconf 89' lang='grc' dir='ltr'><strong>δεικνύντες,</strong></span> <span class='ocrx_word' id='word_1_47' title='bbox 1005 777 1085 828; x_wconf 85' lang='grc' dir='ltr'><strong>ὅτι</strong></span> <span class='ocrx_word' id='word_1_48' title='bbox 1111 795 1165 828; x_wconf 88' lang='grc' dir='ltr'><strong>τε</strong></span> <span class='ocrx_word' id='word_1_49' title='bbox 1217 779 1309 835; x_wconf 81' lang='grc' dir='ltr'><strong>τῆς</strong></span> <span class='ocrx_word' id='word_1_50' title='bbox 1349 774 1532 826; x_wconf 77' lang='grc' dir='ltr'><strong>αὐτόθι</strong></span> <span class='ocrx_word' id='word_1_51' title='bbox 1570 791 1666 824; x_wconf 87' lang='grc' dir='ltr'><strong>πα·</strong></span> 
     </span>
    </p>
   </div>
   <div class='ocr_carea' id='block_1_10' title="bbox 1836 774 3428 852">
    <p class='ocr_par' dir='ltr' id='par_1_10' title="bbox 1836 777 3428 849">
     <span class='ocr_line' id='line_1_10' title="bbox 1836 777 3428 849; baseline -0.001 -16"><span class='ocrx_word' id='word_1_52' title='bbox 1836 777 2084 845; x_wconf 73' lang='lat' dir='ltr'><strong>:rtenda,</strong></span> <span class='ocrx_word' id='word_1_53' title='bbox 2114 778 2216 848; x_wconf 88' lang='lat' dir='ltr'><strong>qui</strong></span> <span class='ocrx_word' id='word_1_54' title='bbox 2246 777 2511 833; x_wconf 69' lang='lat' dir='ltr'><strong>ecclesiae</strong></span> <span class='ocrx_word' id='word_1_55' title='bbox 2558 778 2689 849; x_wconf 87' lang='lat' dir='ltr'><strong>ejus</strong></span> <span class='ocrx_word' id='word_1_56' title='bbox 2732 777 2841 833; x_wconf 91' lang='lat' dir='ltr'><strong>loci</strong></span> <span class='ocrx_word' id='word_1_57' title='bbox 2896 777 3128 848; x_wconf 75' lang='lat' dir='ltr'><strong>praefuit</strong></span> <span class='ocrx_word' id='word_1_58' title='bbox 3163 793 3174 830; x_wconf 89' lang='lat'><strong>:</strong></span> <span class='ocrx_word' id='word_1_59' title='bbox 3219 787 3275 831; x_wconf 92' lang='lat' dir='ltr'><strong>et</strong></span> <span class='ocrx_word' id='word_1_60' title='bbox 3307 791 3428 831; x_wconf 89' lang='lat' dir='ltr'><strong>non</strong></span> 
     </span>
    </p>
   </div>
   <div class='ocr_carea' id='block_1_11' title="bbox 89 861 1681 947">
    <p class='ocr_par' dir='ltr' id='par_1_11' title="bbox 89 861 1670 947">
     <span class='ocr_line' id='line_1_11' title="bbox 89 861 1670 947; baseline -0.008 -23"><span class='ocrx_word' id='word_1_61' title='bbox 89 876 272 947; x_wconf 86' lang='grc' dir='ltr'><strong>ροικίας</strong></span> <span class='ocrx_word' id='word_1_62' title='bbox 326 878 587 944; x_wconf 79' lang='grc' dir='ltr'><strong>κατῆρχε,</strong></span> <span class='ocrx_word' id='word_1_63' title='bbox 659 873 749 920; x_wconf 85' lang='grc' dir='ltr'><strong>καὶ</strong></span> <span class='ocrx_word' id='word_1_64' title='bbox 809 869 880 928; x_wconf 85' lang='grc' dir='ltr'><strong>ὡς</strong></span> <span class='ocrx_word' id='word_1_65' title='bbox 946 873 1008 939; x_wconf 77' lang='grc' dir='ltr'><strong>τῇ</strong></span> <span class='ocrx_word' id='word_1_66' title='bbox 1078 864 1229 937; x_wconf 79' lang='grc' dir='ltr'><strong>ένθέῳ</strong></span> <span class='ocrx_word' id='word_1_67' title='bbox 1287 863 1562 947; x_wconf 74' lang='grc' dir='ltr'><strong>φιλοσοφίᾳ</strong></span> <span class='ocrx_word' id='word_1_68' title='bbox 1612 861 1670 912; x_wconf 80' lang='grc' dir='ltr'><strong>οὐ</strong></span> 
     </span>
    </p>
   </div>
   <div class='ocr_carea' id='block_1_12' title="bbox 1841 861 3433 947">
    <p class='ocr_par' dir='ltr' id='par_1_12' title="bbox 1841 865 3433 938">
     <span class='ocr_line' id='line_1_12' title="bbox 1841 865 3433 938; baseline 0.001 -20"><span class='ocrx_word' id='word_1_69' title='bbox 1841 866 1978 922; x_wconf 64' lang='lat' dir='ltr'><strong>ilum</strong></span> <span class='ocrx_word' id='word_1_70' title='bbox 2009 866 2106 937; x_wconf 90' lang='lat' dir='ltr'><strong>pio</strong></span> <span class='ocrx_word' id='word_1_71' title='bbox 2129 873 2184 920; x_wconf 91' lang='lat' dir='ltr'><strong>et</strong></span> <span class='ocrx_word' id='word_1_72' title='bbox 2224 872 2432 921; x_wconf 90' lang='lat' dir='ltr'><strong>sancto</strong></span> <span class='ocrx_word' id='word_1_73' title='bbox 2457 866 2662 922; x_wconf 87' lang='lat' dir='ltr'><strong>labore</strong></span> <span class='ocrx_word' id='word_1_74' title='bbox 2695 867 2779 922; x_wconf 91' lang='lat' dir='ltr'><strong>eis</strong></span> <span class='ocrx_word' id='word_1_75' title='bbox 2812 867 2914 938; x_wconf 89' lang='lat' dir='ltr'>qui</span> <span class='ocrx_word' id='word_1_76' title='bbox 2951 882 3106 921; x_wconf 74' lang='lat' dir='ltr'><strong>curae</strong></span> <span class='ocrx_word' id='word_1_77' title='bbox 3153 866 3281 935; x_wconf 86' lang='lat' dir='ltr'><strong>ejus</strong></span> <span class='ocrx_word' id='word_1_78' title='bbox 3308 865 3433 921; x_wconf 89' lang='lat' dir='ltr'><strong>fue-</strong></span> 
     </span>
    </p>
   </div>
   <div class='ocr_carea' id='block_1_13' title="bbox 89 944 1681 1030">
    <p class='ocr_par' dir='ltr' id='par_1_13' title="bbox 89 944 1673 1030">
     <span class='ocr_line' id='line_1_13' title="bbox 89 944 1673 1030; baseline -0.006 -23"><span class='ocrx_word' id='word_1_79' title='bbox 89 944 223 1030; x_wconf 78' lang='grc' dir='ltr'><strong>μόνον</strong></span> <span class='ocrx_word' id='word_1_80' title='bbox 273 960 378 1017; x_wconf 91' lang='grc' dir='ltr'><strong>τοῖς</strong></span> <span class='ocrx_word' id='word_1_81' title='bbox 430 954 518 1006; x_wconf 76' lang='grc' dir='ltr'><strong>ὑπ’</strong></span> <span class='ocrx_word' id='word_1_82' title='bbox 577 952 756 1018; x_wconf 75' lang='grc' dir='ltr'><strong>αὐτόν,</strong></span> <span class='ocrx_word' id='word_1_83' title='bbox 789 950 918 1004; x_wconf 85' lang='grc' dir='ltr'><strong>ἀ).λά</strong></span> <span class='ocrx_word' id='word_1_84' title='bbox 968 955 1058 1003; x_wconf 80' lang='grc' dir='ltr'><strong>καὶ</strong></span> <span class='ocrx_word' id='word_1_85' title='bbox 1087 956 1194 1010; x_wconf 91' lang='grc' dir='ltr'><strong>τοῖς</strong></span> <span class='ocrx_word' id='word_1_86' title='bbox 1250 949 1337 1001; x_wconf 81' lang='grc' dir='ltr'><strong>ὑπ’</strong></span> <span class='ocrx_word' id='word_1_87' title='bbox 1367 944 1673 1008; x_wconf 86' lang='grc' dir='ltr'><strong>ἀλλοδαπῆς</strong></span> 
     </span>
    </p>
   </div>
   <div class='ocr_carea' id='block_1_14' title="bbox 1838 944 3430 1030">
    <p class='ocr_par' dir='ltr' id='par_1_14' title="bbox 1838 954 3430 1028">
     <span class='ocr_line' id='line_1_14' title="bbox 1838 954 3430 1028; baseline -0.001 -17"><span class='ocrx_word' id='word_1_88' title='bbox 1838 964 1931 1021; x_wconf 70' lang='lat' dir='ltr'><strong>int,</strong></span> <span class='ocrx_word' id='word_1_89' title='bbox 1963 955 2293 1021; x_wconf 84' lang='lat' dir='ltr'><strong>commissi,</strong></span> <span class='ocrx_word' id='word_1_90' title='bbox 2326 958 2427 1010; x_wconf 94' lang='lat' dir='ltr'><strong>sed</strong></span> <span class='ocrx_word' id='word_1_91' title='bbox 2457 956 2634 1011; x_wconf 90' lang='lat' dir='ltr'><strong>etiam</strong></span> <span class='ocrx_word' id='word_1_92' title='bbox 2657 957 2759 1028; x_wconf 89' lang='lat' dir='ltr'><strong>qui</strong></span> <span class='ocrx_word' id='word_1_93' title='bbox 2781 956 2842 1011; x_wconf 89' lang='lat' dir='ltr'><strong>in</strong></span> <span class='ocrx_word' id='word_1_94' title='bbox 2869 954 3212 1028; x_wconf 82' lang='lat' dir='ltr'><strong>longinquis</strong></span> <span class='ocrx_word' id='word_1_95' title='bbox 3234 960 3430 1010; x_wconf 79' lang='lat' dir='ltr'><strong>essent</strong></span> 
     </span>
    </p>
   </div>
   <div class='ocr_carea' id='block_1_15' title="bbox 93 1038 1685 1119">
    <p class='ocr_par' dir='ltr' id='par_1_15' title="bbox 93 1038 1671 1119">
     <span class='ocr_line' id='line_1_15' title="bbox 93 1038 1671 1119; baseline -0.007 -21"><span class='ocrx_word' id='word_1_96' title='bbox 93 1043 304 1116; x_wconf 70' lang='grc' dir='ltr'><strong>δαψιλῶς</strong></span> <span class='ocrx_word' id='word_1_97' title='bbox 348 1043 616 1119; x_wconf 76' lang='grc' dir='ltr'><strong>έχορήγει,</strong></span> <span class='ocrx_word' id='word_1_98' title='bbox 672 1047 832 1094; x_wconf 85' lang='grc' dir='ltr'><strong>πᾶσιν</strong></span> <span class='ocrx_word' id='word_1_99' title='bbox 870 1040 1048 1093; x_wconf 74' lang='grc' dir='ltr'><strong>ἑαυτὸν</strong></span> <span class='ocrx_word' id='word_1_100' title='bbox 1083 1042 1350 1111; x_wconf 76' lang='grc' dir='ltr'><strong>παρέχων,</strong></span> <span class='ocrx_word' id='word_1_101' title='bbox 1402 1039 1480 1099; x_wconf 87' lang='grc' dir='ltr'><strong>οἷς</strong></span> <span class='ocrx_word' id='word_1_102' title='bbox 1517 1038 1671 1088; x_wconf 82' lang='grc' dir='ltr'><strong>καθο⁸</strong></span> 
     </span>
    </p>
   </div>
   <div class='ocr_carea' id='block_1_16' title="bbox 1831 1038 3423 1119">
    <p class='ocr_par' dir='ltr' id='par_1_16' title="bbox 1831 1044 3423 1117">
     <span class='ocr_line' id='line_1_16' title="bbox 1831 1044 3423 1117; baseline -0.001 -17"><span class='ocrx_word' id='word_1_103' title='bbox 1831 1045 2145 1116; x_wconf 67' lang='lat' dir='ltr'><strong>igionibus,</strong></span> <span class='ocrx_word' id='word_1_104' title='bbox 2184 1044 2511 1117; x_wconf 88' lang='lat' dir='ltr'><strong>plurimum</strong></span> <span class='ocrx_word' id='word_1_105' title='bbox 2554 1045 2792 1116; x_wconf 84' lang='lat' dir='ltr'><strong>profuit,</strong></span> <span class='ocrx_word' id='word_1_106' title='bbox 2836 1045 3119 1100; x_wconf 92' lang='lat' dir='ltr'><strong>omnibus</strong></span> <span class='ocrx_word' id='word_1_107' title='bbox 3163 1045 3423 1116; x_wconf 91' lang='lat' dir='ltr'><strong>seipsum</strong></span> 
     </span>
    </p>
   </div>
   <div class='ocr_carea' id='block_1_17' title="bbox 92 1127 1684 1206">
    <p class='ocr_par' dir='ltr' id='par_1_17' title="bbox 92 1127 1674 1204">
     <span class='ocr_line' id='line_1_17' title="bbox 92 1127 1674 1204; baseline -0.006 -17"><span class='ocrx_word' id='word_1_108' title='bbox 92 1135 240 1197; x_wconf 80' lang='grc' dir='ltr'><strong>λικαῖς</strong></span> <span class='ocrx_word' id='word_1_109' title='bbox 292 1141 409 1195; x_wconf 90' lang='grc' dir='ltr'><strong>ταῖς</strong></span> <span class='ocrx_word' id='word_1_110' title='bbox 473 1131 774 1193; x_wconf 70' lang='grc' dir='ltr'><strong>ἐπιστολαῖς</strong></span> <span class='ocrx_word' id='word_1_111' title='bbox 837 1128 1157 1204; x_wconf 88' lang='grc' dir='ltr'><strong>προσωμίλει</strong></span> <span class='ocrx_word' id='word_1_112' title='bbox 1186 1147 1201 1161; x_wconf 79' lang='grc' dir='ltr'><strong><em>ο</em></strong></span> <span class='ocrx_word' id='word_1_113' title='bbox 1266 1127 1333 1178; x_wconf 83' lang='grc' dir='ltr'><strong>ὧν</strong></span> <span class='ocrx_word' id='word_1_114' title='bbox 1397 1130 1494 1197; x_wconf 92' lang='grc' dir='ltr'><strong>μία</strong></span> <span class='ocrx_word' id='word_1_115' title='bbox 1547 1128 1674 1198; x_wconf 87' lang='grc' dir='ltr'><strong>πρὸς</strong></span> 
     </span>
    </p>
   </div>
   <div class='ocr_carea' id='block_1_18' title="bbox 1841 1127 3433 1206">
    <p class='ocr_par' dir='ltr' id='par_1_18' title="bbox 1845 1133 3433 1206">
     <span class='ocr_line' id='line_1_18' title="bbox 1845 1133 3433 1206; baseline -0.001 -17"><span class='ocrx_word' id='word_1_116' title='bbox 1845 1134 2016 1190; x_wconf 91' lang='lat' dir='ltr'><strong>cilem</strong></span> <span class='ocrx_word' id='word_1_117' title='bbox 2065 1135 2359 1206; x_wconf 68' lang='lat' dir='ltr'><strong>praebens,</strong></span> <span class='ocrx_word' id='word_1_118' title='bbox 2398 1139 2452 1189; x_wconf 90' lang='lat' dir='ltr'><strong>et</strong></span> <span class='ocrx_word' id='word_1_119' title='bbox 2501 1133 2787 1205; x_wconf 84' lang='lat' dir='ltr'><strong>epistolas</strong></span> <span class='ocrx_word' id='word_1_120' title='bbox 2833 1133 3158 1189; x_wconf 86' lang='lat' dir='ltr'><strong>catholicas</strong></span> <span class='ocrx_word' id='word_1_121' title='bbox 3203 1133 3282 1188; x_wconf 89' lang='lat' dir='ltr'><strong>ad</strong></span> <span class='ocrx_word' id='word_1_122' title='bbox 3331 1149 3433 1189; x_wconf 92' lang='lat' dir='ltr'><strong>eos</strong></span> 
     </span>
    </p>
   </div>
   <div class='ocr_carea' id='block_1_19' title="bbox 95 1213 1687 1296">
    <p class='ocr_par' dir='ltr' id='par_1_19' title="bbox 95 1213 1675 1296">
     <span class='ocr_line' id='line_1_19' title="bbox 95 1213 1675 1296; baseline -0.008 -19"><span class='ocrx_word' id='word_1_123' title='bbox 95 1220 522 1296; x_wconf 85' lang='grc' dir='ltr'><strong>Λακεδαιμονίους</strong></span> <span class='ocrx_word' id='word_1_124' title='bbox 569 1221 705 1287; x_wconf 78' lang='grc' dir='ltr'><strong>ἐστὶ,</strong></span> <span class='ocrx_word' id='word_1_125' title='bbox 763 1224 1073 1291; x_wconf 80' lang='grc' dir='ltr'><strong>κατήχησιν</strong></span> <span class='ocrx_word' id='word_1_126' title='bbox 1139 1221 1466 1292; x_wconf 81' lang='grc' dir='ltr'><strong>περιέχουσα</strong></span> <span class='ocrx_word' id='word_1_127' title='bbox 1527 1213 1675 1286; x_wconf 83' lang='grc' dir='ltr'><strong>ὀρθο-</strong></span> 
     </span>
    </p>
   </div>
   <div class='ocr_carea' id='block_1_20' title="bbox 1840 1213 3432 1296">
    <p class='ocr_par' dir='ltr' id='par_1_20' title="bbox 1840 1223 3432 1296">
     <span class='ocr_line' id='line_1_20' title="bbox 1840 1223 3432 1296; baseline 0.002 -20"><span class='ocrx_word' id='word_1_128' title='bbox 1840 1225 2048 1280; x_wconf 81' lang='lat' dir='ltr'><strong>:ribens</strong></span> <span class='ocrx_word' id='word_1_129' title='bbox 2080 1241 2094 1278; x_wconf 92' lang='lat'><strong>:</strong></span> <span class='ocrx_word' id='word_1_130' title='bbox 2131 1239 2392 1296; x_wconf 88' lang='lat' dir='ltr'><strong>quarum</strong></span> <span class='ocrx_word' id='word_1_131' title='bbox 2425 1239 2540 1278; x_wconf 90' lang='lat' dir='ltr'><strong>una</strong></span> <span class='ocrx_word' id='word_1_132' title='bbox 2573 1224 2649 1278; x_wconf 92' lang='lat' dir='ltr'><strong>ad</strong></span> <span class='ocrx_word' id='word_1_133' title='bbox 2681 1223 3164 1279; x_wconf 74' lang='lat' dir='ltr'><strong>Lacedaemonios</strong></span> <span class='ocrx_word' id='word_1_134' title='bbox 3194 1230 3298 1287; x_wconf 92' lang='lat' dir='ltr'><strong>est,</strong></span> <span class='ocrx_word' id='word_1_135' title='bbox 3333 1239 3432 1279; x_wconf 87' lang='lat' dir='ltr'><strong>ca-</strong></span> 
     </span>
    </p>
   </div>
   <div class='ocr_carea' id='block_1_21' title="bbox 92 1305 1684 1384">
    <p class='ocr_par' dir='ltr' id='par_1_21' title="bbox 92 1305 1674 1384">
     <span class='ocr_line' id='line_1_21' title="bbox 92 1305 1674 1384; baseline -0.008 -17"><span class='ocrx_word' id='word_1_136' title='bbox 92 1311 272 1377; x_wconf 79' lang='grc' dir='ltr'><strong>δοξίας,</strong></span> <span class='ocrx_word' id='word_1_137' title='bbox 330 1316 450 1384; x_wconf 78' lang='grc' dir='ltr'><strong>περὶ</strong></span> <span class='ocrx_word' id='word_1_138' title='bbox 496 1311 702 1383; x_wconf 82' lang='grc' dir='ltr'><strong>εἰρήνης</strong></span> <span class='ocrx_word' id='word_1_139' title='bbox 749 1327 805 1362; x_wconf 91' lang='grc' dir='ltr'><strong>τε</strong></span> <span class='ocrx_word' id='word_1_140' title='bbox 856 1314 948 1360; x_wconf 79' lang='grc' dir='ltr'><strong>καὶ</strong></span> <span class='ocrx_word' id='word_1_141' title='bbox 1003 1307 1228 1368; x_wconf 79' lang='grc' dir='ltr'><strong>ένὼσεως</strong></span> <span class='ocrx_word' id='word_1_142' title='bbox 1283 1305 1623 1376; x_wconf 82' lang='grc' dir='ltr'><strong>ύποτιθεμίνη</strong></span> <span class='ocrx_word' id='word_1_143' title='bbox 1657 1320 1674 1334; x_wconf 89' lang='grc'><strong>·</strong></span> 
     </span>
    </p>
   </div>
   <div class='ocr_carea' id='block_1_22' title="bbox 1842 1305 3434 1384">
    <p class='ocr_par' dir='ltr' id='par_1_22' title="bbox 1842 1312 3434 1383">
     <span class='ocr_line' id='line_1_22' title="bbox 1842 1312 3434 1383; baseline -0.001 -15"><span class='ocrx_word' id='word_1_144' title='bbox 1842 1313 2066 1369; x_wconf 89' lang='lat' dir='ltr'><strong>chesim</strong></span> <span class='ocrx_word' id='word_1_145' title='bbox 2090 1318 2148 1368; x_wconf 90' lang='lat' dir='ltr'><strong>et</strong></span> <span class='ocrx_word' id='word_1_146' title='bbox 2176 1312 2612 1368; x_wconf 80' lang='lat' dir='ltr'><strong>institutionem</strong></span> <span class='ocrx_word' id='word_1_147' title='bbox 2641 1312 3008 1368; x_wconf 79' lang='lat' dir='ltr'><strong>Ot‘lhOdOXitB</strong></span> <span class='ocrx_word' id='word_1_148' title='bbox 3047 1312 3434 1383; x_wconf 90' lang='lat' dir='ltr'><strong>rectiorisque</strong></span> 
     </span>
    </p>
   </div>
   <div class='ocr_carea' id='block_1_23' title="bbox 91 1393 1683 1475">
    <p class='ocr_par' dir='ltr' id='par_1_23' title="bbox 91 1393 1676 1475">
     <span class='ocr_line' id='line_1_23' title="bbox 91 1393 1676 1475; baseline -0.008 -21"><span class='ocrx_word' id='word_1_149' title='bbox 91 1398 290 1475; x_wconf 85' lang='grc' dir='ltr'><strong>δευτέρα</strong></span> <span class='ocrx_word' id='word_1_150' title='bbox 337 1403 465 1475; x_wconf 85' lang='grc' dir='ltr'><strong>πρὸς</strong></span> <span class='ocrx_word' id='word_1_151' title='bbox 501 1399 832 1464; x_wconf 86' lang='grc' dir='ltr'><strong>Ἀθηναίους,</strong></span> <span class='ocrx_word' id='word_1_152' title='bbox 877 1400 1010 1470; x_wconf 89' lang='grc' dir='ltr'><strong>πρὸς</strong></span> <span class='ocrx_word' id='word_1_153' title='bbox 1055 1400 1148 1454; x_wconf 77' lang='grc' dir='ltr'><strong>την</strong></span> <span class='ocrx_word' id='word_1_154' title='bbox 1196 1393 1450 1469; x_wconf 69' lang='grc' dir='ltr'><strong>ἀκραιφνῆ</strong></span> <span class='ocrx_word' id='word_1_155' title='bbox 1495 1395 1676 1444; x_wconf 89' lang='grc' dir='ltr'><strong>πίστιν</strong></span> 
     </span>
    </p>
   </div>
   <div class='ocr_carea' id='block_1_24' title="bbox 1843 1393 3435 1475">
    <p class='ocr_par' dir='ltr' id='par_1_24' title="bbox 1843 1401 3435 1473">
     <span class='ocr_line' id='line_1_24' title="bbox 1843 1401 3435 1473; baseline -0.001 -15"><span class='ocrx_word' id='word_1_156' title='bbox 1843 1403 2067 1458; x_wconf 75' lang='lat' dir='ltr'><strong>&gt;ctrinas</strong></span> <span class='ocrx_word' id='word_1_157' title='bbox 2105 1403 2417 1458; x_wconf 88' lang='lat' dir='ltr'><strong>continens</strong></span> <span class='ocrx_word' id='word_1_158' title='bbox 2451 1417 2464 1456; x_wconf 92' lang='lat'><strong>:</strong></span> <span class='ocrx_word' id='word_1_159' title='bbox 2508 1403 2678 1472; x_wconf 87' lang='lat' dir='ltr'><strong>cujus</strong></span> <span class='ocrx_word' id='word_1_160' title='bbox 2709 1402 2914 1456; x_wconf 87' lang='lat' dir='ltr'><strong>titulus</strong></span> <span class='ocrx_word' id='word_1_161' title='bbox 2945 1407 3054 1457; x_wconf 92' lang='lat' dir='ltr'><strong>est.</strong></span> <span class='ocrx_word' id='word_1_162' title='bbox 3087 1401 3164 1456; x_wconf 91' lang='lat' dir='ltr'><strong>De</strong></span> <span class='ocrx_word' id='word_1_163' title='bbox 3200 1418 3345 1473; x_wconf 86' lang='lat' dir='ltr'><strong>pace</strong></span> <span class='ocrx_word' id='word_1_164' title='bbox 3380 1406 3435 1457; x_wconf 90' lang='lat' dir='ltr'><strong>et</strong></span> 
     </span>
    </p>
   </div>
   <div class='ocr_carea' id='block_1_25' title="bbox 89 1481 1681 1563">
    <p class='ocr_par' dir='ltr' id='par_1_25' title="bbox 89 1481 1677 1563">
     <span class='ocr_line' id='line_1_25' title="bbox 89 1481 1677 1563; baseline -0.008 -19"><span class='ocrx_word' id='word_1_165' title='bbox 89 1491 258 1552; x_wconf 76' lang='grc' dir='ltr'><strong>αὐτοὺς</strong></span> <span class='ocrx_word' id='word_1_166' title='bbox 308 1487 680 1563; x_wconf 72' lang='grc' dir='ltr'><strong>διιγείρουσαο</strong></span> <span class='ocrx_word' id='word_1_167' title='bbox 723 1487 936 1560; x_wconf 76' lang='grc' dir='ltr'><strong>ἕλεγχόν</strong></span> <span class='ocrx_word' id='word_1_168' title='bbox 985 1505 1040 1539; x_wconf 92' lang='grc' dir='ltr'><strong>τε</strong></span> <span class='ocrx_word' id='word_1_169' title='bbox 1088 1490 1321 1560; x_wconf 86' lang='grc' dir='ltr'><strong>περιέχει</strong></span> <span class='ocrx_word' id='word_1_170' title='bbox 1368 1486 1432 1544; x_wconf 84' lang='grc' dir='ltr'><strong>ὡς</strong></span> <span class='ocrx_word' id='word_1_171' title='bbox 1476 1483 1538 1533; x_wconf 84' lang='grc' dir='ltr'><strong>οἶν</strong></span> <span class='ocrx_word' id='word_1_172' title='bbox 1569 1481 1677 1532; x_wconf 84' lang='grc' dir='ltr'><strong>ὀλι-</strong></span> 
     </span>
    </p>
   </div>
   <div class='ocr_carea' id='block_1_26' title="bbox 1841 1481 3433 1563">
    <p class='ocr_par' dir='ltr' id='par_1_26' title="bbox 1841 1490 3433 1563">
     <span class='ocr_line' id='line_1_26' title="bbox 1841 1490 3433 1563; baseline -0.002 -15"><span class='ocrx_word' id='word_1_173' title='bbox 1841 1492 2028 1548; x_wconf 77' lang='lat' dir='ltr'><strong>Jitate.</strong></span> <span class='ocrx_word' id='word_1_174' title='bbox 2068 1490 2407 1547; x_wconf 87' lang='lat' dir='ltr'><strong>Secundam</strong></span> <span class='ocrx_word' id='word_1_175' title='bbox 2437 1493 2515 1546; x_wconf 90' lang='lat' dir='ltr'><strong>ad</strong></span> <span class='ocrx_word' id='word_1_176' title='bbox 2545 1490 2935 1546; x_wconf 83' lang='lat' dir='ltr'><strong>Athenienses</strong></span> <span class='ocrx_word' id='word_1_177' title='bbox 2963 1491 3148 1556; x_wconf 88' lang='lat' dir='ltr'><strong>dedit,</strong></span> <span class='ocrx_word' id='word_1_178' title='bbox 3180 1507 3302 1563; x_wconf 89' lang='lat' dir='ltr'><strong>qua</strong></span> <span class='ocrx_word' id='word_1_179' title='bbox 3331 1507 3433 1547; x_wconf 90' lang='lat' dir='ltr'><strong>eos</strong></span> 
     </span>
    </p>
   </div>
   <div class='ocr_carea' id='block_1_27' title="bbox 86 1570 1678 1654">
    <p class='ocr_par' dir='ltr' id='par_1_27' title="bbox 86 1570 1674 1654">
     <span class='ocr_line' id='line_1_27' title="bbox 86 1570 1674 1654; baseline -0.006 -24"><span class='ocrx_word' id='word_1_180' title='bbox 86 1585 245 1653; x_wconf 83' lang='grc' dir='ltr'><strong>γώρως</strong></span> <span class='ocrx_word' id='word_1_181' title='bbox 297 1583 430 1654; x_wconf 87' lang='grc' dir='ltr'><strong>πρὸς</strong></span> <span class='ocrx_word' id='word_1_182' title='bbox 480 1583 572 1637; x_wconf 80' lang='grc' dir='ltr'><strong>τὴν</strong></span> <span class='ocrx_word' id='word_1_183' title='bbox 629 1575 818 1651; x_wconf 79' lang='grc' dir='ltr'><strong>ἀκριϐῆ</strong></span> <span class='ocrx_word' id='word_1_184' title='bbox 886 1582 979 1628; x_wconf 89' lang='grc' dir='ltr'><strong>τοῦ</strong></span> <span class='ocrx_word' id='word_1_185' title='bbox 1035 1573 1354 1646; x_wconf 85' lang='grc' dir='ltr'><strong>Εύαγγελίου</strong></span> <span class='ocrx_word' id='word_1_186' title='bbox 1410 1570 1674 1625; x_wconf 82' lang='grc' dir='ltr'><strong>πολιτείαν</strong></span> 
     </span>
    </p>
   </div>
   <div class='ocr_carea' id='block_1_28' title="bbox 1845 1570 3437 1654">
    <p class='ocr_par' dir='ltr' id='par_1_28' title="bbox 1845 1580 3437 1651">
     <span class='ocr_line' id='line_1_28' title="bbox 1845 1580 3437 1651; baseline -0.001 -15"><span class='ocrx_word' id='word_1_187' title='bbox 1845 1581 2194 1636; x_wconf 82' lang='lat' dir='ltr'><strong>[sinceram</strong></span> <span class='ocrx_word' id='word_1_188' title='bbox 2236 1580 2417 1635; x_wconf 89' lang='lat' dir='ltr'><strong>ﬁdem</strong></span> <span class='ocrx_word' id='word_1_189' title='bbox 2459 1580 2974 1651; x_wconf 91' lang='lat' dir='ltr'><strong>complectendam</strong></span> <span class='ocrx_word' id='word_1_190' title='bbox 3019 1582 3256 1646; x_wconf 82' lang='lat' dir='ltr'><strong>excitat,</strong></span> <span class='ocrx_word' id='word_1_191' title='bbox 3299 1596 3437 1636; x_wconf 91' lang='lat' dir='ltr'><strong>cum</strong></span> 
     </span>
    </p>
   </div>
   <div class='ocr_carea' id='block_1_29' title="bbox 91 1661 1683 1742">
    <p class='ocr_par' dir='ltr' id='par_1_29' title="bbox 91 1661 1677 1742">
     <span class='ocr_line' id='line_1_29' title="bbox 91 1661 1677 1742; baseline -0.008 -19"><span class='ocrx_word' id='word_1_192' title='bbox 91 1667 473 1742; x_wconf 69' lang='grc' dir='ltr'><strong>διακειμένους·</strong></span> <span class='ocrx_word' id='word_1_193' title='bbox 554 1669 623 1730; x_wconf 84' lang='grc' dir='ltr'><strong>ὡς</strong></span> <span class='ocrx_word' id='word_1_194' title='bbox 669 1671 758 1720; x_wconf 81' lang='grc' dir='ltr'><strong>καὶ</strong></span> <span class='ocrx_word' id='word_1_195' title='bbox 811 1673 1003 1738; x_wconf 84' lang='grc' dir='ltr'><strong>μικροῦ</strong></span> <span class='ocrx_word' id='word_1_196' title='bbox 1062 1661 1170 1717; x_wconf 85' lang='grc' dir='ltr'><strong>δεῖν</strong></span> <span class='ocrx_word' id='word_1_197' title='bbox 1231 1663 1524 1720; x_wconf 78' lang='grc' dir='ltr'><strong>ἀποστῆναι</strong></span> <span class='ocrx_word' id='word_1_198' title='bbox 1584 1665 1677 1712; x_wconf 81' lang='grc' dir='ltr'><strong>τοῦ</strong></span> 
     </span>
    </p>
   </div>
   <div class='ocr_carea' id='block_1_30' title="bbox 1844 1661 3436 1742">
    <p class='ocr_par' dir='ltr' id='par_1_30' title="bbox 1844 1669 3436 1741">
     <span class='ocr_line' id='line_1_30' title="bbox 1844 1669 3436 1741; baseline -0.001 -15"><span class='ocrx_word' id='word_1_199' title='bbox 1844 1671 2047 1741; x_wconf 89' lang='lat' dir='ltr'><strong>gitima</strong></span> <span class='ocrx_word' id='word_1_200' title='bbox 2083 1669 2499 1740; x_wconf 81' lang='lat' dir='ltr'><strong>objurgatione</strong></span> <span class='ocrx_word' id='word_1_201' title='bbox 2533 1685 2546 1724; x_wconf 92' lang='lat'><strong>:</strong></span> <span class='ocrx_word' id='word_1_202' title='bbox 2579 1673 2742 1741; x_wconf 91' lang='lat' dir='ltr'><strong>quod</strong></span> <span class='ocrx_word' id='word_1_203' title='bbox 2776 1686 2989 1741; x_wconf 90' lang='lat' dir='ltr'><strong>parum</strong></span> <span class='ocrx_word' id='word_1_204' title='bbox 3020 1678 3216 1725; x_wconf 88' lang='lat' dir='ltr'><strong>essent</strong></span> <span class='ocrx_word' id='word_1_205' title='bbox 3237 1669 3314 1725; x_wconf 90' lang='lat' dir='ltr'><strong>ad</strong></span> <span class='ocrx_word' id='word_1_206' title='bbox 3343 1685 3436 1724; x_wconf 87' lang='lat' dir='ltr'><strong>ac-</strong></span> 
     </span>
    </p>
   </div>
   <div class='ocr_carea' id='block_1_31' title="bbox 90 1751 1682 1849">
    <p class='ocr_par' dir='ltr' id='par_1_31' title="bbox 90 1751 1678 1831">
     <span class='ocr_line' id='line_1_31' title="bbox 90 1751 1678 1831; baseline -0.007 -20"><span class='ocrx_word' id='word_1_207' title='bbox 90 1760 376 1831; x_wconf 66' lang='grc' dir='ltr'><strong>πριὶγματος</strong></span> <span class='ocrx_word' id='word_1_208' title='bbox 409 1773 426 1788; x_wconf 85' lang='grc'>⁶</span> <span class='ocrx_word' id='word_1_209' title='bbox 475 1757 562 1831; x_wconf 70' lang='grc' dir='ltr'><strong>ἀφ’</strong></span> <span class='ocrx_word' id='word_1_210' title='bbox 601 1757 663 1810; x_wconf 85' lang='grc' dir='ltr'><strong>οὗ</strong></span> <span class='ocrx_word' id='word_1_211' title='bbox 695 1755 951 1809; x_wconf 82' lang='grc' dir='ltr'><strong>Πούπλιον</strong></span> <span class='ocrx_word' id='word_1_212' title='bbox 989 1761 1095 1815; x_wconf 90' lang='grc' dir='ltr'><strong>τοῖς</strong></span> <span class='ocrx_word' id='word_1_213' title='bbox 1139 1752 1254 1805; x_wconf 91' lang='grc' dir='ltr'><strong>κατ’</strong></span> <span class='ocrx_word' id='word_1_214' title='bbox 1305 1751 1462 1804; x_wconf 80' lang='grc' dir='ltr'><strong>έκεῖνο</strong></span> <span class='ocrx_word' id='word_1_215' title='bbox 1491 1755 1678 1823; x_wconf 81' lang='grc' dir='ltr'><strong>καιροῦ</strong></span> 
     </span>
    </p>
   </div>
   <div class='ocr_carea' id='block_1_32' title="bbox 1844 1751 3436 1849">
    <p class='ocr_par' dir='ltr' id='par_1_32' title="bbox 1844 1758 3436 1828">
     <span class='ocr_line' id='line_1_32' title="bbox 1844 1758 3436 1828; baseline -0.001 -13"><span class='ocrx_word' id='word_1_216' title='bbox 1844 1765 2060 1816; x_wconf 90' lang='lat' dir='ltr'><strong>iratum</strong></span> <span class='ocrx_word' id='word_1_217' title='bbox 2103 1758 2466 1828; x_wconf 63' lang='lat' dir='ltr'><strong>evangelica:</strong></span> <span class='ocrx_word' id='word_1_218' title='bbox 2509 1758 2796 1814; x_wconf 75' lang='lat' dir='ltr'><strong>doctrinae</strong></span> <span class='ocrx_word' id='word_1_219' title='bbox 2841 1765 2897 1814; x_wconf 90' lang='lat' dir='ltr'><strong>et</strong></span> <span class='ocrx_word' id='word_1_220' title='bbox 2935 1760 3067 1814; x_wconf 61' lang='lat' dir='ltr'><strong>vita:</strong></span> <span class='ocrx_word' id='word_1_221' title='bbox 3103 1759 3436 1814; x_wconf 85' lang='lat' dir='ltr'><strong>institutum</strong></span> 
     </span>
    </p>
   </div>
   <div class='ocr_carea' id='block_1_33' title="bbox 93 1837 1685 1922">
    <p class='ocr_par' dir='ltr' id='par_1_33' title="bbox 93 1837 1676 1919">
     <span class='ocr_line' id='line_1_33' title="bbox 93 1837 1676 1919; baseline -0.006 -20"><span class='ocrx_word' id='word_1_222' title='bbox 93 1843 348 1919; x_wconf 77' lang='grc' dir='ltr'><strong>διωγμοῖς,</strong></span> <span class='ocrx_word' id='word_1_223' title='bbox 405 1845 789 1919; x_wconf 75' lang='grc' dir='ltr'><strong>έπισφραγῖσαι</strong></span> <span class='ocrx_word' id='word_1_224' title='bbox 839 1847 1112 1918; x_wconf 84' lang='grc' dir='ltr'><strong>μαρτυρίῳ</strong></span> <span class='ocrx_word' id='word_1_225' title='bbox 1150 1845 1234 1895; x_wconf 88' lang='grc' dir='ltr'><strong>τόν</strong></span> <span class='ocrx_word' id='word_1_226' title='bbox 1272 1839 1390 1914; x_wconf 84' lang='grc' dir='ltr'><strong>βίον</strong></span> <span class='ocrx_word' id='word_1_227' title='bbox 1443 1837 1628 1896; x_wconf 79' lang='grc' dir='ltr'><strong>συνέϐη</strong></span> <span class='ocrx_word' id='word_1_228' title='bbox 1659 1853 1676 1866; x_wconf 91' lang='grc'>·</span> 
     </span>
    </p>
   </div>
   <div class='ocr_carea' id='block_1_34' title="bbox 1844 1837 3436 1922">
    <p class='ocr_par' dir='ltr' id='par_1_34' title="bbox 1844 1847 3436 1922">
     <span class='ocr_line' id='line_1_34' title="bbox 1844 1847 3436 1922; baseline -0.001 -18"><span class='ocrx_word' id='word_1_229' title='bbox 1844 1851 2036 1915; x_wconf 83' lang='lat' dir='ltr'><strong>.tenti;</strong></span> <span class='ocrx_word' id='word_1_230' title='bbox 2085 1848 2310 1922; x_wconf 90' lang='lat' dir='ltr'><strong>quippe</strong></span> <span class='ocrx_word' id='word_1_231' title='bbox 2354 1849 2455 1920; x_wconf 90' lang='lat' dir='ltr'><strong>qui</strong></span> <span class='ocrx_word' id='word_1_232' title='bbox 2513 1863 2762 1919; x_wconf 86' lang='lat' dir='ltr'><strong>prorsus</strong></span> <span class='ocrx_word' id='word_1_233' title='bbox 2816 1847 2936 1903; x_wconf 87' lang='lat' dir='ltr'><strong>fere</strong></span> <span class='ocrx_word' id='word_1_234' title='bbox 2983 1864 3019 1904; x_wconf 91' lang='lat' dir='ltr'><strong>a</strong></span> <span class='ocrx_word' id='word_1_235' title='bbox 3059 1848 3436 1920; x_wconf 84' lang='lat' dir='ltr'><strong>professione</strong></span> 
     </span>
    </p>
   </div>
   <div class='ocr_carea' id='block_1_35' title="bbox 91 1929 1683 2009">
    <p class='ocr_par' dir='ltr' id='par_1_35' title="bbox 91 1929 1677 2009">
     <span class='ocr_line' id='line_1_35' title="bbox 91 1929 1677 2009; baseline -0.006 -21"><span class='ocrx_word' id='word_1_236' title='bbox 91 1937 159 1997; x_wconf 78' lang='grc' dir='ltr'><strong>οἷς</strong></span> <span class='ocrx_word' id='word_1_237' title='bbox 204 1932 466 2009; x_wconf 72' lang='grc' dir='ltr'><strong>Κοδρᾶτον</strong></span> <span class='ocrx_word' id='word_1_238' title='bbox 509 1937 642 2008; x_wconf 88' lang='grc' dir='ltr'><strong>μετά</strong></span> <span class='ocrx_word' id='word_1_239' title='bbox 688 1934 945 1988; x_wconf 76' lang='grc' dir='ltr'><strong>Πούπλιον</strong></span> <span class='ocrx_word' id='word_1_240' title='bbox 987 1935 1181 2006; x_wconf 84' lang='grc' dir='ltr'><strong>ἱστορεί</strong></span> <span class='ocrx_word' id='word_1_241' title='bbox 1231 1939 1319 1991; x_wconf 84' lang='grc' dir='ltr'><strong>τῆς</strong></span> <span class='ocrx_word' id='word_1_242' title='bbox 1367 1929 1677 1990; x_wconf 86' lang='grc' dir='ltr'><strong>Ἐκκλησίας</strong></span> 
     </span>
    </p>
   </div>
   <div class='ocr_carea' id='block_1_36' title="bbox 1849 1929 3441 2009">
    <p class='ocr_par' dir='ltr' id='par_1_36' title="bbox 1849 1935 3441 2009">
     <span class='ocr_line' id='line_1_36' title="bbox 1849 1935 3441 2009; baseline -0.001 -16"><span class='ocrx_word' id='word_1_243' title='bbox 1849 1938 2120 1994; x_wconf 72' lang='lat' dir='ltr'><strong>iristiana</strong></span> <span class='ocrx_word' id='word_1_244' title='bbox 2149 1935 2544 1990; x_wconf 88' lang='lat' dir='ltr'><strong>desciverint:</strong></span> <span class='ocrx_word' id='word_1_245' title='bbox 2586 1951 2659 1991; x_wconf 82' lang='lat' dir='ltr'><strong>ex</strong></span> <span class='ocrx_word' id='word_1_246' title='bbox 2692 1951 2814 2008; x_wconf 92' lang='lat' dir='ltr'><strong>quo</strong></span> <span class='ocrx_word' id='word_1_247' title='bbox 2860 1936 2920 1990; x_wconf 93' lang='lat' dir='ltr'><strong>in</strong></span> <span class='ocrx_word' id='word_1_248' title='bbox 2953 1952 3162 1992; x_wconf 90' lang='lat' dir='ltr'><strong>eorum</strong></span> <span class='ocrx_word' id='word_1_249' title='bbox 3214 1943 3441 2009; x_wconf 90' lang='lat' dir='ltr'><strong>tempo-</strong></span> 
     </span>
    </p>
   </div>
   <div class='ocr_carea' id='block_1_37' title="bbox 93 2015 1685 2098">
    <p class='ocr_par' dir='ltr' id='par_1_37' title="bbox 93 2015 1679 2098">
     <span class='ocr_line' id='line_1_37' title="bbox 93 2015 1679 2098; baseline -0.007 -20"><span class='ocrx_word' id='word_1_250' title='bbox 93 2025 442 2098; x_wconf 79' lang='grc' dir='ltr'><strong>ἡγεμονεύσαι,</strong></span> <span class='ocrx_word' id='word_1_251' title='bbox 483 2024 546 2076; x_wconf 83' lang='grc' dir='ltr'><strong>οὗ</strong></span> <span class='ocrx_word' id='word_1_252' title='bbox 599 2031 711 2086; x_wconf 87' lang='grc' dir='ltr'><strong>ταῖς</strong></span> <span class='ocrx_word' id='word_1_253' title='bbox 757 2019 1020 2084; x_wconf 82' lang='grc' dir='ltr'><strong>σπουδαῖς</strong></span> <span class='ocrx_word' id='word_1_254' title='bbox 1067 2021 1488 2090; x_wconf 74' lang='grc' dir='ltr'><strong>ἑπισυναχθῆναι</strong></span> <span class='ocrx_word' id='word_1_255' title='bbox 1526 2015 1679 2069; x_wconf 78' lang='grc' dir='ltr'><strong>πάλιν</strong></span> 
     </span>
    </p>
   </div>
   <div class='ocr_carea' id='block_1_38' title="bbox 1851 2015 3443 2098">
    <p class='ocr_par' dir='ltr' id='par_1_38' title="bbox 1851 2023 3443 2097">
     <span class='ocr_line' id='line_1_38' title="bbox 1851 2023 3443 2097; baseline 0.001 -16"><span class='ocrx_word' id='word_1_256' title='bbox 1851 2042 1923 2082; x_wconf 80' lang='lat' dir='ltr'><strong>im</strong></span> <span class='ocrx_word' id='word_1_257' title='bbox 1955 2025 2362 2097; x_wconf 84' lang='lat' dir='ltr'><strong>persecutione</strong></span> <span class='ocrx_word' id='word_1_258' title='bbox 2391 2023 2632 2079; x_wconf 89' lang='lat' dir='ltr'><strong>Publius</strong></span> <span class='ocrx_word' id='word_1_259' title='bbox 2657 2025 2981 2096; x_wconf 91' lang='lat' dir='ltr'><strong>episcopus</strong></span> <span class='ocrx_word' id='word_1_260' title='bbox 3006 2041 3212 2080; x_wconf 90' lang='lat' dir='ltr'><strong>eorum</strong></span> <span class='ocrx_word' id='word_1_261' title='bbox 3241 2031 3298 2080; x_wconf 93' lang='lat' dir='ltr'><strong>et</strong></span> <span class='ocrx_word' id='word_1_262' title='bbox 3325 2025 3443 2082; x_wconf 88' lang='lat' dir='ltr'><strong>vita</strong></span> 
     </span>
    </p>
   </div>
   <div class='ocr_carea' id='block_1_39' title="bbox 94 2106 1686 2188">
    <p class='ocr_par' dir='ltr' id='par_1_39' title="bbox 94 2106 1682 2188">
     <span class='ocr_line' id='line_1_39' title="bbox 94 2106 1682 2188; baseline -0.006 -21"><span class='ocrx_word' id='word_1_263' title='bbox 94 2117 259 2176; x_wconf 77' lang='grc' dir='ltr'><strong>αὐτούς</strong></span> <span class='ocrx_word' id='word_1_264' title='bbox 300 2134 452 2188; x_wconf 76' lang='grc' dir='ltr'><strong>φησι,</strong></span> <span class='ocrx_word' id='word_1_265' title='bbox 502 2118 593 2167; x_wconf 81' lang='grc' dir='ltr'><strong>καὶ</strong></span> <span class='ocrx_word' id='word_1_266' title='bbox 639 2119 733 2172; x_wconf 81' lang='grc' dir='ltr'><strong>τὴν</strong></span> <span class='ocrx_word' id='word_1_267' title='bbox 794 2113 1200 2184; x_wconf 80' lang='grc' dir='ltr'><strong>ἀναζωπύρησιν</strong></span> <span class='ocrx_word' id='word_1_268' title='bbox 1247 2106 1395 2169; x_wconf 82' lang='grc' dir='ltr'><strong>αὖθις</strong></span> <span class='ocrx_word' id='word_1_269' title='bbox 1440 2108 1682 2180; x_wconf 75' lang='grc' dir='ltr'><strong>γενέσθαι</strong></span> 
     </span>
    </p>
   </div>
   <div class='ocr_carea' id='block_1_40' title="bbox 1851 2106 3443 2188">
    <p class='ocr_par' dir='ltr' id='par_1_40' title="bbox 1857 2113 3443 2187">
     <span class='ocr_line' id='line_1_40' title="bbox 1857 2113 3443 2187; baseline 0 -18"><span class='ocrx_word' id='word_1_270' title='bbox 1857 2113 2076 2187; x_wconf 86' lang='lat' dir='ltr'><strong>artyrio</strong></span> <span class='ocrx_word' id='word_1_271' title='bbox 2102 2113 2457 2182; x_wconf 89' lang='lat' dir='ltr'><strong>consignata</strong></span> <span class='ocrx_word' id='word_1_272' title='bbox 2479 2115 2731 2169; x_wconf 85' lang='lat' dir='ltr'><strong>excessit</strong></span> <span class='ocrx_word' id='word_1_273' title='bbox 2757 2131 2770 2174; x_wconf 89' lang='lat'>:</span> <span class='ocrx_word' id='word_1_274' title='bbox 2793 2114 2885 2168; x_wconf 90' lang='lat' dir='ltr'><strong>cui</strong></span> <span class='ocrx_word' id='word_1_275' title='bbox 2917 2113 3285 2178; x_wconf 86' lang='lat' dir='ltr'><strong>Quadratum</strong></span> <span class='ocrx_word' id='word_1_276' title='bbox 3305 2131 3443 2169; x_wconf 86' lang='lat' dir='ltr'><strong>suc-</strong></span> 
     </span>
    </p>
   </div>
   <div class='ocr_carea' id='block_1_41' title="bbox 92 2197 1684 2275">
    <p class='ocr_par' dir='ltr' id='par_1_41' title="bbox 92 2197 1680 2275">
     <span class='ocr_line' id='line_1_41' title="bbox 92 2197 1680 2275; baseline -0.004 -21"><span class='ocrx_word' id='word_1_277' title='bbox 92 2212 173 2265; x_wconf 81' lang='grc' dir='ltr'><strong>τῆς</strong></span> <span class='ocrx_word' id='word_1_278' title='bbox 219 2209 454 2266; x_wconf 85' lang='grc' dir='ltr'><strong>πίστεως.</strong></span> <span class='ocrx_word' id='word_1_279' title='bbox 522 2204 606 2256; x_wconf 89' lang='grc' dir='ltr'><strong>Ἐν</strong></span> <span class='ocrx_word' id='word_1_280' title='bbox 727 2202 973 2259; x_wconf 74' lang='grc' dir='ltr'><strong>ἓπιστολή</strong></span> <span class='ocrx_word' id='word_1_281' title='bbox 1025 2197 1310 2266; x_wconf 81' lang='grc' dir='ltr'><strong>δείκνυσιν,</strong></span> <span class='ocrx_word' id='word_1_282' title='bbox 1344 2201 1413 2260; x_wconf 82' lang='grc' dir='ltr'><strong>ὡς</strong></span> <span class='ocrx_word' id='word_1_283' title='bbox 1459 2215 1680 2269; x_wconf 87' lang='grc' dir='ltr'><strong>προτρο-</strong></span> 
     </span>
    </p>
   </div>
   <div class='ocr_carea' id='block_1_42' title="bbox 1847 2197 3439 2275">
    <p class='ocr_par' dir='ltr' id='par_1_42' title="bbox 1847 2201 3439 2272">
     <span class='ocr_line' id='line_1_42' title="bbox 1847 2201 3439 2272; baseline 0 -13"><span class='ocrx_word' id='word_1_284' title='bbox 1847 2204 2063 2269; x_wconf 71' lang='lat' dir='ltr'><strong>:ssisse,</strong></span> <span class='ocrx_word' id='word_1_285' title='bbox 2087 2202 2336 2259; x_wconf 89' lang='lat' dir='ltr'><strong>ecclesia</strong></span> <span class='ocrx_word' id='word_1_286' title='bbox 2357 2201 2771 2272; x_wconf 89' lang='lat' dir='ltr'><strong>gubernanda,</strong></span> <span class='ocrx_word' id='word_1_287' title='bbox 2793 2217 3299 2268; x_wconf 84' lang='lat' dir='ltr'><strong>commemorans,</strong></span> <span class='ocrx_word' id='word_1_288' title='bbox 3319 2209 3439 2259; x_wconf 89' lang='lat' dir='ltr'><strong>stu-</strong></span> 
     </span>
    </p>
   </div>
   <div class='ocr_carea' id='block_1_43' title="bbox 96 2283 1688 2363">
    <p class='ocr_par' dir='ltr' id='par_1_43' title="bbox 96 2283 1683 2361">
     <span class='ocr_line' id='line_1_43' title="bbox 96 2283 1683 2361; baseline 0.002 -16"><span class='ocrx_word' id='word_1_289' title='bbox 96 2298 207 2354; x_wconf 87' lang='grc' dir='ltr'><strong>παῖς</strong></span> <span class='ocrx_word' id='word_1_290' title='bbox 261 2292 464 2346; x_wconf 83' lang='grc' dir='ltr'><strong>Παύλου</strong></span> <span class='ocrx_word' id='word_1_291' title='bbox 521 2297 612 2344; x_wconf 81' lang='grc' dir='ltr'><strong>καὶ</strong></span> <span class='ocrx_word' id='word_1_292' title='bbox 657 2294 924 2354; x_wconf 87' lang='grc' dir='ltr'><strong>Διονύσιος</strong></span> <span class='ocrx_word' id='word_1_293' title='bbox 978 2291 1004 2342; x_wconf 88' lang='grc' dir='ltr'><strong><em>ὁ</em></strong></span> <span class='ocrx_word' id='word_1_294' title='bbox 1053 2289 1436 2361; x_wconf 77' lang='grc' dir='ltr'><strong>Ἀρεοπαγίτης</strong></span> <span class='ocrx_word' id='word_1_295' title='bbox 1479 2293 1577 2347; x_wconf 81' lang='grc' dir='ltr'><strong>τῆς</strong></span> <span class='ocrx_word' id='word_1_296' title='bbox 1634 2283 1683 2336; x_wconf 65' lang='grc' dir='ltr'><strong>έν</strong></span> 
     </span>
    </p>
   </div>
   <div class='ocr_carea' id='block_1_44' title="bbox 1848 2283 3440 2363">
    <p class='ocr_par' dir='ltr' id='par_1_44' title="bbox 1848 2290 3440 2363">
     <span class='ocr_line' id='line_1_44' title="bbox 1848 2290 3440 2363; baseline 0 -15"><span class='ocrx_word' id='word_1_297' title='bbox 1848 2297 1893 2350; x_wconf 70' lang='lat' dir='ltr'><strong>io</strong></span> <span class='ocrx_word' id='word_1_298' title='bbox 1939 2293 2362 2363; x_wconf 84' lang='lat' dir='ltr'><strong>diligentiaque</strong></span> <span class='ocrx_word' id='word_1_299' title='bbox 2393 2290 2522 2362; x_wconf 87' lang='lat' dir='ltr'><strong>ejus</strong></span> <span class='ocrx_word' id='word_1_300' title='bbox 2566 2299 2896 2347; x_wconf 86' lang='lat' dir='ltr'><strong>conventus</strong></span> <span class='ocrx_word' id='word_1_301' title='bbox 2927 2292 3195 2348; x_wconf 88' lang='lat' dir='ltr'><strong>ﬁdelium</strong></span> <span class='ocrx_word' id='word_1_302' title='bbox 3239 2292 3440 2349; x_wconf 90' lang='lat' dir='ltr'><strong>denuo</strong></span> 
     </span>
    </p>
   </div>
   <div class='ocr_carea' id='block_1_45' title="bbox 99 2374 1691 2456">
    <p class='ocr_par' dir='ltr' id='par_1_45' title="bbox 99 2374 1684 2456">
     <span class='ocr_line' id='line_1_45' title="bbox 99 2374 1684 2456; baseline -0.004 -23"><span class='ocrx_word' id='word_1_303' title='bbox 99 2379 322 2443; x_wconf 80' lang='grc' dir='ltr'><strong>Ἀθήναις</strong></span> <span class='ocrx_word' id='word_1_304' title='bbox 374 2380 657 2444; x_wconf 70' lang='grc' dir='ltr'><strong>ἐκκλησίας</strong></span> <span class='ocrx_word' id='word_1_305' title='bbox 715 2384 967 2456; x_wconf 88' lang='grc' dir='ltr'><strong>προέστη.</strong></span> <span class='ocrx_word' id='word_1_306' title='bbox 1021 2377 1182 2437; x_wconf 77' lang='grc' dir='ltr'><strong>’Λλλη</strong></span> <span class='ocrx_word' id='word_1_307' title='bbox 1241 2374 1299 2430; x_wconf 76' lang='grc' dir='ltr'><strong>δε</strong></span> <span class='ocrx_word' id='word_1_308' title='bbox 1365 2376 1506 2447; x_wconf 72' lang='grc' dir='ltr'><strong>αὐτῷ</strong></span> <span class='ocrx_word' id='word_1_309' title='bbox 1552 2377 1684 2448; x_wconf 91' lang='grc' dir='ltr'><strong>πρός</strong></span> 
     </span>
    </p>
   </div>
   <div class='ocr_carea' id='block_1_46' title="bbox 1850 2374 3442 2456">
    <p class='ocr_par' dir='ltr' id='par_1_46' title="bbox 1850 2379 3442 2453">
     <span class='ocr_line' id='line_1_46' title="bbox 1850 2379 3442 2453; baseline -0.003 -15"><span class='ocrx_word' id='word_1_310' title='bbox 1850 2383 1890 2453; x_wconf 68' lang='lat' dir='ltr'><strong>gi</strong></span> <span class='ocrx_word' id='word_1_311' title='bbox 1935 2382 2208 2453; x_wconf 67' lang='lat' dir='ltr'><strong>caspisse,</strong></span> <span class='ocrx_word' id='word_1_312' title='bbox 2259 2385 2315 2436; x_wconf 89' lang='lat' dir='ltr'><strong>et</strong></span> <span class='ocrx_word' id='word_1_313' title='bbox 2373 2379 2511 2436; x_wconf 87' lang='lat' dir='ltr'><strong>ﬁdei</strong></span> <span class='ocrx_word' id='word_1_314' title='bbox 2559 2381 2850 2451; x_wconf 80' lang='lat' dir='ltr'><strong>igniculos</strong></span> <span class='ocrx_word' id='word_1_315' title='bbox 2898 2397 3104 2436; x_wconf 91' lang='lat' dir='ltr'><strong>rursus</strong></span> <span class='ocrx_word' id='word_1_316' title='bbox 3156 2382 3442 2437; x_wconf 83' lang='lat' dir='ltr'><strong>excitatos</strong></span> 
     </span>
    </p>
   </div>
   <div class='ocr_carea' id='block_1_47' title="bbox 100 2467 1692 2545">
    <p class='ocr_par' dir='ltr' id='par_1_47' title="bbox 100 2467 1684 2545">
     <span class='ocr_line' id='line_1_47' title="bbox 100 2467 1684 2545; baseline -0.003 -25"><span class='ocrx_word' id='word_1_317' title='bbox 100 2467 397 2542; x_wconf 81' lang='grc' dir='ltr'><strong>Νικομηδεῖς</strong></span> <span class='ocrx_word' id='word_1_318' title='bbox 453 2469 650 2545; x_wconf 71' lang='grc' dir='ltr'><strong>ἐγράφη</strong></span> <span class='ocrx_word' id='word_1_319' title='bbox 710 2469 955 2527; x_wconf 74' lang='grc' dir='ltr'><strong>ἐπιστολή</strong></span> <span class='ocrx_word' id='word_1_320' title='bbox 992 2485 1006 2500; x_wconf 80' lang='grc'><strong><em>⁸</em></strong></span> <span class='ocrx_word' id='word_1_321' title='bbox 1071 2467 1120 2520; x_wconf 70' lang='grc' dir='ltr'><strong>ἓν</strong></span> <span class='ocrx_word' id='word_1_322' title='bbox 1253 2474 1316 2538; x_wconf 72' lang='grc' dir='ltr'><strong>τῇ</strong></span> <span class='ocrx_word' id='word_1_323' title='bbox 1375 2468 1684 2540; x_wconf 82' lang='grc' dir='ltr'><strong>Μαρκίωνος</strong></span> 
     </span>
    </p>
   </div>
   <div class='ocr_carea' id='block_1_48' title="bbox 1849 2467 3441 2545">
    <p class='ocr_par' dir='ltr' id='par_1_48' title="bbox 1849 2469 3441 2542">
     <span class='ocr_line' id='line_1_48' title="bbox 1849 2469 3441 2542; baseline -0.001 -15"><span class='ocrx_word' id='word_1_324' title='bbox 1849 2488 1944 2538; x_wconf 77' lang='lat' dir='ltr'><strong>ise,</strong></span> <span class='ocrx_word' id='word_1_325' title='bbox 1977 2472 2137 2527; x_wconf 91' lang='lat' dir='ltr'><strong>dicit.</strong></span> <span class='ocrx_word' id='word_1_326' title='bbox 2194 2469 2258 2525; x_wconf 90' lang='lat' dir='ltr'>In</span> <span class='ocrx_word' id='word_1_327' title='bbox 2301 2485 2375 2526; x_wconf 86' lang='lat' dir='ltr'><strong>ea</strong></span> <span class='ocrx_word' id='word_1_328' title='bbox 2412 2470 2662 2541; x_wconf 89' lang='lat' dir='ltr'><strong>epistola</strong></span> <span class='ocrx_word' id='word_1_329' title='bbox 2687 2485 2930 2542; x_wconf 89' lang='lat' dir='ltr'><strong>quoque</strong></span> <span class='ocrx_word' id='word_1_330' title='bbox 2974 2470 3220 2537; x_wconf 88' lang='lat' dir='ltr'><strong>indicat,</strong></span> <span class='ocrx_word' id='word_1_331' title='bbox 3279 2470 3441 2528; x_wconf 89' lang='lat' dir='ltr'><strong>Pauli</strong></span> 
     </span>
    </p>
   </div>
   <div class='ocr_carea' id='block_1_49' title="bbox 106 2556 1698 2633">
    <p class='ocr_par' dir='ltr' id='par_1_49' title="bbox 106 2556 1684 2633">
     <span class='ocr_line' id='line_1_49' title="bbox 106 2556 1684 2633; baseline -0.004 -23"><span class='ocrx_word' id='word_1_332' title='bbox 106 2560 282 2632; x_wconf 83' lang='grc' dir='ltr'><strong>αἱρέσει</strong></span> <span class='ocrx_word' id='word_1_333' title='bbox 325 2556 532 2633; x_wconf 75' lang='grc' dir='ltr'><strong>σφόδρα</strong></span> <span class='ocrx_word' id='word_1_334' title='bbox 568 2563 884 2632; x_wconf 79' lang='grc' dir='ltr'><strong>μαχόμενος,</strong></span> <span class='ocrx_word' id='word_1_335' title='bbox 932 2565 1006 2629; x_wconf 82' lang='grc' dir='ltr'><strong>τῷ</strong></span> <span class='ocrx_word' id='word_1_336' title='bbox 1045 2556 1467 2625; x_wconf 73' lang='grc' dir='ltr'><strong>ἑκκλησιαστικῷ</strong></span> <span class='ocrx_word' id='word_1_337' title='bbox 1506 2557 1684 2606; x_wconf 85' lang='grc' dir='ltr'><strong>κανόνι</strong></span> 
     </span>
    </p>
   </div>
   <div class='ocr_carea' id='block_1_50' title="bbox 1851 2556 3443 2633">
    <p class='ocr_par' dir='ltr' id='par_1_50' title="bbox 1851 2559 3443 2632">
     <span class='ocr_line' id='line_1_50' title="bbox 1851 2559 3443 2632; baseline -0.002 -15"><span class='ocrx_word' id='word_1_338' title='bbox 1851 2562 2201 2617; x_wconf 71' lang='lat' dir='ltr'><strong>ibortatione</strong></span> <span class='ocrx_word' id='word_1_339' title='bbox 2224 2559 2575 2631; x_wconf 87' lang='lat' dir='ltr'><strong>Dionysium</strong></span> <span class='ocrx_word' id='word_1_340' title='bbox 2594 2561 3013 2630; x_wconf 83' lang='lat' dir='ltr'><strong>Areopagitam</strong></span> <span class='ocrx_word' id='word_1_341' title='bbox 3031 2561 3443 2632; x_wconf 90' lang='lat' dir='ltr'><strong>episcopatum</strong></span> 
     </span>
    </p>
   </div>
   <div class='ocr_carea' id='block_1_51' title="bbox 115 2642 1707 2722">
    <p class='ocr_par' dir='ltr' id='par_1_51' title="bbox 115 2642 1686 2722">
     <span class='ocr_line' id='line_1_51' title="bbox 115 2642 1686 2722; baseline -0.003 -24"><span class='ocrx_word' id='word_1_342' title='bbox 115 2656 317 2719; x_wconf 82' lang='grc' dir='ltr'><strong>στοιχιῖ.</strong></span> <span class='ocrx_word' id='word_1_343' title='bbox 360 2653 454 2702; x_wconf 78' lang='grc' dir='ltr'><strong>Καὶ</strong></span> <span class='ocrx_word' id='word_1_344' title='bbox 491 2655 610 2712; x_wconf 85' lang='grc' dir='ltr'><strong>ταῖς</strong></span> <span class='ocrx_word' id='word_1_345' title='bbox 644 2651 781 2700; x_wconf 88' lang='grc' dir='ltr'><strong>κατά</strong></span> <span class='ocrx_word' id='word_1_346' title='bbox 826 2652 1036 2722; x_wconf 75' lang='grc' dir='ltr'><strong>Κρήτην</strong></span> <span class='ocrx_word' id='word_1_347' title='bbox 1088 2643 1147 2698; x_wconf 78' lang='grc' dir='ltr'><strong>δε</strong></span> <span class='ocrx_word' id='word_1_348' title='bbox 1184 2651 1274 2698; x_wconf 78' lang='grc' dir='ltr'><strong>καὶ</strong></span> <span class='ocrx_word' id='word_1_349' title='bbox 1314 2649 1566 2717; x_wconf 82' lang='grc' dir='ltr'><strong>Γόρτυναν</strong></span> <span class='ocrx_word' id='word_1_350' title='bbox 1603 2642 1686 2695; x_wconf 75' lang='grc' dir='ltr'><strong>ἕκ-</strong></span> 
     </span>
    </p>
   </div>
   <div class='ocr_carea' id='block_1_52' title="bbox 1853 2642 3445 2722">
    <p class='ocr_par' dir='ltr' id='par_1_52' title="bbox 1853 2648 3445 2721">
     <span class='ocr_line' id='line_1_52' title="bbox 1853 2648 3445 2721; baseline -0.001 -15"><span class='ocrx_word' id='word_1_351' title='bbox 1853 2650 2057 2706; x_wconf 68' lang='lat' dir='ltr'><strong>:clesim</strong></span> <span class='ocrx_word' id='word_1_352' title='bbox 2095 2648 2544 2705; x_wconf 85' lang='lat' dir='ltr'><strong>Atheniensium</strong></span> <span class='ocrx_word' id='word_1_353' title='bbox 2589 2649 2940 2719; x_wconf 88' lang='lat' dir='ltr'><strong>suscepisse.</strong></span> <span class='ocrx_word' id='word_1_354' title='bbox 2977 2649 3220 2721; x_wconf 88' lang='lat' dir='ltr'><strong>Scripsit</strong></span> <span class='ocrx_word' id='word_1_355' title='bbox 3265 2650 3445 2706; x_wconf 91' lang='lat' dir='ltr'><strong>aliam</strong></span> 
     </span>
    </p>
   </div>
   <div class='ocr_carea' id='block_1_53' title="bbox 117 2731 1709 2814">
    <p class='ocr_par' dir='ltr' id='par_1_53' title="bbox 117 2731 1687 2811">
     <span class='ocr_line' id='line_1_53' title="bbox 117 2731 1687 2811; baseline -0.002 -25"><span class='ocrx_word' id='word_1_356' title='bbox 117 2734 334 2799; x_wconf 87' lang='grc' dir='ltr'><strong>κλησίαις</strong></span> <span class='ocrx_word' id='word_1_357' title='bbox 389 2737 506 2797; x_wconf 78' lang='grc' dir='ltr'><strong>ἄλλη</strong></span> <span class='ocrx_word' id='word_1_358' title='bbox 563 2737 834 2811; x_wconf 72' lang='grc' dir='ltr'><strong>έμφέρεται</strong></span> <span class='ocrx_word' id='word_1_359' title='bbox 875 2753 887 2767; x_wconf 82' lang='grc'><strong><em>⁸</em></strong></span> <span class='ocrx_word' id='word_1_360' title='bbox 931 2737 981 2788; x_wconf 89' lang='grc' dir='ltr'><strong>έν</strong></span> <span class='ocrx_word' id='word_1_361' title='bbox 1037 2735 1068 2808; x_wconf 70' lang='grc' dir='ltr'><strong><em>ἦ</em></strong></span> <span class='ocrx_word' id='word_1_362' title='bbox 1132 2731 1413 2807; x_wconf 81' lang='grc' dir='ltr'><strong>ἀποδοχῆς</strong></span> <span class='ocrx_word' id='word_1_363' title='bbox 1463 2737 1554 2785; x_wconf 80' lang='grc' dir='ltr'><strong>καὶ</strong></span> <span class='ocrx_word' id='word_1_364' title='bbox 1597 2733 1687 2784; x_wconf 85' lang='grc' dir='ltr'><strong>τὸν</strong></span> 
     </span>
    </p>
   </div>
   <div class='ocr_carea' id='block_1_54' title="bbox 1852 2731 3444 2814">
    <p class='ocr_par' dir='ltr' id='par_1_54' title="bbox 1852 2737 3444 2811">
     <span class='ocr_line' id='line_1_54' title="bbox 1852 2737 3444 2811; baseline -0.002 -16"><span class='ocrx_word' id='word_1_365' title='bbox 1852 2756 2038 2811; x_wconf 75' lang='lat' dir='ltr'><strong>ioque</strong></span> <span class='ocrx_word' id='word_1_366' title='bbox 2058 2738 2135 2794; x_wconf 92' lang='lat' dir='ltr'><strong>ad</strong></span> <span class='ocrx_word' id='word_1_367' title='bbox 2158 2737 2514 2794; x_wconf 62' lang='lat' dir='ltr'><strong>Nicomedia;</strong></span> <span class='ocrx_word' id='word_1_368' title='bbox 2544 2737 2882 2806; x_wconf 86' lang='lat' dir='ltr'><strong>ecclesiam,</strong></span> <span class='ocrx_word' id='word_1_369' title='bbox 2899 2738 2958 2792; x_wconf 92' lang='lat' dir='ltr'><strong>in</strong></span> <span class='ocrx_word' id='word_1_370' title='bbox 2981 2754 3104 2810; x_wconf 89' lang='lat' dir='ltr'><strong>qua</strong></span> <span class='ocrx_word' id='word_1_371' title='bbox 3133 2741 3444 2795; x_wconf 78' lang='lat' dir='ltr'><strong>Marcionis</strong></span> 
     </span>
    </p>
   </div>
   <div class='ocr_carea' id='block_1_55' title="bbox 123 2821 1715 2898">
    <p class='ocr_par' dir='ltr' id='par_1_55' title="bbox 123 2821 1686 2890">
     <span class='ocr_line' id='line_1_55' title="bbox 123 2821 1686 2890; baseline -0.001 -15"><span class='ocrx_word' id='word_1_372' title='bbox 123 2821 292 2887; x_wconf 77' lang='grc' dir='ltr'><strong>ίκείνης</strong></span> <span class='ocrx_word' id='word_1_373' title='bbox 337 2825 616 2881; x_wconf 71' lang='grc' dir='ltr'><strong>ἐπίσκοπον</strong></span> <span class='ocrx_word' id='word_1_374' title='bbox 670 2825 922 2880; x_wconf 73' lang='grc' dir='ltr'><strong>Φίλιππον</strong></span> <span class='ocrx_word' id='word_1_375' title='bbox 979 2823 1156 2890; x_wconf 84' lang='grc' dir='ltr'><strong>ἀξιῶν,</strong></span> <span class='ocrx_word' id='word_1_376' title='bbox 1205 2827 1274 2886; x_wconf 85' lang='grc' dir='ltr'><strong>ὡς</strong></span> <span class='ocrx_word' id='word_1_377' title='bbox 1324 2828 1419 2882; x_wconf 77' lang='grc' dir='ltr'><strong>τὴν</strong></span> <span class='ocrx_word' id='word_1_378' title='bbox 1466 2822 1686 2879; x_wconf 87' lang='grc' dir='ltr'><strong>Ἐκκλη-</strong></span> 
     </span>
    </p>
   </div>
   <div class='ocr_carea' id='block_1_56' title="bbox 1857 2821 3449 2898">
    <p class='ocr_par' dir='ltr' id='par_1_56' title="bbox 1857 2822 3449 2898">
     <span class='ocr_line' id='line_1_56' title="bbox 1857 2822 3449 2898; baseline 0 -14"><span class='ocrx_word' id='word_1_379' title='bbox 1857 2831 2070 2884; x_wconf 84' lang='lat' dir='ltr'><strong>eresim</strong></span> <span class='ocrx_word' id='word_1_380' title='bbox 2102 2822 2483 2882; x_wconf 80' lang='lat' dir='ltr'><strong>vehementer</strong></span> <span class='ocrx_word' id='word_1_381' title='bbox 2512 2828 2896 2898; x_wconf 85' lang='lat' dir='ltr'><strong>impugnans,</strong></span> <span class='ocrx_word' id='word_1_382' title='bbox 2923 2827 3320 2884; x_wconf 90' lang='lat' dir='ltr'><strong>ecclesiastico</strong></span> <span class='ocrx_word' id='word_1_383' title='bbox 3353 2844 3449 2884; x_wconf 90' lang='lat' dir='ltr'><strong>ca-</strong></span> 
     </span>
    </p>
   </div>
   <div class='ocr_carea' id='block_1_57' title="bbox 119 2899 1711 2991">
    <p class='ocr_par' dir='ltr' id='par_1_57' title="bbox 119 2899 1690 2991">
     <span class='ocr_line' id='line_1_57' title="bbox 119 2899 1690 2991; baseline 0.002 -27"><span class='ocrx_word' id='word_1_384' title='bbox 119 2917 221 2966; x_wconf 84' lang='grc' dir='ltr'><strong>σίαν</strong></span> <span class='ocrx_word' id='word_1_385' title='bbox 252 2914 488 2991; x_wconf 78' lang='grc' dir='ltr'><strong>λαμπρῶς</strong></span> <span class='ocrx_word' id='word_1_386' title='bbox 527 2913 966 2990; x_wconf 63' lang='grc' dir='ltr'><strong>ὼδραγαθούσαν</strong></span> <span class='ocrx_word' id='word_1_387' title='bbox 998 2911 1246 2967; x_wconf 80' lang='grc' dir='ltr'><strong>διέποντα</strong></span> <span class='ocrx_word' id='word_1_388' title='bbox 1278 2931 1292 2946; x_wconf 78' lang='grc' dir='ltr'><strong>ο</strong></span> <span class='ocrx_word' id='word_1_389' title='bbox 1335 2899 1690 2986; x_wconf 74' lang='grc' dir='ltr'><strong>φυλάττεσθαί</strong></span> 
     </span>
    </p>
   </div>
   <div class='ocr_carea' id='block_1_58' title="bbox 1851 2899 3443 2991">
    <p class='ocr_par' dir='ltr' id='par_1_58' title="bbox 1851 2915 3443 2989">
     <span class='ocr_line' id='line_1_58' title="bbox 1851 2915 3443 2989; baseline -0.001 -15"><span class='ocrx_word' id='word_1_390' title='bbox 1851 2917 1941 2974; x_wconf 78' lang='lat' dir='ltr'><strong>oni</strong></span> <span class='ocrx_word' id='word_1_391' title='bbox 1989 2917 2202 2973; x_wconf 90' lang='lat' dir='ltr'><strong>insistit</strong></span> <span class='ocrx_word' id='word_1_392' title='bbox 2231 2921 2412 2988; x_wconf 91' lang='lat' dir='ltr'><strong>atque</strong></span> <span class='ocrx_word' id='word_1_393' title='bbox 2460 2915 2748 2971; x_wconf 87' lang='lat' dir='ltr'><strong>innititur.</strong></span> <span class='ocrx_word' id='word_1_394' title='bbox 2779 2915 2865 2971; x_wconf 81' lang='lat' dir='ltr'><strong>Ad</strong></span> <span class='ocrx_word' id='word_1_395' title='bbox 2903 2917 3216 2988; x_wconf 87' lang='lat' dir='ltr'><strong>Gortynios</strong></span> <span class='ocrx_word' id='word_1_396' title='bbox 3242 2918 3443 2989; x_wconf 89' lang='lat' dir='ltr'><strong>etiam,</strong></span> 
     </span>
    </p>
   </div>
   <div class='ocr_carea' id='block_1_59' title="bbox 109 3000 1701 3079">
    <p class='ocr_par' dir='ltr' id='par_1_59' title="bbox 109 3000 1689 3079">
     <span class='ocr_line' id='line_1_59' title="bbox 109 3000 1689 3079; baseline 0.001 -24"><span class='ocrx_word' id='word_1_397' title='bbox 109 3019 156 3055; x_wconf 84' lang='grc' dir='ltr'><strong>τι</strong></span> <span class='ocrx_word' id='word_1_398' title='bbox 195 3009 308 3077; x_wconf 81' lang='grc' dir='ltr'><strong>πρὸς</strong></span> <span class='ocrx_word' id='word_1_399' title='bbox 341 3014 420 3077; x_wconf 87' lang='grc' dir='ltr'><strong>τῷ</strong></span> <span class='ocrx_word' id='word_1_400' title='bbox 471 3006 602 3060; x_wconf 81' lang='grc' dir='ltr'><strong>τίλει</strong></span> <span class='ocrx_word' id='word_1_401' title='bbox 654 3013 895 3079; x_wconf 86' lang='grc' dir='ltr'><strong>παραινεῖ</strong></span> <span class='ocrx_word' id='word_1_402' title='bbox 951 3009 1040 3057; x_wconf 83' lang='grc' dir='ltr'><strong>καὶ</strong></span> <span class='ocrx_word' id='word_1_403' title='bbox 1092 3007 1150 3056; x_wconf 90' lang='grc' dir='ltr'><strong>τὸ</strong></span> <span class='ocrx_word' id='word_1_404' title='bbox 1191 3006 1398 3056; x_wconf 83' lang='grc' dir='ltr'><strong>σκολιὸν</strong></span> <span class='ocrx_word' id='word_1_405' title='bbox 1449 3007 1537 3056; x_wconf 83' lang='grc' dir='ltr'><strong>καὶ</strong></span> <span class='ocrx_word' id='word_1_406' title='bbox 1571 3000 1689 3056; x_wconf 80' lang='grc' dir='ltr'><strong>διά-</strong></span> 
     </span>
    </p>
   </div>
   <div class='ocr_carea' id='block_1_60' title="bbox 1853 3000 3445 3079">
    <p class='ocr_par' dir='ltr' id='par_1_60' title="bbox 1853 3004 3445 3079">
     <span class='ocr_line' id='line_1_60' title="bbox 1853 3004 3445 3079; baseline 0.001 -19"><span class='ocrx_word' id='word_1_407' title='bbox 1853 3006 2142 3079; x_wconf 88' lang='lat' dir='ltr'><strong>.reliquas</strong></span> <span class='ocrx_word' id='word_1_408' title='bbox 2162 3021 2265 3078; x_wconf 85' lang='lat' dir='ltr'><strong>per</strong></span> <span class='ocrx_word' id='word_1_409' title='bbox 2297 3007 2528 3061; x_wconf 89' lang='lat' dir='ltr'><strong>Cretam</strong></span> <span class='ocrx_word' id='word_1_410' title='bbox 2555 3004 2835 3060; x_wconf 88' lang='lat' dir='ltr'><strong>ecclesias</strong></span> <span class='ocrx_word' id='word_1_411' title='bbox 2865 3004 2981 3060; x_wconf 91' lang='lat' dir='ltr'><strong>alia</strong></span> <span class='ocrx_word' id='word_1_412' title='bbox 3011 3005 3445 3073; x_wconf 86' lang='lat' dir='ltr'><strong>circumfertur,</strong></span> 
     </span>
    </p>
   </div>
   <div class='ocr_carea' id='block_1_61' title="bbox 105 3088 1697 3170">
    <p class='ocr_par' dir='ltr' id='par_1_61' title="bbox 105 3088 1689 3170">
     <span class='ocr_line' id='line_1_61' title="bbox 105 3088 1689 3170; baseline 0 -26"><span class='ocrx_word' id='word_1_413' title='bbox 105 3108 296 3167; x_wconf 69' lang='grc' dir='ltr'><strong>στρόφον</strong></span> <span class='ocrx_word' id='word_1_414' title='bbox 382 3103 483 3148; x_wconf 89' lang='grc' dir='ltr'><strong>τῶν</strong></span> <span class='ocrx_word' id='word_1_415' title='bbox 570 3097 864 3170; x_wconf 80' lang='grc' dir='ltr'><strong>αἱρετικῶν.</strong></span> <span class='ocrx_word' id='word_1_416' title='bbox 925 3089 1250 3168; x_wconf 82' lang='grc' dir='ltr'><strong>Ἀμάστριδι</strong></span> <span class='ocrx_word' id='word_1_417' title='bbox 1304 3088 1362 3144; x_wconf 66' lang='grc' dir='ltr'><strong>δὲ</strong></span> <span class='ocrx_word' id='word_1_418' title='bbox 1425 3097 1514 3144; x_wconf 81' lang='grc' dir='ltr'><strong>καὶ</strong></span> <span class='ocrx_word' id='word_1_419' title='bbox 1578 3099 1689 3154; x_wconf 89' lang='grc' dir='ltr'><strong>ταῖς</strong></span> 
     </span>
    </p>
   </div>
   <div class='ocr_carea' id='block_1_62' title="bbox 1857 3088 3449 3170">
    <p class='ocr_par' dir='ltr' id='par_1_62' title="bbox 1857 3093 3449 3169">
     <span class='ocr_line' id='line_1_62' title="bbox 1857 3093 3449 3169; baseline -0.001 -16"><span class='ocrx_word' id='word_1_420' title='bbox 1857 3126 1861 3153; x_wconf 65' lang='grc' dir='ltr'>ι</span> <span class='ocrx_word' id='word_1_421' title='bbox 1900 3113 2042 3169; x_wconf 87' lang='lat' dir='ltr'><strong>qua,</strong></span> <span class='ocrx_word' id='word_1_422' title='bbox 2070 3112 2207 3152; x_wconf 93' lang='lat' dir='ltr'><strong>cum</strong></span> <span class='ocrx_word' id='word_1_423' title='bbox 2248 3095 2599 3166; x_wconf 83' lang='lat' dir='ltr'><strong>episcOpum</strong></span> <span class='ocrx_word' id='word_1_424' title='bbox 2636 3109 2842 3149; x_wconf 91' lang='lat' dir='ltr'><strong>eorum</strong></span> <span class='ocrx_word' id='word_1_425' title='bbox 2886 3093 3243 3166; x_wconf 89' lang='lat' dir='ltr'><strong>Philippum,</strong></span> <span class='ocrx_word' id='word_1_426' title='bbox 3284 3096 3449 3168; x_wconf 90' lang='lat' dir='ltr'><strong>quod</strong></span> 
     </span>
    </p>
   </div>
   <div class='ocr_carea' id='block_1_63' title="bbox 102 3151 1694 3254">
    <p class='ocr_par' dir='ltr' id='par_1_63' title="bbox 102 3151 1689 3254">
     <span class='ocr_line' id='line_1_63' title="bbox 102 3151 1689 3254; baseline 0.003 -22"><span class='ocrx_word' id='word_1_427' title='bbox 102 3151 230 3235; x_wconf 50' lang='lat' dir='ltr'><strong>xerit.</strong></span> <span class='ocrx_word' id='word_1_428' title='bbox 264 3189 463 3239; x_wconf 91' lang='grc' dir='ltr'><strong>Πόντον</strong></span> <span class='ocrx_word' id='word_1_429' title='bbox 505 3151 811 3245; x_wconf 63' lang='grc' dir='ltr'><strong>ἐκκλησίαις</strong></span> <span class='ocrx_word' id='word_1_430' title='bbox 848 3151 1173 3248; x_wconf 71' lang='grc' dir='ltr'><strong>έπιστελλων,</strong></span> <span class='ocrx_word' id='word_1_431' title='bbox 1225 3179 1563 3254; x_wconf 83' lang='grc' dir='ltr'><strong>Βακχυλίδου</strong></span> <span class='ocrx_word' id='word_1_432' title='bbox 1601 3151 1689 3236; x_wconf 67' lang='grc' dir='ltr'><strong>καί</strong></span> 
     </span>
    </p>
   </div>
   <div class='ocr_carea' id='block_1_64' title="bbox 1860 3151 3452 3254">
    <p class='ocr_par' dir='ltr' id='par_1_64' title="bbox 1860 3183 3452 3242">
     <span class='ocr_line' id='line_1_64' title="bbox 1860 3183 3452 3242; baseline 0 -2"><span class='ocrx_word' id='word_1_433' title='bbox 1860 3186 2119 3242; x_wconf 80' lang='lat' dir='ltr'><strong>:clesiam</strong></span> <span class='ocrx_word' id='word_1_434' title='bbox 2138 3201 2310 3240; x_wconf 90' lang='lat' dir='ltr'><strong>suam</strong></span> <span class='ocrx_word' id='word_1_435' title='bbox 2341 3183 2701 3239; x_wconf 87' lang='lat' dir='ltr'><strong>fortitudinis</strong></span> <span class='ocrx_word' id='word_1_436' title='bbox 2724 3189 2780 3238; x_wconf 89' lang='lat' dir='ltr'><strong>et</strong></span> <span class='ocrx_word' id='word_1_437' title='bbox 2810 3183 3036 3239; x_wconf 87' lang='lat' dir='ltr'><strong>virtutis</strong></span> <span class='ocrx_word' id='word_1_438' title='bbox 3060 3185 3452 3240; x_wconf 86' lang='lat' dir='ltr'><strong>omnislaude</strong></span> 
     </span>
    </p>
   </div>
   <div class='ocr_carea' id='block_1_65' title="bbox 112 3270 1704 3350">
    <p class='ocr_par' dir='ltr' id='par_1_65' title="bbox 112 3270 1689 3350">
     <span class='ocr_line' id='line_1_65' title="bbox 112 3270 1689 3350; baseline -0.001 -25"><span class='ocrx_word' id='word_1_439' title='bbox 112 3270 398 3341; x_wconf 78' lang='grc' dir='ltr'><strong>Ἐλπίστου,</strong></span> <span class='ocrx_word' id='word_1_440' title='bbox 460 3276 524 3335; x_wconf 83' lang='grc' dir='ltr'><strong>ὡς</strong></span> <span class='ocrx_word' id='word_1_441' title='bbox 579 3273 1034 3350; x_wconf 75' lang='grc' dir='ltr'><strong>προτρεψαμίνων,</strong></span> <span class='ocrx_word' id='word_1_442' title='bbox 1102 3276 1277 3344; x_wconf 82' lang='grc' dir='ltr'><strong>μνείαν</strong></span> <span class='ocrx_word' id='word_1_443' title='bbox 1337 3279 1562 3324; x_wconf 88' lang='grc' dir='ltr'><strong>ποιεῖται</strong></span> <span class='ocrx_word' id='word_1_444' title='bbox 1616 3279 1689 3342; x_wconf 81' lang='grc' dir='ltr'><strong>τῷ</strong></span> 
     </span>
    </p>
   </div>
   <div class='ocr_carea' id='block_1_66' title="bbox 1859 3270 3451 3350">
    <p class='ocr_par' dir='ltr' id='par_1_66' title="bbox 1859 3272 3451 3346">
     <span class='ocr_line' id='line_1_66' title="bbox 1859 3272 3451 3346; baseline 0 -15"><span class='ocrx_word' id='word_1_445' title='bbox 1859 3281 2113 3332; x_wconf 83' lang='lat' dir='ltr'><strong>)rentem</strong></span> <span class='ocrx_word' id='word_1_446' title='bbox 2133 3275 2238 3329; x_wconf 88' lang='lat' dir='ltr'><strong>rite</strong></span> <span class='ocrx_word' id='word_1_447' title='bbox 2265 3272 2642 3343; x_wconf 82' lang='lat' dir='ltr'><strong>gubernavit,</strong></span> <span class='ocrx_word' id='word_1_448' title='bbox 2666 3273 3051 3328; x_wconf 89' lang='lat' dir='ltr'><strong>commendat</strong></span> <span class='ocrx_word' id='word_1_449' title='bbox 3077 3289 3089 3328; x_wconf 91' lang='lat'>:</span> <span class='ocrx_word' id='word_1_450' title='bbox 3125 3274 3299 3346; x_wconf 76' lang='lat'><strong>292</strong></span> <span class='ocrx_word' id='word_1_451' title='bbox 3327 3279 3451 3331; x_wconf 92' lang='lat' dir='ltr'><strong>tum</strong></span> 
     </span>
    </p>
   </div>
   <div class='ocr_carea' id='block_1_67' title="bbox 95 3359 1687 3436">
    <p class='ocr_par' dir='ltr' id='par_1_67' title="bbox 95 3359 1687 3436">
     <span class='ocr_line' id='line_1_67' title="bbox 95 3359 1687 3436; baseline -0.001 -22"><span class='ocrx_word' id='word_1_452' title='bbox 95 3363 382 3436; x_wconf 73' lang='grc' dir='ltr'><strong>γράμματι,</strong></span> <span class='ocrx_word' id='word_1_453' title='bbox 447 3363 660 3436; x_wconf 85' lang='grc' dir='ltr'><strong>Παλμᾶν</strong></span> <span class='ocrx_word' id='word_1_454' title='bbox 725 3381 781 3416; x_wconf 90' lang='grc' dir='ltr'><strong>τε</strong></span> <span class='ocrx_word' id='word_1_455' title='bbox 842 3361 1122 3415; x_wconf 73' lang='grc' dir='ltr'><strong>ἐπίσκοπον</strong></span> <span class='ocrx_word' id='word_1_456' title='bbox 1187 3359 1395 3421; x_wconf 72' lang='grc' dir='ltr'><strong>ἐκείνοις</strong></span> <span class='ocrx_word' id='word_1_457' title='bbox 1457 3379 1687 3436; x_wconf 85' lang='grc' dir='ltr'><strong>παραση-</strong></span> 
     </span>
    </p>
   </div>
   <div class='ocr_carea' id='block_1_68' title="bbox 1859 3359 3451 3436">
    <p class='ocr_par' dir='ltr' id='par_1_68' title="bbox 1907 3361 3451 3434">
     <span class='ocr_line' id='line_1_68' title="bbox 1907 3361 3451 3434; baseline -0.001 -15"><span class='ocrx_word' id='word_1_458' title='bbox 1907 3365 2025 3419; x_wconf 91' lang='lat' dir='ltr'><strong>ﬁne</strong></span> <span class='ocrx_word' id='word_1_459' title='bbox 2056 3379 2158 3418; x_wconf 91' lang='lat' dir='ltr'><strong>eos</strong></span> <span class='ocrx_word' id='word_1_460' title='bbox 2187 3363 2474 3426; x_wconf 90' lang='lat' dir='ltr'><strong>hortatur,</strong></span> <span class='ocrx_word' id='word_1_461' title='bbox 2505 3367 2567 3416; x_wconf 89' lang='lat' dir='ltr'><strong>ut</strong></span> <span class='ocrx_word' id='word_1_462' title='bbox 2597 3361 2709 3416; x_wconf 92' lang='lat' dir='ltr'><strong>sibi</strong></span> <span class='ocrx_word' id='word_1_463' title='bbox 2757 3377 2793 3417; x_wconf 92' lang='lat' dir='ltr'><strong>a</strong></span> <span class='ocrx_word' id='word_1_464' title='bbox 2819 3361 3027 3417; x_wconf 87' lang='lat' dir='ltr'><strong>fraude</strong></span> <span class='ocrx_word' id='word_1_465' title='bbox 3067 3369 3124 3417; x_wconf 88' lang='lat' dir='ltr'><strong>et</strong></span> <span class='ocrx_word' id='word_1_466' title='bbox 3164 3365 3451 3434; x_wconf 85' lang='lat' dir='ltr'><strong>perversi-</strong></span> 
     </span>
    </p>
   </div>
   <div class='ocr_carea' id='block_1_69' title="bbox 89 3451 1681 3526">
    <p class='ocr_par' dir='ltr' id='par_1_69' title="bbox 89 3451 1681 3526">
     <span class='ocr_line' id='line_1_69' title="bbox 89 3451 1681 3526; baseline -0.001 -22"><span class='ocrx_word' id='word_1_467' title='bbox 89 3456 302 3521; x_wconf 82' lang='grc' dir='ltr'><strong>μαίνεται</strong></span> <span class='ocrx_word' id='word_1_468' title='bbox 333 3471 347 3485; x_wconf 94' lang='grc'><strong>·</strong></span> <span class='ocrx_word' id='word_1_469' title='bbox 421 3451 470 3505; x_wconf 75' lang='grc' dir='ltr'><strong>ἓν</strong></span> <span class='ocrx_word' id='word_1_470' title='bbox 519 3453 551 3526; x_wconf 72' lang='grc' dir='ltr'><strong>ᾖ</strong></span> <span class='ocrx_word' id='word_1_471' title='bbox 609 3451 856 3524; x_wconf 70' lang='grc' dir='ltr'><strong>ἐπιστολῇ</strong></span> <span class='ocrx_word' id='word_1_472' title='bbox 915 3451 1114 3504; x_wconf 86' lang='grc' dir='ltr'><strong>πολλῶν</strong></span> <span class='ocrx_word' id='word_1_473' title='bbox 1189 3456 1458 3524; x_wconf 74' lang='grc' dir='ltr'><strong>Γραφικῶν</strong></span> <span class='ocrx_word' id='word_1_474' title='bbox 1517 3452 1681 3512; x_wconf 70' lang='grc' dir='ltr'><strong>λύσεις</strong></span> 
     </span>
    </p>
   </div>
   <div class='ocr_carea' id='block_1_70' title="bbox 1861 3451 3453 3526">
    <p class='ocr_par' dir='ltr' id='par_1_70' title="bbox 1861 3451 3453 3524">
     <span class='ocr_line' id='line_1_70' title="bbox 1861 3451 3453 3524; baseline 0.001 -18"><span class='ocrx_word' id='word_1_475' title='bbox 1861 3459 1919 3510; x_wconf 87' lang='lat' dir='ltr'><strong>te</strong></span> <span class='ocrx_word' id='word_1_476' title='bbox 1971 3451 2387 3508; x_wconf 69' lang='lat' dir='ltr'><strong>haereticorum</strong></span> <span class='ocrx_word' id='word_1_477' title='bbox 2439 3455 2710 3506; x_wconf 86' lang='lat' dir='ltr'><strong>caveant.</strong></span> <span class='ocrx_word' id='word_1_478' title='bbox 2773 3452 3090 3506; x_wconf 81' lang='lat' dir='ltr'><strong>Amastridi</strong></span> <span class='ocrx_word' id='word_1_479' title='bbox 3150 3469 3326 3524; x_wconf 88' lang='lat' dir='ltr'><strong>porro</strong></span> <span class='ocrx_word' id='word_1_480' title='bbox 3396 3458 3453 3508; x_wconf 89' lang='lat' dir='ltr'><strong>et</strong></span> 
     </span>
    </p>
   </div>
   <div class='ocr_carea' id='block_1_71' title="bbox 93 3535 1685 3616">
    <p class='ocr_par' dir='ltr' id='par_1_71' title="bbox 93 3535 1685 3616">
     <span class='ocr_line' id='line_1_71' title="bbox 93 3535 1685 3616; baseline 0 -24"><span class='ocrx_word' id='word_1_481' title='bbox 93 3535 324 3616; x_wconf 79' lang='grc' dir='ltr'><strong>διασαφεῖ</strong></span> <span class='ocrx_word' id='word_1_482' title='bbox 354 3560 376 3573; x_wconf 73' lang='grc'><strong><em>⁸</em></strong></span> <span class='ocrx_word' id='word_1_483' title='bbox 406 3542 698 3613; x_wconf 76' lang='grc' dir='ltr'><strong>εἰσηγεῖται</strong></span> <span class='ocrx_word' id='word_1_484' title='bbox 721 3546 827 3613; x_wconf 81' lang='grc' dir='ltr'><strong>μὴν</strong></span> <span class='ocrx_word' id='word_1_485' title='bbox 865 3543 930 3602; x_wconf 87' lang='grc' dir='ltr'><strong>ὡς</strong></span> <span class='ocrx_word' id='word_1_486' title='bbox 974 3539 1194 3593; x_wconf 89' lang='grc' dir='ltr'><strong>πλεῖστα</strong></span> <span class='ocrx_word' id='word_1_487' title='bbox 1236 3544 1353 3612; x_wconf 90' lang='grc' dir='ltr'><strong>περί</strong></span> <span class='ocrx_word' id='word_1_488' title='bbox 1402 3559 1456 3592; x_wconf 85' lang='grc' dir='ltr'><strong>τε</strong></span> <span class='ocrx_word' id='word_1_489' title='bbox 1485 3540 1685 3612; x_wconf 83' lang='grc' dir='ltr'><strong>ἁγνείας</strong></span> 
     </span>
    </p>
   </div>
   <div class='ocr_carea' id='block_1_72' title="bbox 1857 3535 3449 3616">
    <p class='ocr_par' dir='ltr' id='par_1_72' title="bbox 1857 3539 3449 3612">
     <span class='ocr_line' id='line_1_72' title="bbox 1857 3539 3449 3612; baseline -0.002 -14"><span class='ocrx_word' id='word_1_490' title='bbox 1857 3542 2053 3598; x_wconf 76' lang='lat' dir='ltr'><strong>)nticis</strong></span> <span class='ocrx_word' id='word_1_491' title='bbox 2083 3540 2351 3596; x_wconf 90' lang='lat' dir='ltr'><strong>ecclesiis</strong></span> <span class='ocrx_word' id='word_1_492' title='bbox 2382 3541 2668 3609; x_wconf 89' lang='lat' dir='ltr'><strong>scribens,</strong></span> <span class='ocrx_word' id='word_1_493' title='bbox 2704 3539 3090 3612; x_wconf 71' lang='lat' dir='ltr'><strong>Bacchylides,</strong></span> <span class='ocrx_word' id='word_1_494' title='bbox 3133 3546 3187 3595; x_wconf 91' lang='lat' dir='ltr'><strong>et</strong></span> <span class='ocrx_word' id='word_1_495' title='bbox 3231 3541 3449 3612; x_wconf 88' lang='lat' dir='ltr'><strong>Elpisti,</strong></span> 
     </span>
    </p>
   </div>
   <div class='ocr_carea' id='block_1_73' title="bbox 93 3623 1685 3705">
    <p class='ocr_par' dir='ltr' id='par_1_73' title="bbox 93 3623 1685 3705">
     <span class='ocr_line' id='line_1_73' title="bbox 93 3623 1685 3705; baseline 0.001 -24"><span class='ocrx_word' id='word_1_496' title='bbox 93 3635 176 3682; x_wconf 86' lang='grc' dir='ltr'><strong>καὶ</strong></span> <span class='ocrx_word' id='word_1_497' title='bbox 229 3635 426 3704; x_wconf 80' lang='grc' dir='ltr'><strong>γάμου.</strong></span> <span class='ocrx_word' id='word_1_498' title='bbox 489 3623 809 3705; x_wconf 79' lang='grc' dir='ltr'><strong>Προστάττει</strong></span> <span class='ocrx_word' id='word_1_499' title='bbox 846 3650 905 3701; x_wconf 88' lang='grc' dir='ltr'><strong>γι</strong></span> <span class='ocrx_word' id='word_1_500' title='bbox 955 3633 1052 3702; x_wconf 78' lang='grc' dir='ltr'><strong>μην</strong></span> <span class='ocrx_word' id='word_1_501' title='bbox 1095 3633 1328 3690; x_wconf 83' lang='grc' dir='ltr'><strong>καὶτοὺς</strong></span> <span class='ocrx_word' id='word_1_502' title='bbox 1375 3629 1428 3692; x_wconf 81' lang='grc' dir='ltr'><strong>ἐξ</strong></span> <span class='ocrx_word' id='word_1_503' title='bbox 1469 3628 1685 3689; x_wconf 82' lang='grc' dir='ltr'><strong>οἱασδη·</strong></span> 
     </span>
    </p>
   </div>
   <div class='ocr_carea' id='block_1_74' title="bbox 1859 3623 3451 3705">
    <p class='ocr_par' dir='ltr' id='par_1_74' title="bbox 1859 3628 3451 3692">
     <span class='ocr_line' id='line_1_74' title="bbox 1859 3628 3451 3692; baseline -0.001 -6"><span class='ocrx_word' id='word_1_504' title='bbox 1859 3632 1903 3686; x_wconf 59' lang='grc' dir='ltr'><strong>εἰ</strong></span> <span class='ocrx_word' id='word_1_505' title='bbox 1931 3647 2068 3686; x_wconf 92' lang='lat' dir='ltr'><strong>eum</strong></span> <span class='ocrx_word' id='word_1_506' title='bbox 2103 3630 2180 3686; x_wconf 89' lang='lat' dir='ltr'><strong>ad</strong></span> <span class='ocrx_word' id='word_1_507' title='bbox 2211 3628 2595 3684; x_wconf 91' lang='lat' dir='ltr'><strong>scribendum</strong></span> <span class='ocrx_word' id='word_1_508' title='bbox 2635 3629 2752 3684; x_wconf 91' lang='lat' dir='ltr'><strong>sint</strong></span> <span class='ocrx_word' id='word_1_509' title='bbox 2790 3629 3103 3692; x_wconf 82' lang='lat' dir='ltr'><strong>cohortati,</strong></span> <span class='ocrx_word' id='word_1_510' title='bbox 3135 3635 3192 3684; x_wconf 89' lang='lat' dir='ltr'><strong>et</strong></span> <span class='ocrx_word' id='word_1_511' title='bbox 3238 3629 3451 3685; x_wconf 67' lang='lat' dir='ltr'><strong>Palmm</strong></span> 
     </span>
    </p>
   </div>
   <div class='ocr_carea' id='block_1_75' title="bbox 93 3715 1685 3798">
    <p class='ocr_par' dir='ltr' id='par_1_75' title="bbox 93 3718 1685 3798">
     <span class='ocr_line' id='line_1_75' title="bbox 93 3718 1685 3798; baseline -0.001 -27"><span class='ocrx_word' id='word_1_512' title='bbox 93 3728 270 3772; x_wconf 86' lang='grc' dir='ltr'><strong>ποτοῡν</strong></span> <span class='ocrx_word' id='word_1_513' title='bbox 336 3723 608 3798; x_wconf 72' lang='grc' dir='ltr'><strong>αἱρέσεως,</strong></span> <span class='ocrx_word' id='word_1_514' title='bbox 661 3724 691 3779; x_wconf 81' lang='grc' dir='ltr'><strong>ἦ</strong></span> <span class='ocrx_word' id='word_1_515' title='bbox 753 3719 1126 3792; x_wconf 78' lang='grc' dir='ltr'><strong>πλημμελείας,</strong></span> <span class='ocrx_word' id='word_1_516' title='bbox 1179 3721 1210 3776; x_wconf 78' lang='grc' dir='ltr'><strong>ἦ</strong></span> <span class='ocrx_word' id='word_1_517' title='bbox 1260 3718 1516 3792; x_wconf 81' lang='grc' dir='ltr'><strong>ἁμαρτίας</strong></span> <span class='ocrx_word' id='word_1_518' title='bbox 1584 3719 1685 3771; x_wconf 74' lang='grc' dir='ltr'><strong>ἐπι·</strong></span> 
     </span>
    </p>
   </div>
   <div class='ocr_carea' id='block_1_76' title="bbox 1860 3715 3452 3798">
    <p class='ocr_par' dir='ltr' id='par_1_76' title="bbox 1860 3715 3452 3791">
     <span class='ocr_line' id='line_1_76' title="bbox 1860 3715 3452 3791; baseline -0.001 -16"><span class='ocrx_word' id='word_1_519' title='bbox 1860 3719 2070 3791; x_wconf 77' lang='lat' dir='ltr'><strong>)iscopi</strong></span> <span class='ocrx_word' id='word_1_520' title='bbox 2106 3718 2470 3774; x_wconf 88' lang='lat' dir='ltr'><strong>mentionem</strong></span> <span class='ocrx_word' id='word_1_521' title='bbox 2512 3717 2706 3773; x_wconf 81' lang='lat' dir='ltr'><strong>infert.</strong></span> <span class='ocrx_word' id='word_1_522' title='bbox 2749 3718 2810 3772; x_wconf 93' lang='lat' dir='ltr'><strong>ln</strong></span> <span class='ocrx_word' id='word_1_523' title='bbox 2839 3733 2908 3772; x_wconf 91' lang='lat' dir='ltr'><strong>ea</strong></span> <span class='ocrx_word' id='word_1_524' title='bbox 2947 3717 3198 3789; x_wconf 89' lang='lat' dir='ltr'><strong>epistola</strong></span> <span class='ocrx_word' id='word_1_525' title='bbox 3231 3715 3452 3775; x_wconf 75' lang='lat' dir='ltr'><strong>moltas</strong></span> 
     </span>
    </p>
   </div>
   <div class='ocr_carea' id='block_1_77' title="bbox 95 3804 1687 3882">
    <p class='ocr_par' dir='ltr' id='par_1_77' title="bbox 95 3804 1687 3882">
     <span class='ocr_line' id='line_1_77' title="bbox 95 3804 1687 3882; baseline 0.001 -23"><span class='ocrx_word' id='word_1_526' title='bbox 95 3812 417 3882; x_wconf 71' lang='grc' dir='ltr'><strong>στρέφοντας,</strong></span> <span class='ocrx_word' id='word_1_527' title='bbox 473 3807 710 3882; x_wconf 85' lang='grc' dir='ltr'><strong>ἀσμένως</strong></span> <span class='ocrx_word' id='word_1_528' title='bbox 756 3810 1094 3882; x_wconf 85' lang='grc' dir='ltr'><strong>προσίεσθαι.</strong></span> <span class='ocrx_word' id='word_1_529' title='bbox 1148 3810 1373 3868; x_wconf 86' lang='grc' dir='ltr'><strong>Ταύταις</strong></span> <span class='ocrx_word' id='word_1_530' title='bbox 1421 3804 1480 3861; x_wconf 74' lang='grc' dir='ltr'><strong>δε</strong></span> <span class='ocrx_word' id='word_1_531' title='bbox 1521 3813 1611 3860; x_wconf 81' lang='grc' dir='ltr'><strong>καὶ</strong></span> <span class='ocrx_word' id='word_1_532' title='bbox 1659 3810 1687 3867; x_wconf 80' lang='grc' dir='ltr'><strong>ἠ</strong></span> 
     </span>
    </p>
   </div>
   <div class='ocr_carea' id='block_1_78' title="bbox 1854 3804 3446 3882">
    <p class='ocr_par' dir='ltr' id='par_1_78' title="bbox 1854 3805 3446 3880">
     <span class='ocr_line' id='line_1_78' title="bbox 1854 3805 3446 3880; baseline -0.001 -15"><span class='ocrx_word' id='word_1_533' title='bbox 1854 3809 2247 3880; x_wconf 85' lang='lat' dir='ltr'><strong>cripturarum</strong></span> <span class='ocrx_word' id='word_1_534' title='bbox 2279 3807 2602 3862; x_wconf 87' lang='lat' dir='ltr'><strong>solutiones</strong></span> <span class='ocrx_word' id='word_1_535' title='bbox 2623 3811 2678 3861; x_wconf 88' lang='lat' dir='ltr'><strong>et</strong></span> <span class='ocrx_word' id='word_1_536' title='bbox 2697 3805 3130 3862; x_wconf 90' lang='lat' dir='ltr'><strong>declarationes</strong></span> <span class='ocrx_word' id='word_1_537' title='bbox 3157 3809 3400 3880; x_wconf 82' lang='lat' dir='ltr'><strong>exponit</strong></span> <span class='ocrx_word' id='word_1_538' title='bbox 3433 3825 3446 3864; x_wconf 90' lang='lat'>:</span> 
     </span>
    </p>
   </div>
   <div class='ocr_carea' id='block_1_79' title="bbox 94 3895 1686 3972">
    <p class='ocr_par' dir='ltr' id='par_1_79' title="bbox 94 3896 1686 3972">
     <span class='ocr_line' id='line_1_79' title="bbox 94 3896 1686 3972; baseline 0.001 -23"><span class='ocrx_word' id='word_1_539' title='bbox 94 3902 216 3971; x_wconf 89' lang='grc' dir='ltr'><strong>πρὸς</strong></span> <span class='ocrx_word' id='word_1_540' title='bbox 264 3904 578 3963; x_wconf 78' lang='grc' dir='ltr'><strong>Κνωσσίους</strong></span> <span class='ocrx_word' id='word_1_541' title='bbox 635 3899 776 3952; x_wconf 72' lang='grc' dir='ltr'><strong>εστὶν</strong></span> <span class='ocrx_word' id='word_1_542' title='bbox 831 3897 1009 3967; x_wconf 73' lang='grc' dir='ltr'><strong>ἐφεξῆς</strong></span> <span class='ocrx_word' id='word_1_543' title='bbox 1039 3908 1073 3932; x_wconf 63' lang='grc'><strong>·⁴</strong></span> <span class='ocrx_word' id='word_1_544' title='bbox 1112 3897 1161 3950; x_wconf 73' lang='grc' dir='ltr'><strong>ἐν</strong></span> <span class='ocrx_word' id='word_1_545' title='bbox 1212 3919 1243 3972; x_wconf 77' lang='grc' dir='ltr'><strong>η</strong></span> <span class='ocrx_word' id='word_1_546' title='bbox 1304 3905 1377 3969; x_wconf 83' lang='grc' dir='ltr'><strong>τῷ</strong></span> <span class='ocrx_word' id='word_1_547' title='bbox 1428 3896 1686 3970; x_wconf 76' lang='grc' dir='ltr'><strong>ίπισκόπῳ</strong></span> 
     </span>
    </p>
   </div>
   <div class='ocr_carea' id='block_1_80' title="bbox 1863 3895 3455 3972">
    <p class='ocr_par' dir='ltr' id='par_1_80' title="bbox 1863 3895 3455 3966">
     <span class='ocr_line' id='line_1_80' title="bbox 1863 3895 3455 3966; baseline 0.001 -12"><span class='ocrx_word' id='word_1_548' title='bbox 1863 3899 1996 3954; x_wconf 43' lang='grc' dir='ltr'><strong>ιυιίιι</strong></span> <span class='ocrx_word' id='word_1_549' title='bbox 2022 3897 2097 3952; x_wconf 89' lang='lat' dir='ltr'><strong>de</strong></span> <span class='ocrx_word' id='word_1_550' title='bbox 2135 3896 2405 3952; x_wconf 82' lang='lat' dir='ltr'><strong>castitate</strong></span> <span class='ocrx_word' id='word_1_551' title='bbox 2433 3901 2491 3950; x_wconf 91' lang='lat' dir='ltr'><strong>et</strong></span> <span class='ocrx_word' id='word_1_552' title='bbox 2524 3896 2808 3966; x_wconf 89' lang='lat' dir='ltr'><strong>conjugio</strong></span> <span class='ocrx_word' id='word_1_553' title='bbox 2839 3895 3034 3950; x_wconf 88' lang='lat' dir='ltr'><strong>refert.</strong></span> <span class='ocrx_word' id='word_1_554' title='bbox 3067 3895 3242 3952; x_wconf 88' lang='lat' dir='ltr'><strong>Jubet</strong></span> <span class='ocrx_word' id='word_1_555' title='bbox 3272 3897 3455 3955; x_wconf 88' lang='lat' dir='ltr'><strong>etiam</strong></span> 
     </span>
    </p>
   </div>
   <div class='ocr_carea' id='block_1_81' title="bbox 96 3985 1688 4064">
    <p class='ocr_par' dir='ltr' id='par_1_81' title="bbox 96 3985 1688 4064">
     <span class='ocr_line' id='line_1_81' title="bbox 96 3985 1688 4064; baseline 0.001 -25"><span class='ocrx_word' id='word_1_556' title='bbox 96 3986 255 4040; x_wconf 77' lang='grc' dir='ltr'><strong>αὐτῶν</strong></span> <span class='ocrx_word' id='word_1_557' title='bbox 314 3996 527 4060; x_wconf 86' lang='grc' dir='ltr'><strong>Πινυτῷ</strong></span> <span class='ocrx_word' id='word_1_558' title='bbox 585 3995 847 4064; x_wconf 84' lang='grc' dir='ltr'><strong>παραινεῖ,</strong></span> <span class='ocrx_word' id='word_1_559' title='bbox 908 3992 981 4060; x_wconf 79' lang='grc' dir='ltr'><strong>μὴ</strong></span> <span class='ocrx_word' id='word_1_560' title='bbox 1035 3991 1095 4040; x_wconf 90' lang='grc' dir='ltr'><strong>τό</strong></span> <span class='ocrx_word' id='word_1_561' title='bbox 1148 3985 1286 4064; x_wconf 79' lang='grc' dir='ltr'><strong>βαρύ</strong></span> <span class='ocrx_word' id='word_1_562' title='bbox 1343 3992 1550 4062; x_wconf 70' lang='grc' dir='ltr'><strong>φορτίον</strong></span> <span class='ocrx_word' id='word_1_563' title='bbox 1605 3995 1688 4049; x_wconf 79' lang='grc' dir='ltr'><strong>τῆς</strong></span> 
     </span>
    </p>
   </div>
   <div class='ocr_carea' id='block_1_82' title="bbox 1863 3985 3455 4064">
    <p class='ocr_par' dir='ltr' id='par_1_82' title="bbox 1863 3985 3455 4059">
     <span class='ocr_line' id='line_1_82' title="bbox 1863 3985 3455 4059; baseline 0 -16"><span class='ocrx_word' id='word_1_564' title='bbox 1863 4004 2018 4044; x_wconf 83' lang='lat' dir='ltr'><strong>nnes</strong></span> <span class='ocrx_word' id='word_1_565' title='bbox 2039 3987 2140 4059; x_wconf 89' lang='lat' dir='ltr'><strong>qui</strong></span> <span class='ocrx_word' id='word_1_566' title='bbox 2169 4001 2583 4057; x_wconf 88' lang='lat' dir='ltr'><strong>aquacunque</strong></span> <span class='ocrx_word' id='word_1_567' title='bbox 2606 3985 2836 4046; x_wconf 60' lang='lat' dir='ltr'><strong>haeresi,</strong></span> <span class='ocrx_word' id='word_1_568' title='bbox 2865 3985 3101 4050; x_wconf 88' lang='lat' dir='ltr'><strong>delicto,</strong></span> <span class='ocrx_word' id='word_1_569' title='bbox 3121 3991 3178 4041; x_wconf 89' lang='lat' dir='ltr'><strong>et</strong></span> <span class='ocrx_word' id='word_1_570' title='bbox 3209 3993 3455 4058; x_wconf 92' lang='lat' dir='ltr'><strong>peccato</strong></span> 
     </span>
    </p>
   </div>
   <div class='ocr_carea' id='block_1_83' title="bbox 92 4074 1684 4151">
    <p class='ocr_par' dir='ltr' id='par_1_83' title="bbox 92 4074 1684 4150">
     <span class='ocr_line' id='line_1_83' title="bbox 92 4074 1684 4150; baseline 0.003 -22"><span class='ocrx_word' id='word_1_571' title='bbox 92 4076 289 4148; x_wconf 73' lang='grc' dir='ltr'><strong>ἁγνείας</strong></span> <span class='ocrx_word' id='word_1_572' title='bbox 328 4084 402 4142; x_wconf 88' lang='grc' dir='ltr'><strong>ὡς</strong></span> <span class='ocrx_word' id='word_1_573' title='bbox 453 4080 739 4150; x_wconf 72' lang='grc' dir='ltr'><strong>ἐπάναγκες</strong></span> <span class='ocrx_word' id='word_1_574' title='bbox 794 4079 1079 4132; x_wconf 74' lang='grc' dir='ltr'><strong>ἄπιτιθίναι</strong></span> <span class='ocrx_word' id='word_1_575' title='bbox 1120 4085 1231 4140; x_wconf 87' lang='grc' dir='ltr'><strong>τοῖς</strong></span> <span class='ocrx_word' id='word_1_576' title='bbox 1267 4074 1508 4150; x_wconf 73' lang='grc' dir='ltr'><strong>ἀδελφοῖς</strong></span> <span class='ocrx_word' id='word_1_577' title='bbox 1535 4095 1552 4112; x_wconf 78' lang='grc' dir='ltr'><strong><em>ο</em></strong></span> <span class='ocrx_word' id='word_1_578' title='bbox 1604 4087 1684 4138; x_wconf 63' lang='grc' dir='ltr'><strong>τῆς</strong></span> 
     </span>
    </p>
   </div>
   <div class='ocr_carea' id='block_1_84' title="bbox 1867 4074 3459 4151">
    <p class='ocr_par' dir='ltr' id='par_1_84' title="bbox 1867 4074 3459 4150">
     <span class='ocr_line' id='line_1_84' title="bbox 1867 4074 3459 4150; baseline -0.001 -17"><span class='ocrx_word' id='word_1_579' title='bbox 1867 4094 1914 4134; x_wconf 70' lang='lat' dir='ltr'><strong>3r</strong></span> <span class='ocrx_word' id='word_1_580' title='bbox 1951 4075 2362 4150; x_wconf 68' lang='lat' dir='ltr'><strong>paenitentiam</strong></span> <span class='ocrx_word' id='word_1_581' title='bbox 2393 4081 2817 4130; x_wconf 89' lang='lat' dir='ltr'><strong>convertantur</strong></span> <span class='ocrx_word' id='word_1_582' title='bbox 2846 4074 2924 4130; x_wconf 91' lang='lat' dir='ltr'><strong>ad</strong></span> <span class='ocrx_word' id='word_1_583' title='bbox 2967 4075 3307 4144; x_wconf 87' lang='lat' dir='ltr'><strong>Ecclesiam,</strong></span> <span class='ocrx_word' id='word_1_584' title='bbox 3350 4076 3459 4132; x_wconf 90' lang='lat' dir='ltr'><strong>be-</strong></span> 
     </span>
    </p>
   </div>
   <div class='ocr_carea' id='block_1_85' title="bbox 99 4162 1691 4244">
    <p class='ocr_par' dir='ltr' id='par_1_85' title="bbox 99 4162 1691 4244">
     <span class='ocr_line' id='line_1_85' title="bbox 99 4162 1691 4244; baseline 0.001 -25"><span class='ocrx_word' id='word_1_585' title='bbox 99 4162 154 4219; x_wconf 73' lang='grc' dir='ltr'><strong>δε</strong></span> <span class='ocrx_word' id='word_1_586' title='bbox 201 4177 304 4221; x_wconf 85' lang='grc' dir='ltr'><strong>τῶν</strong></span> <span class='ocrx_word' id='word_1_587' title='bbox 339 4167 544 4223; x_wconf 83' lang='grc' dir='ltr'><strong>πολλῶν</strong></span> <span class='ocrx_word' id='word_1_588' title='bbox 586 4166 853 4227; x_wconf 85' lang='grc' dir='ltr'><strong>ἀσθενιίας</strong></span> <span class='ocrx_word' id='word_1_589' title='bbox 886 4168 1408 4240; x_wconf 80' lang='grc' dir='ltr'><strong>καταστοχάζεσθαι.</strong></span> <span class='ocrx_word' id='word_1_590' title='bbox 1464 4172 1600 4244; x_wconf 89' lang='grc' dir='ltr'><strong>Πρὸς</strong></span> <span class='ocrx_word' id='word_1_591' title='bbox 1637 4167 1691 4227; x_wconf 79' lang='grc' dir='ltr'><strong>ἣν</strong></span> 
     </span>
    </p>
   </div>
   <div class='ocr_carea' id='block_1_86' title="bbox 1865 4162 3457 4244">
    <p class='ocr_par' dir='ltr' id='par_1_86' title="bbox 1865 4163 3457 4238">
     <span class='ocr_line' id='line_1_86' title="bbox 1865 4163 3457 4238; baseline 0 -18"><span class='ocrx_word' id='word_1_592' title='bbox 1865 4169 1989 4238; x_wconf 66' lang='lat' dir='ltr'><strong>igne</strong></span> <span class='ocrx_word' id='word_1_593' title='bbox 2025 4165 2230 4237; x_wconf 89' lang='lat' dir='ltr'><strong>recipi.</strong></span> <span class='ocrx_word' id='word_1_594' title='bbox 2274 4166 2387 4220; x_wconf 82' lang='lat' dir='ltr'><strong>Has</strong></span> <span class='ocrx_word' id='word_1_595' title='bbox 2435 4163 2840 4235; x_wconf 90' lang='lat' dir='ltr'><strong>consequitur,</strong></span> <span class='ocrx_word' id='word_1_596' title='bbox 2881 4179 3016 4236; x_wconf 64' lang='lat' dir='ltr'><strong>qua:</strong></span> <span class='ocrx_word' id='word_1_597' title='bbox 3057 4165 3134 4219; x_wconf 89' lang='lat' dir='ltr'><strong>ad</strong></span> <span class='ocrx_word' id='word_1_598' title='bbox 3173 4164 3457 4222; x_wconf 87' lang='lat' dir='ltr'><strong>Gnossios</strong></span> 
     </span>
    </p>
   </div>
   <div class='ocr_carea' id='block_1_87' title="bbox 94 4252 1686 4330">
    <p class='ocr_par' dir='ltr' id='par_1_87' title="bbox 94 4252 1686 4330">
     <span class='ocr_line' id='line_1_87' title="bbox 94 4252 1686 4330; baseline 0.002 -23"><span class='ocrx_word' id='word_1_599' title='bbox 94 4252 278 4321; x_wconf 75' lang='grc' dir='ltr'><strong>έκεῖνος</strong></span> <span class='ocrx_word' id='word_1_600' title='bbox 327 4257 664 4330; x_wconf 75' lang='grc' dir='ltr'><strong>ἀντιγράφων</strong></span> <span class='ocrx_word' id='word_1_601' title='bbox 718 4257 910 4319; x_wconf 57' lang='lat' dir='ltr'><strong>eum</strong></span> <span class='ocrx_word' id='word_1_602' title='bbox 942 4260 1028 4310; x_wconf 88' lang='grc' dir='ltr'><strong>τὸν</strong></span> <span class='ocrx_word' id='word_1_603' title='bbox 1085 4253 1391 4329; x_wconf 78' lang='grc' dir='ltr'><strong>ἄνδρα-καὶ</strong></span> <span class='ocrx_word' id='word_1_604' title='bbox 1442 4255 1686 4330; x_wconf 86' lang='grc' dir='ltr'><strong>ἀποδέχε-</strong></span> 
     </span>
    </p>
   </div>
   <div class='ocr_carea' id='block_1_88' title="bbox 1869 4252 3461 4330">
    <p class='ocr_par' dir='ltr' id='par_1_88' title="bbox 1869 4252 3461 4328">
     <span class='ocr_line' id='line_1_88' title="bbox 1869 4252 3461 4328; baseline 0.001 -18"><span class='ocrx_word' id='word_1_605' title='bbox 1869 4263 1901 4312; x_wconf 69' lang='grc' dir='ltr'><strong>εί</strong></span> <span class='ocrx_word' id='word_1_606' title='bbox 1923 4257 2067 4311; x_wconf 89' lang='lat' dir='ltr'><strong>data</strong></span> <span class='ocrx_word' id='word_1_607' title='bbox 2091 4255 2345 4326; x_wconf 90' lang='lat' dir='ltr'><strong>epistola</strong></span> <span class='ocrx_word' id='word_1_608' title='bbox 2379 4269 2392 4308; x_wconf 92' lang='lat'>:</span> <span class='ocrx_word' id='word_1_609' title='bbox 2421 4254 2480 4307; x_wconf 92' lang='lat' dir='ltr'><strong>in</strong></span> <span class='ocrx_word' id='word_1_610' title='bbox 2510 4269 2633 4325; x_wconf 87' lang='lat' dir='ltr'><strong>qua</strong></span> <span class='ocrx_word' id='word_1_611' title='bbox 2657 4252 3011 4324; x_wconf 89' lang='lat' dir='ltr'><strong>episcopum</strong></span> <span class='ocrx_word' id='word_1_612' title='bbox 3044 4255 3321 4328; x_wconf 85' lang='lat' dir='ltr'><strong>Pinytuin</strong></span> <span class='ocrx_word' id='word_1_613' title='bbox 3355 4255 3461 4311; x_wconf 92' lang='lat' dir='ltr'><strong>ad-</strong></span> 
     </span>
    </p>
   </div>
   <div class='ocr_carea' id='block_1_89' title="bbox 94 4343 1686 4422">
    <p class='ocr_par' dir='ltr' id='par_1_89' title="bbox 94 4344 1686 4422">
     <span class='ocr_line' id='line_1_89' title="bbox 94 4344 1686 4422; baseline 0.001 -26"><span class='ocrx_word' id='word_1_614' title='bbox 94 4362 218 4397; x_wconf 87' lang='grc' dir='ltr'><strong>ται·</strong></span> <span class='ocrx_word' id='word_1_615' title='bbox 302 4344 482 4401; x_wconf 90' lang='grc' dir='ltr'><strong>δεῖταί</strong></span> <span class='ocrx_word' id='word_1_616' title='bbox 534 4366 592 4419; x_wconf 87' lang='grc' dir='ltr'><strong>γε</strong></span> <span class='ocrx_word' id='word_1_617' title='bbox 654 4351 758 4419; x_wconf 80' lang='grc' dir='ltr'><strong>μὴν</strong></span> <span class='ocrx_word' id='word_1_618' title='bbox 816 4344 1168 4420; x_wconf 83' lang='grc' dir='ltr'><strong>στερῥοτέροις</strong></span> <span class='ocrx_word' id='word_1_619' title='bbox 1251 4349 1534 4422; x_wconf 82' lang='grc' dir='ltr'><strong>γράμμασι</strong></span> <span class='ocrx_word' id='word_1_620' title='bbox 1607 4352 1686 4406; x_wconf 66' lang='lat' dir='ltr'><strong>rt):</strong></span> 
     </span>
    </p>
   </div>
   <div class='ocr_carea' id='block_1_90' title="bbox 1867 4343 3459 4422">
    <p class='ocr_par' dir='ltr' id='par_1_90' title="bbox 1867 4343 3459 4415">
     <span class='ocr_line' id='line_1_90' title="bbox 1867 4343 3459 4415; baseline -0.001 -14"><span class='ocrx_word' id='word_1_621' title='bbox 1867 4351 2035 4410; x_wconf 58' lang='lat' dir='ltr'><strong>tonet,</strong></span> <span class='ocrx_word' id='word_1_622' title='bbox 2067 4360 2142 4399; x_wconf 88' lang='lat' dir='ltr'><strong>ne</strong></span> <span class='ocrx_word' id='word_1_623' title='bbox 2173 4343 2480 4398; x_wconf 71' lang='lat' dir='ltr'><strong>coslibatus</strong></span> <span class='ocrx_word' id='word_1_624' title='bbox 2518 4357 2691 4406; x_wconf 89' lang='lat' dir='ltr'><strong>onus,</strong></span> <span class='ocrx_word' id='word_1_625' title='bbox 2724 4348 3013 4415; x_wconf 86' lang='lat' dir='ltr'><strong>tanquam</strong></span> <span class='ocrx_word' id='word_1_626' title='bbox 3055 4344 3459 4399; x_wconf 87' lang='lat' dir='ltr'><strong>necessarium</strong></span> 
     </span>
    </p>
   </div>
   <div class='ocr_carea' id='block_1_91' title="bbox 93 4431 1685 4510">
    <p class='ocr_par' dir='ltr' id='par_1_91' title="bbox 93 4431 1685 4510">
     <span class='ocr_line' id='line_1_91' title="bbox 93 4431 1685 4510; baseline 0.001 -26"><span class='ocrx_word' id='word_1_627' title='bbox 93 4431 281 4507; x_wconf 78' lang='grc' dir='ltr'><strong>ἀμείνω</strong></span> <span class='ocrx_word' id='word_1_628' title='bbox 329 4441 427 4490; x_wconf 80' lang='grc' dir='ltr'><strong>καὶ</strong></span> <span class='ocrx_word' id='word_1_629' title='bbox 489 4435 685 4488; x_wconf 82' lang='grc' dir='ltr'><strong>τελείαν</strong></span> <span class='ocrx_word' id='word_1_630' title='bbox 737 4440 932 4508; x_wconf 71' lang='grc' dir='ltr'><strong>τροφὴν</strong></span> <span class='ocrx_word' id='word_1_631' title='bbox 982 4439 1156 4495; x_wconf 81' lang='grc' dir='ltr'><strong>αὐτοῖς</strong></span> <span class='ocrx_word' id='word_1_632' title='bbox 1203 4433 1578 4510; x_wconf 61' lang='grc' dir='ltr'><strong>ἐπιχορηγεῖν</strong></span> <span class='ocrx_word' id='word_1_633' title='bbox 1634 4439 1685 4488; x_wconf 54' lang='lat' dir='ltr'><strong>ob;</strong></span> 
     </span>
    </p>
   </div>
   <div class='ocr_carea' id='block_1_92' title="bbox 1871 4431 3463 4510">
    <p class='ocr_par' dir='ltr' id='par_1_92' title="bbox 1871 4431 3463 4504">
     <span class='ocr_line' id='line_1_92' title="bbox 1871 4431 3463 4504; baseline -0.001 -14"><span class='ocrx_word' id='word_1_634' title='bbox 1871 4433 2095 4491; x_wconf 89' lang='lat' dir='ltr'><strong>atribus</strong></span> <span class='ocrx_word' id='word_1_635' title='bbox 2132 4434 2401 4504; x_wconf 86' lang='lat' dir='ltr'><strong>imponat</strong></span> <span class='ocrx_word' id='word_1_636' title='bbox 2453 4432 2552 4502; x_wconf 84' lang='grc'><strong>(1),</strong></span> <span class='ocrx_word' id='word_1_637' title='bbox 2595 4432 2700 4486; x_wconf 91' lang='lat' dir='ltr'><strong>sed</strong></span> <span class='ocrx_word' id='word_1_638' title='bbox 2739 4431 3096 4487; x_wconf 86' lang='lat' dir='ltr'><strong>inﬁrmitatis</strong></span> <span class='ocrx_word' id='word_1_639' title='bbox 3136 4432 3463 4488; x_wconf 89' lang='lat' dir='ltr'><strong>multorum</strong></span> 
     </span>
    </p>
   </div>
   <div class='ocr_carea' id='block_1_93' title="bbox 91 4509 1683 4599">
    <p class='ocr_par' dir='ltr' id='par_1_93' title="bbox 91 4509 1683 4599">
     <span class='ocr_line' id='line_1_93' title="bbox 91 4509 1683 4599; baseline 0.003 -25"><span class='ocrx_word' id='word_1_640' title='bbox 91 4524 151 4574; x_wconf 81' lang='grc' dir='ltr'><strong>ἄν</strong></span> <span class='ocrx_word' id='word_1_641' title='bbox 195 4529 267 4597; x_wconf 75' lang='grc' dir='ltr'><strong>μὴ</strong></span> <span class='ocrx_word' id='word_1_642' title='bbox 320 4533 440 4586; x_wconf 86' lang='grc' dir='ltr'><strong>τοῖς</strong></span> <span class='ocrx_word' id='word_1_643' title='bbox 495 4521 821 4584; x_wconf 88' lang='grc' dir='ltr'><strong>νηπιὼδεσιν</strong></span> <span class='ocrx_word' id='word_1_644' title='bbox 884 4524 1226 4599; x_wconf 69' lang='grc' dir='ltr'><strong>ἐντραφέντες,</strong></span> <span class='ocrx_word' id='word_1_645' title='bbox 1285 4509 1485 4578; x_wconf 74' lang='grc' dir='ltr'><strong>λάθωσι</strong></span> <span class='ocrx_word' id='word_1_646' title='bbox 1545 4545 1683 4579; x_wconf 73' lang='grc' dir='ltr'><strong>καται</strong></span> 
     </span>
    </p>
   </div>
   <div class='ocr_carea' id='block_1_94' title="bbox 1872 4509 3464 4599">
    <p class='ocr_par' dir='ltr' id='par_1_94' title="bbox 1872 4520 3464 4592">
     <span class='ocr_line' id='line_1_94' title="bbox 1872 4520 3464 4592; baseline -0.001 -13"><span class='ocrx_word' id='word_1_647' title='bbox 1872 4525 2107 4580; x_wconf 63' lang='lat' dir='ltr'><strong>itionem</strong></span> <span class='ocrx_word' id='word_1_648' title='bbox 2155 4522 2394 4577; x_wconf 87' lang='lat' dir='ltr'><strong>habeat.</strong></span> <span class='ocrx_word' id='word_1_649' title='bbox 2437 4521 2524 4575; x_wconf 78' lang='lat' dir='ltr'><strong>Ad</strong></span> <span class='ocrx_word' id='word_1_650' title='bbox 2562 4537 2748 4592; x_wconf 87' lang='lat' dir='ltr'><strong>quam</strong></span> <span class='ocrx_word' id='word_1_651' title='bbox 2797 4520 2889 4576; x_wconf 90' lang='lat' dir='ltr'><strong>ille</strong></span> <span class='ocrx_word' id='word_1_652' title='bbox 2931 4521 3284 4590; x_wconf 89' lang='lat' dir='ltr'><strong>rescribens,</strong></span> <span class='ocrx_word' id='word_1_653' title='bbox 3325 4537 3464 4577; x_wconf 87' lang='lat' dir='ltr'><strong>cum</strong></span> 
     </span>
    </p>
   </div>
   <div class='ocr_carea' id='block_1_95' title="bbox 86 4609 1678 4689">
    <p class='ocr_par' dir='ltr' id='par_1_95' title="bbox 86 4609 1675 4689">
     <span class='ocr_line' id='line_1_95' title="bbox 86 4609 1675 4689; baseline 0.001 -22"><span class='ocrx_word' id='word_1_654' title='bbox 86 4615 417 4689; x_wconf 76' lang='grc' dir='ltr'><strong>γηράσαντες</strong></span> <span class='ocrx_word' id='word_1_655' title='bbox 466 4621 528 4687; x_wconf 73' lang='grc' dir='ltr'><strong>τῇ</strong></span> <span class='ocrx_word' id='word_1_656' title='bbox 574 4610 669 4667; x_wconf 83' lang='grc' dir='ltr'><strong>διὰ</strong></span> <span class='ocrx_word' id='word_1_657' title='bbox 700 4613 960 4686; x_wconf 78' lang='grc' dir='ltr'><strong>γάλακτος</strong></span> <span class='ocrx_word' id='word_1_658' title='bbox 996 4613 1222 4686; x_wconf 76' lang='grc' dir='ltr'><strong>ἀγωγῇ·</strong></span> <span class='ocrx_word' id='word_1_659' title='bbox 1279 4609 1352 4666; x_wconf 87' lang='grc' dir='ltr'><strong>δι’</strong></span> <span class='ocrx_word' id='word_1_660' title='bbox 1393 4615 1452 4676; x_wconf 80' lang='grc' dir='ltr'><strong>ἧς</strong></span> <span class='ocrx_word' id='word_1_661' title='bbox 1493 4617 1675 4668; x_wconf 77' lang='grc' dir='ltr'><strong>ἑπιστο</strong></span> 
     </span>
    </p>
   </div>
   <div class='ocr_carea' id='block_1_96' title="bbox 1870 4609 3462 4689">
    <p class='ocr_par' dir='ltr' id='par_1_96' title="bbox 1875 4609 3462 4681">
     <span class='ocr_line' id='line_1_96' title="bbox 1875 4609 3462 4681; baseline -0.002 -12"><span class='ocrx_word' id='word_1_662' title='bbox 1875 4629 2008 4669; x_wconf 91' lang='lat' dir='ltr'><strong>rum</strong></span> <span class='ocrx_word' id='word_1_663' title='bbox 2049 4627 2187 4668; x_wconf 89' lang='lat' dir='ltr'><strong>eum</strong></span> <span class='ocrx_word' id='word_1_664' title='bbox 2237 4609 2586 4675; x_wconf 85' lang='lat' dir='ltr'><strong>admiratur,</strong></span> <span class='ocrx_word' id='word_1_665' title='bbox 2628 4610 2853 4675; x_wconf 89' lang='lat' dir='ltr'><strong>laudat,</strong></span> <span class='ocrx_word' id='word_1_666' title='bbox 2895 4615 2952 4665; x_wconf 89' lang='lat' dir='ltr'><strong>et</strong></span> <span class='ocrx_word' id='word_1_667' title='bbox 3000 4610 3462 4681; x_wconf 88' lang='lat' dir='ltr'><strong>complectitur:</strong></span> 
     </span>
    </p>
   </div>
   <div class='ocr_carea' id='block_1_97' title="bbox 84 4699 1676 4776">
    <p class='ocr_par' dir='ltr' id='par_1_97' title="bbox 84 4699 1676 4776">
     <span class='ocr_line' id='line_1_97' title="bbox 84 4699 1676 4776; baseline 0.003 -24"><span class='ocrx_word' id='word_1_668' title='bbox 84 4699 172 4764; x_wconf 77' lang='grc' dir='ltr'><strong>λῆς</strong></span> <span class='ocrx_word' id='word_1_669' title='bbox 225 4709 318 4757; x_wconf 80' lang='grc' dir='ltr'><strong>καὶ</strong></span> <span class='ocrx_word' id='word_1_670' title='bbox 357 4708 424 4758; x_wconf 87' lang='grc' dir='ltr'><strong>τὸ</strong></span> <span class='ocrx_word' id='word_1_671' title='bbox 469 4710 562 4756; x_wconf 85' lang='grc' dir='ltr'><strong>τοῦ</strong></span> <span class='ocrx_word' id='word_1_672' title='bbox 603 4709 825 4757; x_wconf 82' lang='grc' dir='ltr'><strong>Πινυτοῡ</strong></span> <span class='ocrx_word' id='word_1_673' title='bbox 854 4707 972 4776; x_wconf 87' lang='grc' dir='ltr'><strong>περὶ</strong></span> <span class='ocrx_word' id='word_1_674' title='bbox 1025 4706 1118 4761; x_wconf 82' lang='grc' dir='ltr'><strong>τὴν</strong></span> <span class='ocrx_word' id='word_1_675' title='bbox 1167 4699 1448 4775; x_wconf 79' lang='grc' dir='ltr'><strong>ὀρθόδοξον</strong></span> <span class='ocrx_word' id='word_1_676' title='bbox 1499 4709 1676 4757; x_wconf 91' lang='grc' dir='ltr'><strong>πίστιν</strong></span> 
     </span>
    </p>
   </div>
   <div class='ocr_carea' id='block_1_98' title="bbox 1867 4699 3459 4776">
    <p class='ocr_par' dir='ltr' id='par_1_98' title="bbox 1867 4699 3459 4771">
     <span class='ocr_line' id='line_1_98' title="bbox 1867 4699 3459 4771; baseline -0.003 -13"><span class='ocrx_word' id='word_1_677' title='bbox 1867 4720 1941 4758; x_wconf 84' lang='grc' dir='ltr'><strong>ιω</strong></span> <span class='ocrx_word' id='word_1_678' title='bbox 1972 4702 2051 4758; x_wconf 93' lang='lat' dir='ltr'><strong>ab</strong></span> <span class='ocrx_word' id='word_1_679' title='bbox 2089 4717 2160 4757; x_wconf 92' lang='lat' dir='ltr'><strong>eo</strong></span> <span class='ocrx_word' id='word_1_680' title='bbox 2194 4700 2549 4756; x_wconf 87' lang='lat' dir='ltr'><strong>maturiores</strong></span> <span class='ocrx_word' id='word_1_681' title='bbox 2589 4699 3004 4771; x_wconf 89' lang='lat' dir='ltr'><strong>ﬁrmioresque</strong></span> <span class='ocrx_word' id='word_1_682' title='bbox 3036 4702 3178 4770; x_wconf 87' lang='lat' dir='ltr'><strong>petit</strong></span> <span class='ocrx_word' id='word_1_683' title='bbox 3220 4699 3459 4766; x_wconf 88' lang='lat' dir='ltr'><strong>litteras,</strong></span> 
     </span>
    </p>
   </div>
   <div class='ocr_carea' id='block_1_99' title="bbox 84 4787 1676 4866">
    <p class='ocr_par' dir='ltr' id='par_1_99' title="bbox 84 4790 1675 4866">
     <span class='ocr_line' id='line_1_99' title="bbox 84 4790 1675 4866; baseline 0.002 -23"><span class='ocrx_word' id='word_1_684' title='bbox 84 4790 108 4843; x_wconf 77' lang='grc' dir='ltr'><strong>ό</strong></span> <span class='ocrx_word' id='word_1_685' title='bbox 151 4812 207 4846; x_wconf 89' lang='grc' dir='ltr'><strong>τε</strong></span> <span class='ocrx_word' id='word_1_686' title='bbox 244 4793 404 4866; x_wconf 83' lang='grc' dir='ltr'><strong>λόγος</strong></span> <span class='ocrx_word' id='word_1_687' title='bbox 455 4797 547 4845; x_wconf 80' lang='grc' dir='ltr'><strong>καὶ</strong></span> <span class='ocrx_word' id='word_1_688' title='bbox 603 4794 633 4850; x_wconf 86' lang='grc' dir='ltr'><strong>ἠ</strong></span> <span class='ocrx_word' id='word_1_689' title='bbox 696 4798 814 4866; x_wconf 83' lang='grc' dir='ltr'><strong>περὶ</strong></span> <span class='ocrx_word' id='word_1_690' title='bbox 862 4795 930 4845; x_wconf 80' lang='grc' dir='ltr'><strong>τὰ</strong></span> <span class='ocrx_word' id='word_1_691' title='bbox 972 4794 1085 4846; x_wconf 86' lang='grc' dir='ltr'><strong>θεῖα</strong></span> <span class='ocrx_word' id='word_1_692' title='bbox 1121 4794 1328 4853; x_wconf 87' lang='grc' dir='ltr'><strong>σύνεσις</strong></span> <span class='ocrx_word' id='word_1_693' title='bbox 1364 4798 1455 4846; x_wconf 80' lang='grc' dir='ltr'><strong>καὶ</strong></span> <span class='ocrx_word' id='word_1_694' title='bbox 1496 4797 1554 4846; x_wconf 90' lang='grc' dir='ltr'><strong>τό</strong></span> <span class='ocrx_word' id='word_1_695' title='bbox 1603 4803 1675 4846; x_wconf 92' lang='grc' dir='ltr'><strong>τῶ</strong></span> 
     </span>
    </p>
   </div>
   <div class='ocr_carea' id='block_1_100' title="bbox 1879 4787 3471 4866">
    <p class='ocr_par' dir='ltr' id='par_1_100' title="bbox 1879 4787 3471 4861">
     <span class='ocr_line' id='line_1_100' title="bbox 1879 4787 3471 4861; baseline -0.002 -14"><span class='ocrx_word' id='word_1_696' title='bbox 1879 4792 2038 4848; x_wconf 73' lang='lat' dir='ltr'><strong>tibus</strong></span> <span class='ocrx_word' id='word_1_697' title='bbox 2064 4790 2176 4846; x_wconf 88' lang='lat' dir='ltr'><strong>illis</strong></span> <span class='ocrx_word' id='word_1_698' title='bbox 2210 4790 2515 4846; x_wconf 91' lang='lat' dir='ltr'><strong>meliorem</strong></span> <span class='ocrx_word' id='word_1_699' title='bbox 2539 4788 3002 4860; x_wconf 89' lang='lat' dir='ltr'><strong>solidioremque</strong></span> <span class='ocrx_word' id='word_1_700' title='bbox 3023 4787 3225 4844; x_wconf 91' lang='lat' dir='ltr'><strong>cibum</strong></span> <span class='ocrx_word' id='word_1_701' title='bbox 3252 4789 3471 4861; x_wconf 80' lang='lat' dir='ltr'><strong>imper-</strong></span> 
     </span>
    </p>
   </div>
   <div class='ocr_carea' id='block_1_101' title="bbox 85 4877 1677 4956">
    <p class='ocr_par' dir='ltr' id='par_1_101' title="bbox 85 4878 1677 4956">
     <span class='ocr_line' id='line_1_101' title="bbox 85 4878 1677 4956; baseline 0.001 -24"><span class='ocrx_word' id='word_1_702' title='bbox 85 4881 331 4942; x_wconf 74' lang='grc' dir='ltr'><strong>ὑπηκόων</strong></span> <span class='ocrx_word' id='word_1_703' title='bbox 370 4882 629 4956; x_wconf 72' lang='grc' dir='ltr'><strong>ὠφέλιμον</strong></span> <span class='ocrx_word' id='word_1_704' title='bbox 687 4878 1075 4937; x_wconf 75' lang='grc' dir='ltr'><strong>δισδιίκνυται.</strong></span> <span class='ocrx_word' id='word_1_705' title='bbox 1139 4887 1240 4935; x_wconf 83' lang='grc' dir='ltr'><strong>Καὶ</strong></span> <span class='ocrx_word' id='word_1_706' title='bbox 1285 4889 1487 4950; x_wconf 79' lang='grc' dir='ltr'><strong>Σωτῆρι</strong></span> <span class='ocrx_word' id='word_1_707' title='bbox 1529 4878 1588 4935; x_wconf 69' lang='grc' dir='ltr'><strong>δὲ</strong></span> <span class='ocrx_word' id='word_1_708' title='bbox 1634 4901 1677 4952; x_wconf 67' lang='grc' dir='ltr'><strong>τι</strong></span> 
     </span>
    </p>
   </div>
   <div class='ocr_carea' id='block_1_102' title="bbox 1875 4877 3467 4956">
    <p class='ocr_par' dir='ltr' id='par_1_102' title="bbox 1875 4877 3467 4952">
     <span class='ocr_line' id='line_1_102' title="bbox 1875 4877 3467 4952; baseline -0.003 -15"><span class='ocrx_word' id='word_1_709' title='bbox 1875 4887 1940 4951; x_wconf 80' lang='grc' dir='ltr'><strong>ιι,</strong></span> <span class='ocrx_word' id='word_1_710' title='bbox 1990 4897 2064 4936; x_wconf 93' lang='lat' dir='ltr'><strong>ne</strong></span> <span class='ocrx_word' id='word_1_711' title='bbox 2114 4879 2441 4952; x_wconf 89' lang='lat' dir='ltr'><strong>puerilibus</strong></span> <span class='ocrx_word' id='word_1_712' title='bbox 2494 4879 2758 4933; x_wconf 89' lang='lat' dir='ltr'><strong>innutriti</strong></span> <span class='ocrx_word' id='word_1_713' title='bbox 2813 4877 3130 4944; x_wconf 89' lang='lat' dir='ltr'><strong>alimentis,</strong></span> <span class='ocrx_word' id='word_1_714' title='bbox 3188 4878 3248 4933; x_wconf 92' lang='lat' dir='ltr'><strong>in</strong></span> <span class='ocrx_word' id='word_1_715' title='bbox 3300 4878 3467 4934; x_wconf 91' lang='lat' dir='ltr'><strong>lactis</strong></span> 
     </span>
    </p>
   </div>
   <div class='ocr_carea' id='block_1_103' title="bbox 85 4966 1677 5046">
    <p class='ocr_par' dir='ltr' id='par_1_103' title="bbox 85 4970 1677 5046">
     <span class='ocr_line' id='line_1_103' title="bbox 85 4970 1677 5046; baseline -0.003 -19"><span class='ocrx_word' id='word_1_716' title='bbox 85 4978 178 5036; x_wconf 73' lang='grc' dir='ltr'><strong>τῆς</strong></span> <span class='ocrx_word' id='word_1_717' title='bbox 230 4971 446 5046; x_wconf 81' lang='grc' dir='ltr'><strong>Ῥώμης</strong></span> <span class='ocrx_word' id='word_1_718' title='bbox 501 4970 770 5043; x_wconf 79' lang='grc' dir='ltr'><strong>έπισκόπῳ</strong></span> <span class='ocrx_word' id='word_1_719' title='bbox 817 4971 975 5030; x_wconf 78' lang='grc' dir='ltr'><strong>ἄλλην</strong></span> <span class='ocrx_word' id='word_1_720' title='bbox 1034 4973 1346 5046; x_wconf 84' lang='grc' dir='ltr'><strong>ὑπαγορεύει</strong></span> <span class='ocrx_word' id='word_1_721' title='bbox 1403 4970 1677 5030; x_wconf 77' lang='grc' dir='ltr'><strong>ἕπιστολην</strong></span> 
     </span>
    </p>
   </div>
   <div class='ocr_carea' id='block_1_104' title="bbox 1875 4966 3467 5046">
    <p class='ocr_par' dir='ltr' id='par_1_104' title="bbox 1875 4966 3467 5038">
     <span class='ocr_line' id='line_1_104' title="bbox 1875 4966 3467 5038; baseline -0.003 -13"><span class='ocrx_word' id='word_1_722' title='bbox 1875 4969 2209 5025; x_wconf 77' lang='lat' dir='ltr'><strong>Jtricatione</strong></span> <span class='ocrx_word' id='word_1_723' title='bbox 2259 4972 2710 5024; x_wconf 83' lang='lat' dir='ltr'><strong>consanescant.</strong></span> <span class='ocrx_word' id='word_1_724' title='bbox 2762 4969 2869 5022; x_wconf 87' lang='lat' dir='ltr'><strong>Per</strong></span> <span class='ocrx_word' id='word_1_725' title='bbox 2907 4982 3097 5038; x_wconf 90' lang='lat' dir='ltr'><strong>quam</strong></span> <span class='ocrx_word' id='word_1_726' title='bbox 3145 4966 3467 5038; x_wconf 87' lang='lat' dir='ltr'><strong>epstolam,</strong></span> 
     </span>
    </p>
   </div>
   <div class='ocr_carea' id='block_1_105' title="bbox 83 5055 1675 5137">
    <p class='ocr_par' dir='ltr' id='par_1_105' title="bbox 83 5056 1674 5137">
     <span class='ocr_line' id='line_1_105' title="bbox 83 5056 1674 5137; baseline 0.001 -27"><span class='ocrx_word' id='word_1_727' title='bbox 83 5057 134 5122; x_wconf 69' lang='grc' dir='ltr'><strong>ἐξ</strong></span> <span class='ocrx_word' id='word_1_728' title='bbox 169 5060 231 5122; x_wconf 73' lang='grc' dir='ltr'><strong>ἧς</strong></span> <span class='ocrx_word' id='word_1_729' title='bbox 284 5057 508 5137; x_wconf 87' lang='grc' dir='ltr'><strong>βραχέα</strong></span> <span class='ocrx_word' id='word_1_730' title='bbox 545 5061 856 5135; x_wconf 78' lang='grc' dir='ltr'><strong>παραθεῖναι</strong></span> <span class='ocrx_word' id='word_1_731' title='bbox 896 5056 1104 5114; x_wconf 88' lang='grc' dir='ltr'><strong>δίκαιον</strong></span> <span class='ocrx_word' id='word_1_732' title='bbox 1140 5062 1348 5133; x_wconf 74' lang='grc' dir='ltr'><strong>ἥγημαι</strong></span> <span class='ocrx_word' id='word_1_733' title='bbox 1379 5073 1393 5090; x_wconf 90' lang='grc'><strong>·</strong></span> <span class='ocrx_word' id='word_1_734' title='bbox 1446 5058 1499 5123; x_wconf 84' lang='grc' dir='ltr'><strong>ίξ</strong></span> <span class='ocrx_word' id='word_1_735' title='bbox 1533 5060 1600 5111; x_wconf 81' lang='grc' dir='ltr'><strong>ὧν</strong></span> <span class='ocrx_word' id='word_1_736' title='bbox 1645 5078 1674 5111; x_wconf 89' lang='grc' dir='ltr'><strong>τ</strong></span> 
     </span>
    </p>
   </div>
   <div class='ocr_carea' id='block_1_106' title="bbox 1874 5055 3466 5137">
    <p class='ocr_par' dir='ltr' id='par_1_106' title="bbox 1874 5055 3466 5130">
     <span class='ocr_line' id='line_1_106' title="bbox 1874 5055 3466 5130; baseline -0.003 -15"><span class='ocrx_word' id='word_1_737' title='bbox 1874 5075 1940 5116; x_wconf 82' lang='grc' dir='ltr'><strong>&gt;ῑι</strong></span> <span class='ocrx_word' id='word_1_738' title='bbox 1971 5057 2154 5114; x_wconf 91' lang='lat' dir='ltr'><strong>modo</strong></span> <span class='ocrx_word' id='word_1_739' title='bbox 2180 5058 2420 5130; x_wconf 89' lang='lat' dir='ltr'><strong>Pinytus</strong></span> <span class='ocrx_word' id='word_1_740' title='bbox 2447 5057 2849 5114; x_wconf 81' lang='lat' dir='ltr'><strong>orthodoxam</strong></span> <span class='ocrx_word' id='word_1_741' title='bbox 2874 5062 3234 5128; x_wconf 88' lang='lat' dir='ltr'><strong>rectamque</strong></span> <span class='ocrx_word' id='word_1_742' title='bbox 3261 5055 3466 5127; x_wconf 87' lang='lat' dir='ltr'><strong>ﬁdem,</strong></span> 
     </span>
    </p>
   </div>
   <div class='ocr_carea' id='block_1_107' title="bbox 155 5233 3467 5318">
    <p class='ocr_par' dir='ltr' id='par_1_107' title="bbox 155 5233 3467 5318">
     <span class='ocr_line' id='line_1_107' title="bbox 155 5233 3467 5318; baseline -0.001 -26"><span class='ocrx_word' id='word_1_743' title='bbox 155 5236 237 5318; x_wconf 66' lang='grc' dir='ltr'><strong>(ί)</strong></span> <span class='ocrx_word' id='word_1_744' title='bbox 264 5236 349 5292; x_wconf 89' lang='lat' dir='ltr'><strong>De</strong></span> <span class='ocrx_word' id='word_1_745' title='bbox 379 5251 564 5318; x_wconf 59' lang='lat' dir='ltr'><strong>eriere</strong></span> <span class='ocrx_word' id='word_1_746' title='bbox 585 5235 898 5318; x_wconf 63' lang='lat' dir='ltr'><strong>caelibatus</strong></span> <span class='ocrx_word' id='word_1_747' title='bbox 918 5235 1050 5318; x_wconf 88' lang='lat' dir='ltr'><strong>_divi</strong></span> <span class='ocrx_word' id='word_1_748' title='bbox 1077 5236 1286 5318; x_wconf 82' lang='lat' dir='ltr'><strong>lgnatii</strong></span> <span class='ocrx_word' id='word_1_749' title='bbox 1308 5239 1548 5294; x_wconf 84' lang='lat' dir='ltr'><strong>exstant</strong></span> <span class='ocrx_word' id='word_1_750' title='bbox 1575 5252 1708 5318; x_wconf 88' lang='lat' dir='ltr'><strong>sen_-</strong></span> <span class='ocrx_word' id='word_1_751' title='bbox 1811 5235 2144 5318; x_wconf 69' lang='lat' dir='ltr'><strong>libidinem.</strong></span> <span class='ocrx_word' id='word_1_752' title='bbox 2182 5234 2502 5318; x_wconf 63' lang='lat' dir='ltr'><strong>Calibatus</strong></span> <span class='ocrx_word' id='word_1_753' title='bbox 2542 5235 2758 5318; x_wconf 29' lang='lat' dir='ltr'><strong>jug‘um</strong></span> <span class='ocrx_word' id='word_1_754' title='bbox 2802 5233 3028 5318; x_wconf 79' lang='lat' dir='ltr'><strong>nemini</strong></span> <span class='ocrx_word' id='word_1_755' title='bbox 3073 5233 3467 5318; x_wconf 73' lang='lat' dir='ltr'><strong>imposueris.</strong></span> 
     </span>
    </p>
   </div>
   <div class='ocr_carea' id='block_1_108' title="bbox 85 5307 3474 5390">
    <p class='ocr_par' dir='ltr' id='par_1_108' title="bbox 85 5307 3474 5390">
     <span class='ocr_line' id='line_1_108' title="bbox 85 5307 3474 5390; baseline 0 -28"><span class='ocrx_word' id='word_1_756' title='bbox 85 5307 289 5390; x_wconf 58' lang='lat' dir='ltr'><strong>lentim</strong></span> <span class='ocrx_word' id='word_1_757' title='bbox 311 5325 346 5390; x_wconf 75' lang='lat'><strong>_:_</strong></span> <span class='ocrx_word' id='word_1_758' title='bbox 381 5328 413 5360; x_wconf 82' lang='grc' dir='ltr'><strong>α</strong></span> <span class='ocrx_word' id='word_1_759' title='bbox 443 5309 496 5389; x_wconf 84' lang='lat' dir='ltr'><strong>S_i</strong></span> <span class='ocrx_word' id='word_1_760' title='bbox 524 5309 671 5390; x_wconf 40' lang='lat' dir='ltr'><strong>quis.</strong></span> <span class='ocrx_word' id='word_1_761' title='bbox 697 5312 894 5380; x_wconf 83' lang='lat' dir='ltr'><strong>potest</strong></span> <span class='ocrx_word' id='word_1_762' title='bbox 916 5308 975 5363; x_wconf 92' lang='lat' dir='ltr'><strong>in</strong></span> <span class='ocrx_word' id='word_1_763' title='bbox 1015 5307 1288 5390; x_wconf 72' lang='lat' dir='ltr'><strong>castitate</strong></span> <span class='ocrx_word' id='word_1_764' title='bbox 1329 5324 1590 5390; x_wconf 74' lang='lat' dir='ltr'><strong>manere,</strong></span> <span class='ocrx_word' id='word_1_765' title='bbox 1625 5309 1704 5364; x_wconf 92' lang='lat' dir='ltr'><strong>ob</strong></span> <span class='ocrx_word' id='word_1_766' title='bbox 1814 5310 1912 5390; x_wconf 80' lang='lat' dir='ltr'><strong>_Est</strong></span> <span class='ocrx_word' id='word_1_767' title='bbox 1938 5311 2098 5390; x_wconf 55' lang='lat' dir='ltr'><strong>enim</strong></span> <span class='ocrx_word' id='word_1_768' title='bbox 2125 5307 2580 5390; x_wconf 74' lang='lat' dir='ltr'><strong>respericulosa,</strong></span> <span class='ocrx_word' id='word_1_769' title='bbox 2613 5313 2670 5363; x_wconf 90' lang='lat' dir='ltr'><strong>et</strong></span> <span class='ocrx_word' id='word_1_770' title='bbox 2700 5307 3018 5390; x_wconf 71' lang='lat' dir='ltr'><strong>custodito,</strong></span> <span class='ocrx_word' id='word_1_771' title='bbox 3053 5323 3192 5362; x_wconf 90' lang='lat' dir='ltr'><strong>cum</strong></span> <span class='ocrx_word' id='word_1_772' title='bbox 3224 5308 3474 5390; x_wconf 50' lang='lat' dir='ltr'><strong>_obtipe-</strong></span> 
     </span>
    </p>
   </div>
   <div class='ocr_carea' id='block_1_109' title="bbox 83 5378 3469 5451">
    <p class='ocr_par' dir='ltr' id='par_1_109' title="bbox 83 5378 3469 5451">
     <span class='ocr_line' id='line_1_109' title="bbox 83 5378 3469 5451; baseline -0 -16"><span class='ocrx_word' id='word_1_773' title='bbox 83 5381 291 5435; x_wconf 89' lang='lat' dir='ltr'><strong>carnis</strong></span> <span class='ocrx_word' id='word_1_774' title='bbox 311 5378 640 5435; x_wconf 74' lang='lat' dir='ltr'><strong>Dominicae</strong></span> <span class='ocrx_word' id='word_1_775' title='bbox 657 5378 1556 5450; x_wconf 83' lang='lat' dir='ltr'><strong>honorem,citragloriationem</strong></span> <span class='ocrx_word' id='word_1_776' title='bbox 1583 5397 1712 5444; x_wconf 23' lang='lat' dir='ltr'><strong>ma-,</strong></span> <span class='ocrx_word' id='word_1_777' title='bbox 1814 5387 1927 5445; x_wconf 90' lang='lat' dir='ltr'><strong>tur,</strong></span> <span class='ocrx_word' id='word_1_778' title='bbox 1968 5378 2244 5444; x_wconf 83' lang='lat' dir='ltr'><strong>difﬁcilis,</strong></span> <span class='ocrx_word' id='word_1_779' title='bbox 2277 5379 2524 5451; x_wconf 85' lang='lat' dir='ltr'><strong>quando</strong></span> <span class='ocrx_word' id='word_1_780' title='bbox 2561 5395 2634 5434; x_wconf 83' lang='lat' dir='ltr'><strong>ex</strong></span> <span class='ocrx_word' id='word_1_781' title='bbox 2663 5381 3008 5434; x_wconf 89' lang='lat' dir='ltr'><strong>necessitate</strong></span> <span class='ocrx_word' id='word_1_782' title='bbox 3044 5388 3330 5434; x_wconf 85' lang='lat' dir='ltr'><strong>servatur.</strong></span> <span class='ocrx_word' id='word_1_783' title='bbox 3361 5378 3469 5434; x_wconf 83' lang='lat' dir='ltr'><strong>Ju-</strong></span> 
     </span>
    </p>
   </div>
   <div class='ocr_carea' id='block_1_110' title="bbox 83 5451 3470 5524">
    <p class='ocr_par' dir='ltr' id='par_1_110' title="bbox 83 5451 3470 5524">
     <span class='ocr_line' id='line_1_110' title="bbox 83 5451 3470 5524; baseline -0.001 -17"><span class='ocrx_word' id='word_1_784' title='bbox 83 5458 230 5524; x_wconf 81' lang='lat' dir='ltr'><strong>neat</strong></span> <span class='ocrx_word' id='word_1_785' title='bbox 258 5454 444 5524; x_wconf 80' lang='lat' dir='ltr'><strong>Decet</strong></span> <span class='ocrx_word' id='word_1_786' title='bbox 466 5459 665 5524; x_wconf 86' lang='lat' dir='ltr'><strong>autem</strong></span> <span class='ocrx_word' id='word_1_787' title='bbox 698 5451 1080 5524; x_wconf 85' lang='lat' dir='ltr'><strong>etnubentes</strong></span> <span class='ocrx_word' id='word_1_788' title='bbox 1106 5462 1163 5507; x_wconf 89' lang='lat' dir='ltr'><strong>et</strong></span> <span class='ocrx_word' id='word_1_789' title='bbox 1201 5458 1420 5523; x_wconf 82' lang='lat' dir='ltr'><strong>nuptas</strong></span> <span class='ocrx_word' id='word_1_790' title='bbox 1458 5453 1536 5507; x_wconf 90' lang='lat' dir='ltr'><strong>de</strong></span> <span class='ocrx_word' id='word_1_791' title='bbox 1576 5467 1704 5524; x_wconf 82' lang='lat' dir='ltr'><strong>sen-</strong></span> <span class='ocrx_word' id='word_1_792' title='bbox 1813 5452 2067 5508; x_wconf 87' lang='lat' dir='ltr'><strong>venibus</strong></span> <span class='ocrx_word' id='word_1_793' title='bbox 2126 5451 2366 5521; x_wconf 83' lang='lat' dir='ltr'><strong>nuptias</strong></span> <span class='ocrx_word' id='word_1_794' title='bbox 2404 5452 2709 5524; x_wconf 56' lang='lat' dir='ltr'><strong>permitte,</strong></span> <span class='ocrx_word' id='word_1_795' title='bbox 2738 5453 3091 5524; x_wconf 63' lang='lat' dir='ltr'><strong>priusquam</strong></span> <span class='ocrx_word' id='word_1_796' title='bbox 3130 5451 3470 5524; x_wconf 74' lang='lat' dir='ltr'><strong>meretricis</strong></span> 
     </span>
    </p>
   </div>
   <div class='ocr_carea' id='block_1_111' title="bbox 91 5521 3471 5595">
    <p class='ocr_par' dir='ltr' id='par_1_111' title="bbox 91 5521 3471 5595">
     <span class='ocr_line' id='line_1_111' title="bbox 91 5521 3471 5595; baseline 0.001 -19"><span class='ocrx_word' id='word_1_797' title='bbox 91 5523 277 5579; x_wconf 81' lang='lat' dir='ltr'><strong>lentia</strong></span> <span class='ocrx_word' id='word_1_798' title='bbox 307 5523 591 5595; x_wconf 84' lang='lat' dir='ltr'><strong>episcopi</strong></span> <span class='ocrx_word' id='word_1_799' title='bbox 629 5523 980 5593; x_wconf 89' lang='lat' dir='ltr'><strong>conjugium</strong></span> <span class='ocrx_word' id='word_1_800' title='bbox 1020 5521 1344 5588; x_wconf 82' lang='lat' dir='ltr'><strong>instituere,</strong></span> <span class='ocrx_word' id='word_1_801' title='bbox 1388 5528 1448 5579; x_wconf 91' lang='lat' dir='ltr'><strong>ut</strong></span> <span class='ocrx_word' id='word_1_802' title='bbox 1483 5521 1712 5595; x_wconf 66' lang='lat' dir='ltr'><strong>nuptias</strong></span> <span class='ocrx_word' id='word_1_803' title='bbox 1814 5524 2121 5580; x_wconf 89' lang='lat' dir='ltr'><strong>amoribus</strong></span> <span class='ocrx_word' id='word_1_804' title='bbox 2153 5521 2632 5595; x_wconf 75' lang='lat' dir='ltr'><strong>corrumpantur.</strong></span> <span class='ocrx_word' id='word_1_805' title='bbox 2666 5521 2754 5593; x_wconf 84' lang='lat' dir='ltr'><strong>(In</strong></span> <span class='ocrx_word' id='word_1_806' title='bbox 2785 5521 3205 5591; x_wconf 76' lang='lat' dir='ltr'><strong>Gnoinotogico</strong></span> <span class='ocrx_word' id='word_1_807' title='bbox 3235 5522 3471 5587; x_wconf 66' lang='lat' dir='ltr'><strong>Graeco,</strong></span> 
     </span>
    </p>
   </div>
   <div class='ocr_carea' id='block_1_112' title="bbox 82 5594 3476 5674">
    <p class='ocr_par' dir='ltr' id='par_1_112' title="bbox 82 5594 3476 5674">
     <span class='ocr_line' id='line_1_112' title="bbox 82 5594 3476 5674; baseline -0.008 -15"><span class='ocrx_word' id='word_1_808' title='bbox 82 5595 264 5668; x_wconf 72' lang='lat' dir='ltr'><strong>iam</strong></span> <span class='ocrx_word' id='word_1_809' title='bbox 291 5594 489 5656; x_wconf 69' lang='lat' dir='ltr'><strong>Deum</strong></span> <span class='ocrx_word' id='word_1_810' title='bbox 503 5595 966 5663; x_wconf 78' lang='lat' dir='ltr'><strong>contrahantur.</strong></span> <span class='ocrx_word' id='word_1_811' title='bbox 982 5609 1112 5674; x_wconf 76' lang='lat' dir='ltr'><strong>non</strong></span> <span class='ocrx_word' id='word_1_812' title='bbox 1128 5594 1714 5672; x_wconf 66' lang='lat' dir='ltr'><strong>secundumfmdain-</strong></span> <span class='ocrx_word' id='word_1_813' title='bbox 1819 5596 1994 5663; x_wconf 85' lang='lat' dir='ltr'><strong>lib._i,</strong></span> <span class='ocrx_word' id='word_1_814' title='bbox 2023 5610 2156 5668; x_wconf 88' lang='lat' dir='ltr'><strong>cap.</strong></span> <span class='ocrx_word' id='word_1_815' title='bbox 2193 5595 2286 5651; x_wconf 79' lang='grc'><strong>14.</strong></span> <span class='ocrx_word' id='word_1_816' title='bbox 2322 5594 2344 5671; x_wconf 89' lang='grc'><strong>)</strong></span> <span class='ocrx_word' id='word_1_817' title='bbox 2403 5594 2412 5595; x_wconf 53' lang='grc'><strong>“</strong></span> <span class='ocrx_word' id='word_1_818' title='bbox 3473 5621 3476 5624; x_wconf 89' lang='grc'><strong>.</strong></span> 
     </span>
    </p>
   </div>
  </div>
