  <div class='ocr_page' id='page_1' title='image "/cluster/home/n/w/nwhite01/storage/ocr_20150623/145/mdp.39015061167048/505.png"; bbox 0 0 4032 6282; ppageno 0'>
   <div class='ocr_carea' id='block_1_1' title="bbox 664 286 776 343">
    <p class='ocr_par' dir='ltr' id='par_1_1' title="bbox 664 286 776 343">
     <span class='ocr_line' id='line_1_1' title="bbox 664 286 776 343; baseline -0.009 0"><span class='ocrx_word' id='word_1_1' title='bbox 664 286 776 343; x_wconf 80' lang='lat'><strong>995</strong></span> 
     </span>
    </p>
   </div>
   <div class='ocr_carea' id='block_1_2' title="bbox 2001 279 3871 347">
    <p class='ocr_par' dir='ltr' id='par_1_2' title="bbox 2001 279 3871 347">
     <span class='ocr_line' id='line_1_2' title="bbox 2001 279 3871 347; baseline 0.005 -9"><span class='ocrx_word' id='word_1_2' title='bbox 2001 280 2396 341; x_wconf 83' lang='lat' dir='ltr'><strong>NlCEPHORI</strong></span> <span class='ocrx_word' id='word_1_3' title='bbox 2435 279 2761 340; x_wconf 69' lang='lat' dir='ltr'><strong>CALLISTI</strong></span> <span class='ocrx_word' id='word_1_4' title='bbox 3807 291 3871 347; x_wconf 75' lang='lat'><strong>996</strong></span> 
     </span>
    </p>
   </div>
   <div class='ocr_carea' id='block_1_3' title="bbox 663 404 2295 485">
    <p class='ocr_par' dir='ltr' id='par_1_3' title="bbox 663 407 2295 485">
     <span class='ocr_line' id='line_1_3' title="bbox 663 407 2295 485; baseline -0.002 -17"><span class='ocrx_word' id='word_1_5' title='bbox 663 413 770 469; x_wconf 90' lang='lat' dir='ltr'><strong>sed</strong></span> <span class='ocrx_word' id='word_1_6' title='bbox 784 410 1205 485; x_wconf 82' lang='lat' dir='ltr'><strong>eloquentiam,</strong></span> <span class='ocrx_word' id='word_1_7' title='bbox 1227 408 1618 482; x_wconf 89' lang='lat' dir='ltr'><strong>divinamque</strong></span> <span class='ocrx_word' id='word_1_8' title='bbox 1631 407 2013 481; x_wconf 91' lang='lat' dir='ltr'><strong>prudentiam</strong></span> <span class='ocrx_word' id='word_1_9' title='bbox 2037 412 2295 465; x_wconf 82' lang='lat' dir='ltr'><strong>etcuran</strong></span> 
     </span>
    </p>
   </div>
   <div class='ocr_carea' id='block_1_4' title="bbox 2403 404 3872 485">
    <p class='ocr_par' dir='ltr' id='par_1_4' title="bbox 2419 404 3872 482">
     <span class='ocr_line' id='line_1_4' title="bbox 2419 404 3872 482; baseline -0.001 -21"><span class='ocrx_word' id='word_1_10' title='bbox 2419 411 2584 481; x_wconf 74' lang='grc' dir='ltr'><strong>μέχρι</strong></span> <span class='ocrx_word' id='word_1_11' title='bbox 2633 414 2725 462; x_wconf 86' lang='grc' dir='ltr'><strong>τοῦ</strong></span> <span class='ocrx_word' id='word_1_12' title='bbox 2774 404 3013 481; x_wconf 83' lang='grc' dir='ltr'><strong>διωγμοῦ</strong></span> <span class='ocrx_word' id='word_1_13' title='bbox 3067 406 3432 482; x_wconf 64' lang='grc' dir='ltr'><strong>φυλαττόμενον</strong></span> <span class='ocrx_word' id='word_1_14' title='bbox 3479 408 3657 472; x_wconf 66' lang='grc' dir='ltr'><strong>ξκείνοις</strong></span> <span class='ocrx_word' id='word_1_15' title='bbox 3706 413 3787 474; x_wconf 64' lang='lat' dir='ltr'><strong>No;</strong></span> <span class='ocrx_word' id='word_1_16' title='bbox 3818 437 3872 468; x_wconf 69' lang='grc' dir='ltr'><strong>η.</strong></span> 
     </span>
    </p>
   </div>
   <div class='ocr_carea' id='block_1_5' title="bbox 663 497 2310 573">
    <p class='ocr_par' dir='ltr' id='par_1_5' title="bbox 663 497 2310 573">
     <span class='ocr_line' id='line_1_5' title="bbox 663 497 2310 573; baseline -0.002 -15"><span class='ocrx_word' id='word_1_17' title='bbox 663 516 1059 573; x_wconf 87' lang='lat' dir='ltr'><strong>suam,quam</strong></span> <span class='ocrx_word' id='word_1_18' title='bbox 1089 499 1164 555; x_wconf 92' lang='lat' dir='ltr'><strong>de</strong></span> <span class='ocrx_word' id='word_1_19' title='bbox 1190 498 1386 572; x_wconf 81' lang='lat' dir='ltr'><strong>gregis</strong></span> <span class='ocrx_word' id='word_1_20' title='bbox 1409 498 1499 554; x_wconf 90' lang='lat' dir='ltr'><strong>sui</strong></span> <span class='ocrx_word' id='word_1_21' title='bbox 1529 497 1797 570; x_wconf 89' lang='lat' dir='ltr'><strong>profectu</strong></span> <span class='ocrx_word' id='word_1_22' title='bbox 1825 501 1884 555; x_wconf 90' lang='lat' dir='ltr'><strong>et</strong></span> <span class='ocrx_word' id='word_1_23' title='bbox 1904 497 2150 555; x_wconf 79' lang='lat' dir='ltr'><strong>utilitate</strong></span> <span class='ocrx_word' id='word_1_24' title='bbox 2176 514 2310 570; x_wconf 89' lang='lat' dir='ltr'><strong>ges-</strong></span> 
     </span>
    </p>
   </div>
   <div class='ocr_carea' id='block_1_6' title="bbox 664 587 2313 660">
    <p class='ocr_par' dir='ltr' id='par_1_6' title="bbox 664 587 2313 660">
     <span class='ocr_line' id='line_1_6' title="bbox 664 587 2313 660; baseline -0.001 -14"><span class='ocrx_word' id='word_1_25' title='bbox 664 592 756 659; x_wconf 87' lang='lat' dir='ltr'><strong>sit,</strong></span> <span class='ocrx_word' id='word_1_26' title='bbox 785 590 931 646; x_wconf 83' lang='lat' dir='ltr'><strong>satis</strong></span> <span class='ocrx_word' id='word_1_27' title='bbox 960 587 1239 645; x_wconf 83' lang='lat' dir='ltr'><strong>declarat.</strong></span> <span class='ocrx_word' id='word_1_28' title='bbox 1275 587 1387 645; x_wconf 86' lang='lat' dir='ltr'><strong>Sed</strong></span> <span class='ocrx_word' id='word_1_29' title='bbox 1419 587 1496 644; x_wconf 90' lang='lat' dir='ltr'><strong>ad</strong></span> <span class='ocrx_word' id='word_1_30' title='bbox 1527 587 1795 644; x_wconf 92' lang='lat' dir='ltr'><strong>Soterem</strong></span> <span class='ocrx_word' id='word_1_31' title='bbox 1828 603 2069 660; x_wconf 87' lang='lat' dir='ltr'><strong>quoque</strong></span> <span class='ocrx_word' id='word_1_32' title='bbox 2099 590 2313 645; x_wconf 83' lang='lat' dir='ltr'><strong>Roma-</strong></span> 
     </span>
    </p>
   </div>
   <div class='ocr_carea' id='block_1_7' title="bbox 665 676 2310 751">
    <p class='ocr_par' dir='ltr' id='par_1_7' title="bbox 665 676 2310 751">
     <span class='ocr_line' id='line_1_7' title="bbox 665 676 2310 751; baseline -0.001 -15"><span class='ocrx_word' id='word_1_33' title='bbox 665 695 759 736; x_wconf 60' lang='lat' dir='ltr'><strong>nas</strong></span> <span class='ocrx_word' id='word_1_34' title='bbox 792 679 956 734; x_wconf 84' lang='lat' dir='ltr'><strong>urbis</strong></span> <span class='ocrx_word' id='word_1_35' title='bbox 986 678 1340 751; x_wconf 86' lang='lat' dir='ltr'><strong>episcopum</strong></span> <span class='ocrx_word' id='word_1_36' title='bbox 1362 676 1678 750; x_wconf 83' lang='lat' dir='ltr'><strong>epistolam</strong></span> <span class='ocrx_word' id='word_1_37' title='bbox 1707 677 1889 742; x_wconf 88' lang='lat' dir='ltr'><strong>dedit,</strong></span> <span class='ocrx_word' id='word_1_38' title='bbox 1922 693 1992 733; x_wconf 93' lang='lat' dir='ltr'><strong>ex</strong></span> <span class='ocrx_word' id='word_1_39' title='bbox 2023 693 2144 750; x_wconf 87' lang='lat' dir='ltr'><strong>qua</strong></span> <span class='ocrx_word' id='word_1_40' title='bbox 2173 694 2310 750; x_wconf 79' lang='lat' dir='ltr'><strong>per-</strong></span> 
     </span>
    </p>
   </div>
   <div class='ocr_carea' id='block_1_8' title="bbox 664 766 2308 844">
    <p class='ocr_par' dir='ltr' id='par_1_8' title="bbox 664 766 2308 844">
     <span class='ocr_line' id='line_1_8' title="bbox 664 766 2308 844; baseline -0.001 -19"><span class='ocrx_word' id='word_1_41' title='bbox 664 784 859 844; x_wconf 90' lang='lat' dir='ltr'><strong>pauca</strong></span> <span class='ocrx_word' id='word_1_42' title='bbox 932 766 1026 822; x_wconf 86' lang='lat' dir='ltr'><strong>hic</strong></span> <span class='ocrx_word' id='word_1_43' title='bbox 1092 766 1349 823; x_wconf 88' lang='lat' dir='ltr'><strong>inserere</strong></span> <span class='ocrx_word' id='word_1_44' title='bbox 1428 766 1668 839; x_wconf 87' lang='lat' dir='ltr'><strong>placuit,</strong></span> <span class='ocrx_word' id='word_1_45' title='bbox 1726 766 1801 821; x_wconf 89' lang='lat' dir='ltr'><strong>de</strong></span> <span class='ocrx_word' id='word_1_46' title='bbox 1875 768 2308 824; x_wconf 88' lang='lat' dir='ltr'><strong>consuetudine</strong></span> 
     </span>
    </p>
   </div>
   <div class='ocr_carea' id='block_1_9' title="bbox 660 855 2307 928">
    <p class='ocr_par' dir='ltr' id='par_1_9' title="bbox 660 855 2307 928">
     <span class='ocr_line' id='line_1_9' title="bbox 660 855 2307 928; baseline -0.002 -14"><span class='ocrx_word' id='word_1_47' title='bbox 660 857 1070 921; x_wconf 86' lang='lat' dir='ltr'><strong>ecclesiarum,</strong></span> <span class='ocrx_word' id='word_1_48' title='bbox 1094 872 1229 928; x_wconf 71' lang='lat' dir='ltr'><strong>quas</strong></span> <span class='ocrx_word' id='word_1_49' title='bbox 1252 870 1439 928; x_wconf 88' lang='lat' dir='ltr'><strong>usque</strong></span> <span class='ocrx_word' id='word_1_50' title='bbox 1463 855 1540 911; x_wconf 92' lang='lat' dir='ltr'><strong>ad</strong></span> <span class='ocrx_word' id='word_1_51' title='bbox 1563 855 2035 927; x_wconf 89' lang='lat' dir='ltr'><strong>persecutionem</strong></span> <span class='ocrx_word' id='word_1_52' title='bbox 2050 856 2307 913; x_wconf 90' lang='lat' dir='ltr'><strong>duravit.</strong></span> 
     </span>
    </p>
   </div>
   <div class='ocr_carea' id='block_1_10' title="bbox 660 944 2308 1017">
    <p class='ocr_par' dir='ltr' id='par_1_10' title="bbox 660 944 2308 1017">
     <span class='ocr_line' id='line_1_10' title="bbox 660 944 2308 1017; baseline 0 -13"><span class='ocrx_word' id='word_1_53' title='bbox 660 950 806 1004; x_wconf 89' lang='lat' dir='ltr'><strong>Eam</strong></span> <span class='ocrx_word' id='word_1_54' title='bbox 834 961 973 1002; x_wconf 94' lang='lat' dir='ltr'><strong>cum</strong></span> <span class='ocrx_word' id='word_1_55' title='bbox 998 946 1125 1017; x_wconf 89' lang='lat' dir='ltr'><strong>ipse</strong></span> <span class='ocrx_word' id='word_1_56' title='bbox 1154 960 1395 1017; x_wconf 92' lang='lat' dir='ltr'><strong>quoque</strong></span> <span class='ocrx_word' id='word_1_57' title='bbox 1423 945 1736 1017; x_wconf 86' lang='lat' dir='ltr'><strong>approbet,</strong></span> <span class='ocrx_word' id='word_1_58' title='bbox 1767 945 1848 1002; x_wconf 91' lang='lat' dir='ltr'><strong>ita</strong></span> <span class='ocrx_word' id='word_1_59' title='bbox 1876 944 2050 1003; x_wconf 82' lang='lat' dir='ltr'><strong>refert</strong></span> <span class='ocrx_word' id='word_1_60' title='bbox 2081 960 2095 1000; x_wconf 87' lang='lat'><strong>:</strong></span> <span class='ocrx_word' id='word_1_61' title='bbox 2127 948 2308 1003; x_wconf 74' lang='lat' dir='ltr'><strong>«1am</strong></span> 
     </span>
    </p>
   </div>
   <div class='ocr_carea' id='block_1_11' title="bbox 660 1033 2307 1099">
    <p class='ocr_par' dir='ltr' id='par_1_11' title="bbox 660 1033 2307 1099">
     <span class='ocr_line' id='line_1_11' title="bbox 660 1033 2307 1099; baseline -0.002 -5"><span class='ocrx_word' id='word_1_62' title='bbox 660 1037 799 1095; x_wconf 89' lang='lat' dir='ltr'><strong>inde</strong></span> <span class='ocrx_word' id='word_1_63' title='bbox 831 1034 908 1092; x_wconf 89' lang='lat' dir='ltr'><strong>ab</strong></span> <span class='ocrx_word' id='word_1_64' title='bbox 935 1035 1100 1090; x_wconf 90' lang='lat' dir='ltr'><strong>initio</strong></span> <span class='ocrx_word' id='word_1_65' title='bbox 1122 1034 1249 1090; x_wconf 60' lang='lat' dir='ltr'><strong>hec</strong></span> <span class='ocrx_word' id='word_1_66' title='bbox 1280 1033 1450 1090; x_wconf 84' lang='lat' dir='ltr'><strong>vobis</strong></span> <span class='ocrx_word' id='word_1_67' title='bbox 1480 1039 1568 1091; x_wconf 91' lang='lat' dir='ltr'><strong>est</strong></span> <span class='ocrx_word' id='word_1_68' title='bbox 1590 1034 1984 1099; x_wconf 86' lang='lat' dir='ltr'><strong>consuetudo,</strong></span> <span class='ocrx_word' id='word_1_69' title='bbox 2013 1039 2078 1090; x_wconf 93' lang='lat' dir='ltr'><strong>ut</strong></span> <span class='ocrx_word' id='word_1_70' title='bbox 2098 1034 2307 1092; x_wconf 84' lang='lat' dir='ltr'><strong>fratres</strong></span> 
     </span>
    </p>
   </div>
   <div class='ocr_carea' id='block_1_12' title="bbox 660 1122 2310 1194">
    <p class='ocr_par' dir='ltr' id='par_1_12' title="bbox 660 1122 2310 1194">
     <span class='ocr_line' id='line_1_12' title="bbox 660 1122 2310 1194; baseline -0.001 -12"><span class='ocrx_word' id='word_1_71' title='bbox 660 1140 872 1183; x_wconf 88' lang='lat' dir='ltr'><strong>omnes</strong></span> <span class='ocrx_word' id='word_1_72' title='bbox 921 1124 1090 1179; x_wconf 87' lang='lat' dir='ltr'><strong>vario</strong></span> <span class='ocrx_word' id='word_1_73' title='bbox 1139 1122 1565 1179; x_wconf 84' lang='lat' dir='ltr'><strong>beneﬁciorum</strong></span> <span class='ocrx_word' id='word_1_74' title='bbox 1622 1137 1837 1194; x_wconf 80' lang='lat' dir='ltr'><strong>genere</strong></span> <span class='ocrx_word' id='word_1_75' title='bbox 1892 1122 2164 1180; x_wconf 80' lang='lat' dir='ltr'><strong>afﬁciatis</strong></span> <span class='ocrx_word' id='word_1_76' title='bbox 2200 1141 2214 1179; x_wconf 89' lang='lat'><strong>:</strong></span> <span class='ocrx_word' id='word_1_77' title='bbox 2252 1128 2310 1181; x_wconf 89' lang='lat' dir='ltr'><strong>et</strong></span> 
     </span>
    </p>
   </div>
   <div class='ocr_carea' id='block_1_13' title="bbox 659 1212 2309 1284">
    <p class='ocr_par' dir='ltr' id='par_1_13' title="bbox 659 1212 2309 1284">
     <span class='ocr_line' id='line_1_13' title="bbox 659 1212 2309 1284; baseline -0.002 -12"><span class='ocrx_word' id='word_1_78' title='bbox 659 1213 926 1272; x_wconf 88' lang='lat' dir='ltr'><strong>ecclesiis</strong></span> <span class='ocrx_word' id='word_1_79' title='bbox 957 1212 1175 1278; x_wconf 85' lang='lat' dir='ltr'><strong>multis,</strong></span> <span class='ocrx_word' id='word_1_80' title='bbox 1208 1228 1345 1284; x_wconf 72' lang='lat' dir='ltr'><strong>qua:</strong></span> <span class='ocrx_word' id='word_1_81' title='bbox 1368 1213 1599 1284; x_wconf 90' lang='lat' dir='ltr'><strong>passim</strong></span> <span class='ocrx_word' id='word_1_82' title='bbox 1623 1212 1837 1268; x_wconf 91' lang='lat' dir='ltr'><strong>suntin</strong></span> <span class='ocrx_word' id='word_1_83' title='bbox 1866 1212 2143 1279; x_wconf 91' lang='lat' dir='ltr'><strong>urbibus,</strong></span> <span class='ocrx_word' id='word_1_84' title='bbox 2178 1213 2309 1269; x_wconf 86' lang='lat' dir='ltr'><strong>sub-</strong></span> 
     </span>
    </p>
   </div>
   <div class='ocr_carea' id='block_1_14' title="bbox 658 1300 2308 1373">
    <p class='ocr_par' dir='ltr' id='par_1_14' title="bbox 658 1300 2308 1373">
     <span class='ocr_line' id='line_1_14' title="bbox 658 1300 2308 1373; baseline 0.001 -14"><span class='ocrx_word' id='word_1_85' title='bbox 658 1303 872 1360; x_wconf 90' lang='lat' dir='ltr'><strong>sidium</strong></span> <span class='ocrx_word' id='word_1_86' title='bbox 889 1300 1130 1358; x_wconf 88' lang='lat' dir='ltr'><strong>mittatis</strong></span> <span class='ocrx_word' id='word_1_87' title='bbox 1163 1317 1176 1356; x_wconf 91' lang='lat'><strong>:</strong></span> <span class='ocrx_word' id='word_1_88' title='bbox 1204 1316 1309 1373; x_wconf 89' lang='lat' dir='ltr'><strong>per</strong></span> <span class='ocrx_word' id='word_1_89' title='bbox 1337 1301 1504 1373; x_wconf 88' lang='lat' dir='ltr'><strong>quod</strong></span> <span class='ocrx_word' id='word_1_90' title='bbox 1521 1300 1885 1372; x_wconf 90' lang='lat' dir='ltr'><strong>jamdudum</strong></span> <span class='ocrx_word' id='word_1_91' title='bbox 1905 1306 2308 1373; x_wconf 89' lang='lat' dir='ltr'><strong>etegenorum</strong></span> 
     </span>
    </p>
   </div>
   <div class='ocr_carea' id='block_1_15' title="bbox 658 1390 2306 1467">
    <p class='ocr_par' dir='ltr' id='par_1_15' title="bbox 658 1390 2306 1467">
     <span class='ocr_line' id='line_1_15' title="bbox 658 1390 2306 1467; baseline 0 -17"><span class='ocrx_word' id='word_1_92' title='bbox 658 1394 974 1467; x_wconf 88' lang='lat' dir='ltr'><strong>penuriam</strong></span> <span class='ocrx_word' id='word_1_93' title='bbox 1022 1391 1320 1454; x_wconf 88' lang='lat' dir='ltr'><strong>recreatis,</strong></span> <span class='ocrx_word' id='word_1_94' title='bbox 1371 1394 1427 1447; x_wconf 91' lang='lat' dir='ltr'><strong>et</strong></span> <span class='ocrx_word' id='word_1_95' title='bbox 1474 1390 1681 1447; x_wconf 86' lang='lat' dir='ltr'><strong>fratres</strong></span> <span class='ocrx_word' id='word_1_96' title='bbox 1734 1390 1795 1446; x_wconf 93' lang='lat' dir='ltr'><strong>in</strong></span> <span class='ocrx_word' id='word_1_97' title='bbox 1843 1390 2100 1447; x_wconf 84' lang='lat' dir='ltr'><strong>metallis</strong></span> <span class='ocrx_word' id='word_1_98' title='bbox 2151 1407 2306 1466; x_wconf 92' lang='lat' dir='ltr'><strong>opus</strong></span> 
     </span>
    </p>
   </div>
   <div class='ocr_carea' id='block_1_16' title="bbox 655 1479 2307 1553">
    <p class='ocr_par' dir='ltr' id='par_1_16' title="bbox 655 1479 2307 1553">
     <span class='ocr_line' id='line_1_16' title="bbox 655 1479 2307 1553; baseline -0.001 -14"><span class='ocrx_word' id='word_1_99' title='bbox 655 1483 937 1539; x_wconf 85' lang='lat' dir='ltr'><strong>facientes</strong></span> <span class='ocrx_word' id='word_1_100' title='bbox 966 1479 1253 1543; x_wconf 87' lang='lat' dir='ltr'><strong>allevatis,</strong></span> <span class='ocrx_word' id='word_1_101' title='bbox 1278 1494 1629 1551; x_wconf 87' lang='lat' dir='ltr'><strong>moremque</strong></span> <span class='ocrx_word' id='word_1_102' title='bbox 1652 1482 1988 1537; x_wconf 85' lang='lat' dir='ltr'><strong>Romanum</strong></span> <span class='ocrx_word' id='word_1_103' title='bbox 2006 1496 2044 1537; x_wconf 92' lang='lat' dir='ltr'><strong>a</strong></span> <span class='ocrx_word' id='word_1_104' title='bbox 2065 1482 2307 1553; x_wconf 83' lang='lat' dir='ltr'><strong>majori-</strong></span> 
     </span>
    </p>
   </div>
   <div class='ocr_carea' id='block_1_17' title="bbox 653 1568 2303 1643">
    <p class='ocr_par' dir='ltr' id='par_1_17' title="bbox 653 1568 2303 1643">
     <span class='ocr_line' id='line_1_17' title="bbox 653 1568 2303 1643; baseline 0 -15"><span class='ocrx_word' id='word_1_105' title='bbox 653 1571 771 1629; x_wconf 88' lang='lat' dir='ltr'><strong>bus</strong></span> <span class='ocrx_word' id='word_1_106' title='bbox 791 1578 1102 1643; x_wconf 87' lang='lat' dir='ltr'><strong>acceptum</strong></span> <span class='ocrx_word' id='word_1_107' title='bbox 1141 1568 1392 1624; x_wconf 84' lang='lat' dir='ltr'><strong>Romani</strong></span> <span class='ocrx_word' id='word_1_108' title='bbox 1424 1568 1703 1625; x_wconf 83' lang='lat' dir='ltr'><strong>retinetis.</strong></span> <span class='ocrx_word' id='word_1_109' title='bbox 1737 1569 1925 1635; x_wconf 82' lang='lat' dir='ltr'><strong>Quem</strong></span> <span class='ocrx_word' id='word_1_110' title='bbox 1964 1584 2084 1625; x_wconf 91' lang='lat' dir='ltr'><strong>non</strong></span> <span class='ocrx_word' id='word_1_111' title='bbox 2118 1572 2303 1629; x_wconf 92' lang='lat' dir='ltr'><strong>modo</strong></span> 
     </span>
    </p>
   </div>
   <div class='ocr_carea' id='block_1_18' title="bbox 653 1656 2302 1732">
    <p class='ocr_par' dir='ltr' id='par_1_18' title="bbox 653 1656 2302 1732">
     <span class='ocr_line' id='line_1_18' title="bbox 653 1656 2302 1732; baseline -0.001 -14"><span class='ocrx_word' id='word_1_112' title='bbox 653 1660 1046 1725; x_wconf 86' lang='lat' dir='ltr'><strong>conservavit,</strong></span> <span class='ocrx_word' id='word_1_113' title='bbox 1079 1658 1183 1713; x_wconf 92' lang='lat' dir='ltr'><strong>sed</strong></span> <span class='ocrx_word' id='word_1_114' title='bbox 1214 1656 1459 1713; x_wconf 85' lang='lat' dir='ltr'><strong>adauxit</strong></span> <span class='ocrx_word' id='word_1_115' title='bbox 1497 1656 1699 1724; x_wconf 88' lang='lat' dir='ltr'><strong>etiam,</strong></span> <span class='ocrx_word' id='word_1_116' title='bbox 1740 1657 1952 1714; x_wconf 89' lang='lat' dir='ltr'><strong>beatus</strong></span> <span class='ocrx_word' id='word_1_117' title='bbox 1982 1659 2302 1732; x_wconf 86' lang='lat' dir='ltr'><strong>episcopus</strong></span> 
     </span>
    </p>
   </div>
   <div class='ocr_carea' id='block_1_19' title="bbox 2416 494 3874 574">
    <p class='ocr_par' dir='ltr' id='par_1_19' title="bbox 2416 494 3874 574">
     <span class='ocr_line' id='line_1_19' title="bbox 2416 494 3874 574; baseline -0.001 -22"><span class='ocrx_word' id='word_1_118' title='bbox 2416 500 2682 574; x_wconf 84' lang='grc' dir='ltr'><strong>ρίστᾶται.</strong></span> <span class='ocrx_word' id='word_1_119' title='bbox 2736 497 2807 552; x_wconf 76' lang='grc' dir='ltr'>Ὀ</span> <span class='ocrx_word' id='word_1_120' title='bbox 2852 503 2941 552; x_wconf 75' lang='grc' dir='ltr'><strong>καὶ</strong></span> <span class='ocrx_word' id='word_1_121' title='bbox 2972 494 3247 571; x_wconf 77' lang='grc' dir='ltr'><strong>ἀποδοχῆς</strong></span> <span class='ocrx_word' id='word_1_122' title='bbox 3304 498 3474 568; x_wconf 79' lang='grc' dir='ltr'><strong>ἀξιῶν,</strong></span> <span class='ocrx_word' id='word_1_123' title='bbox 3500 502 3665 555; x_wconf 74' lang='grc' dir='ltr'><strong>οὑτωσί</strong></span> <span class='ocrx_word' id='word_1_124' title='bbox 3686 521 3766 563; x_wconf 78' lang='grc' dir='ltr'><strong>πως</strong></span> <span class='ocrx_word' id='word_1_125' title='bbox 3792 500 3874 568; x_wconf 74' lang='grc' dir='ltr'><strong>διιξ.</strong></span> 
     </span>
    </p>
   </div>
   <div class='ocr_carea' id='block_1_20' title="bbox 2418 587 3931 662">
    <p class='ocr_par' dir='ltr' id='par_1_20' title="bbox 2418 587 3931 662">
     <span class='ocr_line' id='line_1_20' title="bbox 2418 587 3931 662; baseline 0.003 -21"><span class='ocrx_word' id='word_1_126' title='bbox 2418 604 2592 642; x_wconf 84' lang='grc' dir='ltr'><strong>εισιν⁶</strong></span> <span class='ocrx_word' id='word_1_127' title='bbox 2644 611 2674 640; x_wconf 81' lang='grc' dir='ltr'><strong>ι(</strong></span> <span class='ocrx_word' id='word_1_128' title='bbox 2726 587 2816 651; x_wconf 81' lang='grc' dir='ltr'><strong>Ἐξ</strong></span> <span class='ocrx_word' id='word_1_129' title='bbox 2862 587 3038 662; x_wconf 83' lang='grc' dir='ltr'><strong>ἀρχῆς</strong></span> <span class='ocrx_word' id='word_1_130' title='bbox 3065 589 3164 662; x_wconf 82' lang='grc' dir='ltr'><strong>γὰρ</strong></span> <span class='ocrx_word' id='word_1_131' title='bbox 3214 590 3336 661; x_wconf 77' lang='grc' dir='ltr'><strong>ὑμῖν</strong></span> <span class='ocrx_word' id='word_1_132' title='bbox 3385 590 3489 650; x_wconf 78' lang='grc' dir='ltr'><strong>ἔθος</strong></span> <span class='ocrx_word' id='word_1_133' title='bbox 3514 587 3615 643; x_wconf 78' lang='grc' dir='ltr'><strong>ίστὶ</strong></span> <span class='ocrx_word' id='word_1_134' title='bbox 3650 598 3782 657; x_wconf 81' lang='grc' dir='ltr'><strong>τοῦτο,</strong></span> <span class='ocrx_word' id='word_1_135' title='bbox 3802 598 3874 645; x_wconf 68' lang='grc' dir='ltr'><strong>τὸν·</strong></span> <span class='ocrx_word' id='word_1_136' title='bbox 3928 620 3931 662; x_wconf 50' lang='grc' dir='ltr'><em>λ</em></span> 
     </span>
    </p>
   </div>
   <div class='ocr_carea' id='block_1_21' title="bbox 2416 672 3874 750">
    <p class='ocr_par' dir='ltr' id='par_1_21' title="bbox 2416 672 3874 750">
     <span class='ocr_line' id='line_1_21' title="bbox 2416 672 3874 750; baseline 0.001 -19"><span class='ocrx_word' id='word_1_137' title='bbox 2416 697 2508 741; x_wconf 86' lang='grc' dir='ltr'><strong>τας</strong></span> <span class='ocrx_word' id='word_1_138' title='bbox 2566 679 2656 750; x_wconf 67' lang='grc' dir='ltr'><strong>μεν</strong></span> <span class='ocrx_word' id='word_1_139' title='bbox 2710 672 2961 749; x_wconf 71' lang='grc' dir='ltr'><strong>ἀδελφοὺς</strong></span> <span class='ocrx_word' id='word_1_140' title='bbox 3021 676 3268 739; x_wconf 75' lang='grc' dir='ltr'><strong>ποικίλως</strong></span> <span class='ocrx_word' id='word_1_141' title='bbox 3333 676 3586 750; x_wconf 74' lang='grc' dir='ltr'><strong>εὐεργετεῖν</strong></span> <span class='ocrx_word' id='word_1_142' title='bbox 3614 694 3625 707; x_wconf 91' lang='grc'><strong>·</strong></span> <span class='ocrx_word' id='word_1_143' title='bbox 3675 678 3874 744; x_wconf 54' lang='lat' dir='ltr'><strong>ﬁducia;</strong></span> 
     </span>
    </p>
   </div>
   <div class='ocr_carea' id='block_1_22' title="bbox 2416 762 3872 841">
    <p class='ocr_par' dir='ltr' id='par_1_22' title="bbox 2416 762 3872 841">
     <span class='ocr_line' id='line_1_22' title="bbox 2416 762 3872 841; baseline 0.002 -21"><span class='ocrx_word' id='word_1_144' title='bbox 2416 786 2471 820; x_wconf 92' lang='grc' dir='ltr'><strong>τε</strong></span> <span class='ocrx_word' id='word_1_145' title='bbox 2507 766 2716 827; x_wconf 82' lang='grc' dir='ltr'><strong>πολλαῖς</strong></span> <span class='ocrx_word' id='word_1_146' title='bbox 2762 772 2877 828; x_wconf 88' lang='grc' dir='ltr'><strong>ταῖς</strong></span> <span class='ocrx_word' id='word_1_147' title='bbox 2927 769 3064 819; x_wconf 77' lang='grc' dir='ltr'><strong>κατά</strong></span> <span class='ocrx_word' id='word_1_148' title='bbox 3116 772 3291 819; x_wconf 84' lang='grc' dir='ltr'><strong>πᾶσαν</strong></span> <span class='ocrx_word' id='word_1_149' title='bbox 3346 766 3486 819; x_wconf 76' lang='grc' dir='ltr'><strong>πόλιν</strong></span> <span class='ocrx_word' id='word_1_150' title='bbox 3522 762 3681 839; x_wconf 70' lang='grc' dir='ltr'><strong>ίφόδια</strong></span> <span class='ocrx_word' id='word_1_151' title='bbox 3709 774 3872 841; x_wconf 70' lang='grc' dir='ltr'><strong>πίμτωι</strong></span> 
     </span>
    </p>
   </div>
   <div class='ocr_carea' id='block_1_23' title="bbox 2416 852 3873 929">
    <p class='ocr_par' dir='ltr' id='par_1_23' title="bbox 2416 852 3873 929">
     <span class='ocr_line' id='line_1_23' title="bbox 2416 852 3873 929; baseline 0.003 -22"><span class='ocrx_word' id='word_1_152' title='bbox 2416 852 2521 909; x_wconf 85' lang='grc' dir='ltr'><strong>ὧδε</strong></span> <span class='ocrx_word' id='word_1_153' title='bbox 2566 860 2656 929; x_wconf 69' lang='grc' dir='ltr'><strong>μεν</strong></span> <span class='ocrx_word' id='word_1_154' title='bbox 2694 860 2788 915; x_wconf 78' lang='grc' dir='ltr'><strong>τήν</strong></span> <span class='ocrx_word' id='word_1_155' title='bbox 2840 864 2941 908; x_wconf 85' lang='grc' dir='ltr'><strong>τῶν</strong></span> <span class='ocrx_word' id='word_1_156' title='bbox 2995 852 3247 927; x_wconf 77' lang='grc' dir='ltr'><strong>δεομένων</strong></span> <span class='ocrx_word' id='word_1_157' title='bbox 3304 860 3471 909; x_wconf 92' lang='grc' dir='ltr'><strong>πενίαν</strong></span> <span class='ocrx_word' id='word_1_158' title='bbox 3517 854 3873 928; x_wconf 45' lang='lat' dir='ltr'><strong>taetricum.</strong></span> 
     </span>
    </p>
   </div>
   <div class='ocr_carea' id='block_1_24' title="bbox 2415 942 3931 1022">
    <p class='ocr_par' dir='ltr' id='par_1_24' title="bbox 2415 942 3931 1022">
     <span class='ocr_line' id='line_1_24' title="bbox 2415 942 3931 1022; baseline 0.001 -23"><span class='ocrx_word' id='word_1_159' title='bbox 2415 944 2689 1017; x_wconf 77' lang='grc' dir='ltr'><strong>μετάλλοις</strong></span> <span class='ocrx_word' id='word_1_160' title='bbox 2736 942 2795 998; x_wconf 64' lang='grc' dir='ltr'><strong>δι</strong></span> <span class='ocrx_word' id='word_1_161' title='bbox 2847 942 3091 1018; x_wconf 72' lang='grc' dir='ltr'><strong>ἀδελφοῖς</strong></span> <span class='ocrx_word' id='word_1_162' title='bbox 3147 946 3478 1020; x_wconf 79' lang='grc' dir='ltr'><strong>ὑπάρχουσιν</strong></span> <span class='ocrx_word' id='word_1_163' title='bbox 3530 944 3871 1022; x_wconf 70' lang='grc' dir='ltr'><strong>ίπιχορηγοῦντις,</strong></span> <span class='ocrx_word' id='word_1_164' title='bbox 3930 942 3931 1011; x_wconf 55' lang='grc' dir='ltr'><strong>ἶ</strong></span> 
     </span>
    </p>
   </div>
   <div class='ocr_carea' id='block_1_25' title="bbox 2418 1030 3869 1110">
    <p class='ocr_par' dir='ltr' id='par_1_25' title="bbox 2418 1030 3869 1110">
     <span class='ocr_line' id='line_1_25' title="bbox 2418 1030 3869 1110; baseline 0.002 -24"><span class='ocrx_word' id='word_1_165' title='bbox 2418 1030 2491 1087; x_wconf 87' lang='grc' dir='ltr'><strong>δι’</strong></span> <span class='ocrx_word' id='word_1_166' title='bbox 2539 1034 2606 1087; x_wconf 80' lang='grc' dir='ltr'>ὧν</span> <span class='ocrx_word' id='word_1_167' title='bbox 2658 1038 2884 1107; x_wconf 82' lang='grc' dir='ltr'><strong>πέμπετε</strong></span> <span class='ocrx_word' id='word_1_168' title='bbox 2936 1032 3169 1107; x_wconf 82' lang='grc' dir='ltr'><strong>ἀρχῆθεν</strong></span> <span class='ocrx_word' id='word_1_169' title='bbox 3221 1031 3436 1108; x_wconf 76' lang='grc' dir='ltr'><strong>ἐφοδίων</strong></span> <span class='ocrx_word' id='word_1_170' title='bbox 3467 1054 3479 1068; x_wconf 92' lang='grc'><strong>·</strong></span> <span class='ocrx_word' id='word_1_171' title='bbox 3534 1034 3869 1110; x_wconf 74' lang='grc' dir='ltr'><strong>πατροπαράδοτσι</strong></span> 
     </span>
    </p>
   </div>
   <div class='ocr_carea' id='block_1_26' title="bbox 2415 1123 3871 1198">
    <p class='ocr_par' dir='ltr' id='par_1_26' title="bbox 2415 1123 3871 1198">
     <span class='ocr_line' id='line_1_26' title="bbox 2415 1123 3871 1198; baseline 0 -20"><span class='ocrx_word' id='word_1_172' title='bbox 2415 1125 2529 1187; x_wconf 77' lang='grc' dir='ltr'><strong>ἔθος</strong></span> <span class='ocrx_word' id='word_1_173' title='bbox 2586 1124 2849 1197; x_wconf 86' lang='grc' dir='ltr'><strong>Ῥωμαίων</strong></span> <span class='ocrx_word' id='word_1_174' title='bbox 2907 1123 3152 1196; x_wconf 77' lang='grc' dir='ltr'><strong>Ῥωμαῖοι</strong></span> <span class='ocrx_word' id='word_1_175' title='bbox 3207 1124 3529 1197; x_wconf 77' lang='grc' dir='ltr'><strong>φυλάττοντες</strong></span> <span class='ocrx_word' id='word_1_176' title='bbox 3556 1145 3571 1160; x_wconf 75' lang='grc' dir='ltr'><strong>ο</strong></span> <span class='ocrx_word' id='word_1_177' title='bbox 3634 1127 3657 1178; x_wconf 86' lang='grc' dir='ltr'><strong><em>ὅ</em></strong></span> <span class='ocrx_word' id='word_1_178' title='bbox 3696 1124 3759 1190; x_wconf 76' lang='grc' dir='ltr'><strong>οὗ,</strong></span> <span class='ocrx_word' id='word_1_179' title='bbox 3791 1132 3871 1198; x_wconf 68' lang='grc' dir='ltr'><strong>μόνω</strong></span> 
     </span>
    </p>
   </div>
   <div class='ocr_carea' id='block_1_27' title="bbox 2416 1208 3873 1289">
    <p class='ocr_par' dir='ltr' id='par_1_27' title="bbox 2416 1208 3873 1289">
     <span class='ocr_line' id='line_1_27' title="bbox 2416 1208 3873 1289; baseline 0 -23"><span class='ocrx_word' id='word_1_180' title='bbox 2416 1208 2791 1289; x_wconf 74' lang='grc' dir='ltr'><strong>διατετήρηκεν</strong></span> <span class='ocrx_word' id='word_1_181' title='bbox 2847 1215 2874 1266; x_wconf 87' lang='grc' dir='ltr'><strong><em>ὁ</em></strong></span> <span class='ocrx_word' id='word_1_182' title='bbox 2949 1215 3205 1287; x_wconf 80' lang='grc' dir='ltr'><strong>μακάρίος</strong></span> <span class='ocrx_word' id='word_1_183' title='bbox 3262 1216 3400 1287; x_wconf 79' lang='grc' dir='ltr'><strong>ὑμῶν</strong></span> <span class='ocrx_word' id='word_1_184' title='bbox 3451 1215 3705 1278; x_wconf 73' lang='grc' dir='ltr'><strong>ἐπίσκοπος</strong></span> <span class='ocrx_word' id='word_1_185' title='bbox 3758 1222 3873 1287; x_wconf 59' lang='grc' dir='ltr'><strong>Σωτήρ,</strong></span> 
     </span>
    </p>
   </div>
   <div class='ocr_carea' id='block_1_28' title="bbox 2416 1300 3874 1379">
    <p class='ocr_par' dir='ltr' id='par_1_28' title="bbox 2416 1300 3874 1379">
     <span class='ocr_line' id='line_1_28' title="bbox 2416 1300 3874 1379; baseline 0.003 -25"><span class='ocrx_word' id='word_1_186' title='bbox 2416 1300 2544 1357; x_wconf 82' lang='grc' dir='ltr'><strong>ἀλλά</strong></span> <span class='ocrx_word' id='word_1_187' title='bbox 2596 1308 2685 1357; x_wconf 79' lang='grc' dir='ltr'><strong>καὶ</strong></span> <span class='ocrx_word' id='word_1_188' title='bbox 2739 1303 2981 1369; x_wconf 79' lang='grc' dir='ltr'><strong>ηὔξηκεν,</strong></span> <span class='ocrx_word' id='word_1_189' title='bbox 3039 1303 3375 1379; x_wconf 72' lang='grc' dir='ltr'><strong>ἐπιχορηγῶν</strong></span> <span class='ocrx_word' id='word_1_190' title='bbox 3554 1308 3638 1364; x_wconf 74' lang='grc' dir='ltr'><strong>τὴν</strong></span> <span class='ocrx_word' id='word_1_191' title='bbox 3681 1300 3874 1376; x_wconf 69' lang='grc' dir='ltr'><strong>διαπεμπ-</strong></span> 
     </span>
    </p>
   </div>
   <div class='ocr_carea' id='block_1_29' title="bbox 2413 1389 3876 1465">
    <p class='ocr_par' dir='ltr' id='par_1_29' title="bbox 2413 1389 3876 1465">
     <span class='ocr_line' id='line_1_29' title="bbox 2413 1389 3876 1465; baseline 0.001 -21"><span class='ocrx_word' id='word_1_192' title='bbox 2413 1396 2569 1464; x_wconf 75' lang='grc' dir='ltr'><strong>μίνην</strong></span> <span class='ocrx_word' id='word_1_193' title='bbox 2609 1389 2884 1463; x_wconf 73' lang='grc' dir='ltr'><strong>δαψίλειαν</strong></span> <span class='ocrx_word' id='word_1_194' title='bbox 2912 1396 3006 1451; x_wconf 75' lang='grc' dir='ltr'><strong>τήν</strong></span> <span class='ocrx_word' id='word_1_195' title='bbox 3054 1392 3125 1455; x_wconf 89' lang='grc' dir='ltr'><strong>εἰς</strong></span> <span class='ocrx_word' id='word_1_196' title='bbox 3177 1396 3297 1456; x_wconf 81' lang='grc' dir='ltr'><strong>τοὺς</strong></span> <span class='ocrx_word' id='word_1_197' title='bbox 3334 1392 3531 1465; x_wconf 78' lang='grc' dir='ltr'><strong>ἁγίους,</strong></span> <span class='ocrx_word' id='word_1_198' title='bbox 3586 1393 3733 1465; x_wconf 83' lang='grc' dir='ltr'><strong>λόγοις</strong></span> <span class='ocrx_word' id='word_1_199' title='bbox 3762 1390 3876 1464; x_wconf 58' lang='lat' dir='ltr'><strong>drya-</strong></span> 
     </span>
    </p>
   </div>
   <div class='ocr_carea' id='block_1_30' title="bbox 2412 1478 3877 1555">
    <p class='ocr_par' dir='ltr' id='par_1_30' title="bbox 2412 1478 3877 1555">
     <span class='ocr_line' id='line_1_30' title="bbox 2412 1478 3877 1555; baseline 0 -21"><span class='ocrx_word' id='word_1_200' title='bbox 2412 1487 2617 1555; x_wconf 88' lang='grc' dir='ltr'><strong>καρίοις</strong></span> <span class='ocrx_word' id='word_1_201' title='bbox 2666 1485 2787 1545; x_wconf 82' lang='grc' dir='ltr'><strong>τοὺς</strong></span> <span class='ocrx_word' id='word_1_202' title='bbox 2844 1480 3078 1545; x_wconf 77' lang='grc' dir='ltr'><strong>ἀνιόντας</strong></span> <span class='ocrx_word' id='word_1_203' title='bbox 3144 1478 3411 1555; x_wconf 75' lang='grc' dir='ltr'><strong>ἀδελφοὺς,</strong></span> <span class='ocrx_word' id='word_1_204' title='bbox 3477 1485 3541 1544; x_wconf 75' lang='grc' dir='ltr'><strong>ὡς</strong></span> <span class='ocrx_word' id='word_1_205' title='bbox 3598 1486 3727 1536; x_wconf 79' lang='grc' dir='ltr'><strong>τέκνα</strong></span> <span class='ocrx_word' id='word_1_206' title='bbox 3776 1487 3877 1553; x_wconf 68' lang='grc' dir='ltr'><strong>πατὴρ</strong></span> 
     </span>
    </p>
   </div>
   <div class='ocr_carea' id='block_1_31' title="bbox 2412 1569 3874 1645">
    <p class='ocr_par' dir='ltr' id='par_1_31' title="bbox 2412 1569 3874 1645">
     <span class='ocr_line' id='line_1_31' title="bbox 2412 1569 3874 1645; baseline -0.001 -20"><span class='ocrx_word' id='word_1_207' title='bbox 2412 1571 2751 1644; x_wconf 73' lang='grc' dir='ltr'><strong>φιλόστοργος</strong></span> <span class='ocrx_word' id='word_1_208' title='bbox 2806 1570 3140 1645; x_wconf 87' lang='grc' dir='ltr'><strong>παρακαλῶν.</strong></span> <span class='ocrx_word' id='word_1_209' title='bbox 3197 1592 3226 1625; x_wconf 73' lang='grc' dir='ltr'><strong>ι)</strong></span> <span class='ocrx_word' id='word_1_210' title='bbox 3282 1572 3364 1626; x_wconf 85' lang='grc' dir='ltr'>Ἐν</span> <span class='ocrx_word' id='word_1_211' title='bbox 3418 1575 3573 1645; x_wconf 75' lang='grc' dir='ltr'>ταύτῃ</span> <span class='ocrx_word' id='word_1_212' title='bbox 3623 1569 3682 1631; x_wconf 75' lang='grc' dir='ltr'><strong>δὴ</strong></span> <span class='ocrx_word' id='word_1_213' title='bbox 3726 1571 3874 1640; x_wconf 52' lang='lat' dir='ltr'><strong>imm);</strong></span> 
     </span>
    </p>
   </div>
   <div class='ocr_carea' id='block_1_32' title="bbox 2410 1662 3876 1735">
    <p class='ocr_par' dir='ltr' id='par_1_32' title="bbox 2410 1662 3876 1735">
     <span class='ocr_line' id='line_1_32' title="bbox 2410 1662 3876 1735; baseline -0.002 -21"><span class='ocrx_word' id='word_1_214' title='bbox 2410 1666 2499 1715; x_wconf 76' lang='grc' dir='ltr'><strong>καὶ</strong></span> <span class='ocrx_word' id='word_1_215' title='bbox 2579 1662 2669 1722; x_wconf 80' lang='grc' dir='ltr'><strong>τῆς</strong></span> <span class='ocrx_word' id='word_1_216' title='bbox 2747 1664 2872 1735; x_wconf 89' lang='grc' dir='ltr'><strong>πρός</strong></span> <span class='ocrx_word' id='word_1_217' title='bbox 2936 1663 3238 1735; x_wconf 73' lang='grc' dir='ltr'><strong>Κορινθίους</strong></span> <span class='ocrx_word' id='word_1_218' title='bbox 3315 1668 3408 1715; x_wconf 86' lang='grc' dir='ltr'><strong>τοῦ</strong></span> <span class='ocrx_word' id='word_1_219' title='bbox 3472 1662 3729 1734; x_wconf 77' lang='grc' dir='ltr'><strong>Κλήμεντος</strong></span> <span class='ocrx_word' id='word_1_220' title='bbox 3777 1666 3876 1733; x_wconf 63' lang='lat' dir='ltr'><strong>ptio</strong></span> 
     </span>
    </p>
   </div>
   <div class='ocr_carea' id='block_1_33' title="bbox 650 1746 2295 1819">
    <p class='ocr_par' dir='ltr' id='par_1_33' title="bbox 650 1746 2295 1815">
     <span class='ocr_line' id='line_1_33' title="bbox 650 1746 2295 1815; baseline -0.001 -9"><span class='ocrx_word' id='word_1_221' title='bbox 650 1757 849 1807; x_wconf 80' lang='lat' dir='ltr'><strong>vester</strong></span> <span class='ocrx_word' id='word_1_222' title='bbox 878 1751 1063 1815; x_wconf 90' lang='lat' dir='ltr'><strong>Soter,</strong></span> <span class='ocrx_word' id='word_1_223' title='bbox 1096 1763 1234 1802; x_wconf 90' lang='lat' dir='ltr'><strong>cum</strong></span> <span class='ocrx_word' id='word_1_224' title='bbox 1275 1746 1594 1805; x_wconf 89' lang='lat' dir='ltr'><strong>liberaliter</strong></span> <span class='ocrx_word' id='word_1_225' title='bbox 1620 1761 1871 1804; x_wconf 90' lang='lat' dir='ltr'><strong>munera</strong></span> <span class='ocrx_word' id='word_1_226' title='bbox 1909 1749 2129 1805; x_wconf 89' lang='lat' dir='ltr'><strong>sanctis</strong></span> <span class='ocrx_word' id='word_1_227' title='bbox 2160 1750 2295 1806; x_wconf 92' lang='lat' dir='ltr'><strong>sub-</strong></span> 
     </span>
    </p>
   </div>
   <div class='ocr_carea' id='block_1_34' title="bbox 2403 1746 3879 1819">
    <p class='ocr_par' dir='ltr' id='par_1_34' title="bbox 2408 1747 3879 1815">
     <span class='ocr_line' id='line_1_34' title="bbox 2408 1747 3879 1815; baseline -0.003 -10"><span class='ocrx_word' id='word_1_228' title='bbox 2408 1758 2635 1805; x_wconf 85' lang='grc' dir='ltr'><strong>ποιεῖται</strong></span> <span class='ocrx_word' id='word_1_229' title='bbox 2691 1749 2986 1815; x_wconf 72' lang='grc' dir='ltr'><strong>ἐπιστολῆς,</strong></span> <span class='ocrx_word' id='word_1_230' title='bbox 3028 1747 3203 1810; x_wconf 78' lang='grc' dir='ltr'><strong>δηλῶν</strong></span> <span class='ocrx_word' id='word_1_231' title='bbox 3252 1753 3319 1814; x_wconf 79' lang='grc' dir='ltr'><strong>ὡς</strong></span> <span class='ocrx_word' id='word_1_232' title='bbox 3365 1749 3596 1805; x_wconf 72' lang='grc' dir='ltr'><strong>ἀνέκαθεν</strong></span> <span class='ocrx_word' id='word_1_233' title='bbox 3629 1753 3715 1804; x_wconf 84' lang='grc' dir='ltr'><strong>ίθει</strong></span> <span class='ocrx_word' id='word_1_234' title='bbox 3749 1748 3794 1809; x_wconf 70' lang='grc' dir='ltr'><strong>δή</strong></span> <span class='ocrx_word' id='word_1_235' title='bbox 3823 1769 3879 1802; x_wconf 71' lang='grc' dir='ltr'><strong>τοι</strong></span> 
     </span>
    </p>
   </div>
   <div class='ocr_carea' id='block_1_35' title="bbox 652 1836 2301 1903">
    <p class='ocr_par' dir='ltr' id='par_1_35' title="bbox 652 1836 2301 1903">
     <span class='ocr_line' id='line_1_35' title="bbox 652 1836 2301 1903; baseline 0.001 -7"><span class='ocrx_word' id='word_1_236' title='bbox 652 1838 961 1903; x_wconf 92' lang='lat' dir='ltr'><strong>mittendo,</strong></span> <span class='ocrx_word' id='word_1_237' title='bbox 996 1842 1119 1893; x_wconf 90' lang='lat' dir='ltr'><strong>tum</strong></span> <span class='ocrx_word' id='word_1_238' title='bbox 1159 1836 1369 1893; x_wconf 84' lang='lat' dir='ltr'><strong>fratres</strong></span> <span class='ocrx_word' id='word_1_239' title='bbox 1410 1836 1486 1891; x_wconf 91' lang='lat' dir='ltr'><strong>ad</strong></span> <span class='ocrx_word' id='word_1_240' title='bbox 1528 1851 1638 1892; x_wconf 92' lang='lat' dir='ltr'><strong>nos</strong></span> <span class='ocrx_word' id='word_1_241' title='bbox 1676 1836 2012 1903; x_wconf 87' lang='lat' dir='ltr'><strong>redeuntes,</strong></span> <span class='ocrx_word' id='word_1_242' title='bbox 2048 1844 2111 1896; x_wconf 88' lang='lat' dir='ltr'><strong>ut</strong></span> <span class='ocrx_word' id='word_1_243' title='bbox 2146 1839 2301 1897; x_wconf 86' lang='lat' dir='ltr'><strong>ﬁlios</strong></span> 
     </span>
    </p>
   </div>
   <div class='ocr_carea' id='block_1_36' title="bbox 653 1925 2303 2000">
    <p class='ocr_par' dir='ltr' id='par_1_36' title="bbox 653 1925 2303 2000">
     <span class='ocr_line' id='line_1_36' title="bbox 653 1925 2303 2000; baseline 0.002 -16"><span class='ocrx_word' id='word_1_244' title='bbox 653 1944 795 1985; x_wconf 85' lang='lat' dir='ltr'><strong>suos</strong></span> <span class='ocrx_word' id='word_1_245' title='bbox 834 1932 1001 2000; x_wconf 91' lang='lat' dir='ltr'><strong>pater</strong></span> <span class='ocrx_word' id='word_1_246' title='bbox 1029 1925 1508 1989; x_wconf 88' lang='lat' dir='ltr'><strong>amantissimus,</strong></span> <span class='ocrx_word' id='word_1_247' title='bbox 1550 1926 1931 1983; x_wconf 87' lang='lat' dir='ltr'><strong>sermonibus</strong></span> <span class='ocrx_word' id='word_1_248' title='bbox 1968 1926 2160 1985; x_wconf 88' lang='lat' dir='ltr'><strong>beatis</strong></span> <span class='ocrx_word' id='word_1_249' title='bbox 2199 1945 2303 1987; x_wconf 87' lang='lat' dir='ltr'><strong>co-</strong></span> 
     </span>
    </p>
   </div>
   <div class='ocr_carea' id='block_1_37' title="bbox 652 2014 2302 2087">
    <p class='ocr_par' dir='ltr' id='par_1_37' title="bbox 652 2014 2302 2087">
     <span class='ocr_line' id='line_1_37' title="bbox 652 2014 2302 2087; baseline 0.001 -13"><span class='ocrx_word' id='word_1_250' title='bbox 652 2016 973 2075; x_wconf 89' lang='lat' dir='ltr'><strong>hortando.</strong></span> <span class='ocrx_word' id='word_1_251' title='bbox 1018 2038 1045 2065; x_wconf 87' lang='lat'>»</span> <span class='ocrx_word' id='word_1_252' title='bbox 1086 2014 1149 2070; x_wconf 90' lang='lat' dir='ltr'><strong>In</strong></span> <span class='ocrx_word' id='word_1_253' title='bbox 1193 2030 1267 2071; x_wconf 90' lang='lat' dir='ltr'><strong>ea</strong></span> <span class='ocrx_word' id='word_1_254' title='bbox 1303 2014 1435 2086; x_wconf 89' lang='lat' dir='ltr'><strong>ipsa</strong></span> <span class='ocrx_word' id='word_1_255' title='bbox 1472 2014 1727 2087; x_wconf 89' lang='lat' dir='ltr'><strong>epistola</strong></span> <span class='ocrx_word' id='word_1_256' title='bbox 1769 2020 1824 2071; x_wconf 93' lang='lat' dir='ltr'><strong>et</strong></span> <span class='ocrx_word' id='word_1_257' title='bbox 1864 2016 2178 2074; x_wconf 84' lang='lat' dir='ltr'><strong>Clementis</strong></span> <span class='ocrx_word' id='word_1_258' title='bbox 2221 2018 2302 2076; x_wconf 93' lang='lat' dir='ltr'><strong>ad</strong></span> 
     </span>
    </p>
   </div>
   <div class='ocr_carea' id='block_1_38' title="bbox 652 2104 2297 2180">
    <p class='ocr_par' dir='ltr' id='par_1_38' title="bbox 652 2104 2297 2180">
     <span class='ocr_line' id='line_1_38' title="bbox 652 2104 2297 2180; baseline -0.001 -16"><span class='ocrx_word' id='word_1_259' title='bbox 652 2105 979 2164; x_wconf 88' lang='lat' dir='ltr'><strong>Cerinthios</strong></span> <span class='ocrx_word' id='word_1_260' title='bbox 1018 2104 1276 2177; x_wconf 63' lang='lat' dir='ltr'><strong>epistolas</strong></span> <span class='ocrx_word' id='word_1_261' title='bbox 1309 2104 1597 2170; x_wconf 86' lang='lat' dir='ltr'><strong>meminit,</strong></span> <span class='ocrx_word' id='word_1_262' title='bbox 1632 2104 2040 2176; x_wconf 84' lang='lat' dir='ltr'><strong>superioribus</strong></span> <span class='ocrx_word' id='word_1_263' title='bbox 2071 2110 2297 2180; x_wconf 86' lang='lat' dir='ltr'><strong>tempo-</strong></span> 
     </span>
    </p>
   </div>
   <div class='ocr_carea' id='block_1_39' title="bbox 648 2192 2301 2265">
    <p class='ocr_par' dir='ltr' id='par_1_39' title="bbox 648 2192 2301 2265">
     <span class='ocr_line' id='line_1_39' title="bbox 648 2192 2301 2265; baseline 0 -11"><span class='ocrx_word' id='word_1_264' title='bbox 648 2196 816 2255; x_wconf 91' lang='lat' dir='ltr'><strong>ribus</strong></span> <span class='ocrx_word' id='word_1_265' title='bbox 847 2210 1010 2251; x_wconf 92' lang='lat' dir='ltr'><strong>more</strong></span> <span class='ocrx_word' id='word_1_266' title='bbox 1045 2193 1294 2264; x_wconf 91' lang='lat' dir='ltr'><strong>antiquo</strong></span> <span class='ocrx_word' id='word_1_267' title='bbox 1347 2194 1407 2248; x_wconf 91' lang='lat' dir='ltr'><strong>in</strong></span> <span class='ocrx_word' id='word_1_268' title='bbox 1439 2192 1697 2250; x_wconf 90' lang='lat' dir='ltr'><strong>Ecclesia</strong></span> <span class='ocrx_word' id='word_1_269' title='bbox 1726 2209 1861 2251; x_wconf 90' lang='lat' dir='ltr'><strong>eam</strong></span> <span class='ocrx_word' id='word_1_270' title='bbox 1907 2194 2024 2265; x_wconf 91' lang='lat' dir='ltr'><strong>legi</strong></span> <span class='ocrx_word' id='word_1_271' title='bbox 2061 2196 2301 2255; x_wconf 84' lang='lat' dir='ltr'><strong>solitam</strong></span> 
     </span>
    </p>
   </div>
   <div class='ocr_carea' id='block_1_40' title="bbox 650 2281 2299 2357">
    <p class='ocr_par' dir='ltr' id='par_1_40' title="bbox 650 2281 2299 2357">
     <span class='ocr_line' id='line_1_40' title="bbox 650 2281 2299 2357; baseline 0 -15"><span class='ocrx_word' id='word_1_272' title='bbox 650 2285 1013 2357; x_wconf 80' lang='lat' dir='ltr'><strong>signiﬁcans,</strong></span> <span class='ocrx_word' id='word_1_273' title='bbox 1049 2281 1223 2355; x_wconf 75' lang='lat'><strong>293</strong></span> <span class='ocrx_word' id='word_1_274' title='bbox 1250 2282 1440 2354; x_wconf 90' lang='lat' dir='ltr'><strong>inquit</strong></span> <span class='ocrx_word' id='word_1_275' title='bbox 1463 2283 1623 2338; x_wconf 90' lang='lat' dir='ltr'><strong>enim</strong></span> <span class='ocrx_word' id='word_1_276' title='bbox 1654 2300 1667 2337; x_wconf 91' lang='lat'><strong>:</strong></span> <span class='ocrx_word' id='word_1_277' title='bbox 1691 2304 1719 2333; x_wconf 84' lang='lat'>«</span> <span class='ocrx_word' id='word_1_278' title='bbox 1746 2282 2111 2341; x_wconf 86' lang='lat' dir='ltr'><strong>Hodiernum</strong></span> <span class='ocrx_word' id='word_1_279' title='bbox 2138 2290 2299 2342; x_wconf 88' lang='lat' dir='ltr'><strong>tran-</strong></span> 
     </span>
    </p>
   </div>
   <div class='ocr_carea' id='block_1_41' title="bbox 650 2371 2298 2446">
    <p class='ocr_par' dir='ltr' id='par_1_41' title="bbox 650 2371 2298 2446">
     <span class='ocr_line' id='line_1_41' title="bbox 650 2371 2298 2446; baseline 0.001 -15"><span class='ocrx_word' id='word_1_280' title='bbox 650 2376 917 2445; x_wconf 90' lang='lat' dir='ltr'><strong>segimus</strong></span> <span class='ocrx_word' id='word_1_281' title='bbox 946 2388 1181 2429; x_wconf 89' lang='lat' dir='ltr'><strong>sacrum</strong></span> <span class='ocrx_word' id='word_1_282' title='bbox 1215 2371 1589 2427; x_wconf 91' lang='lat' dir='ltr'><strong>Dominicum</strong></span> <span class='ocrx_word' id='word_1_283' title='bbox 1616 2371 1798 2438; x_wconf 89' lang='lat' dir='ltr'><strong>diem,</strong></span> <span class='ocrx_word' id='word_1_284' title='bbox 1826 2388 1951 2444; x_wconf 90' lang='lat' dir='ltr'><strong>quo</strong></span> <span class='ocrx_word' id='word_1_285' title='bbox 1981 2374 2298 2446; x_wconf 82' lang='lat' dir='ltr'><strong>epistolam</strong></span> 
     </span>
    </p>
   </div>
   <div class='ocr_carea' id='block_1_42' title="bbox 645 2460 2301 2537">
    <p class='ocr_par' dir='ltr' id='par_1_42' title="bbox 645 2460 2301 2537">
     <span class='ocr_line' id='line_1_42' title="bbox 645 2460 2301 2537; baseline 0.002 -17"><span class='ocrx_word' id='word_1_286' title='bbox 645 2469 908 2521; x_wconf 83' lang='lat' dir='ltr'><strong>vestram</strong></span> <span class='ocrx_word' id='word_1_287' title='bbox 954 2461 1234 2533; x_wconf 88' lang='lat' dir='ltr'><strong>legimus,</strong></span> <span class='ocrx_word' id='word_1_288' title='bbox 1283 2476 1472 2533; x_wconf 90' lang='lat' dir='ltr'><strong>quam</strong></span> <span class='ocrx_word' id='word_1_289' title='bbox 1510 2460 1691 2517; x_wconf 88' lang='lat' dir='ltr'><strong>etiam</strong></span> <span class='ocrx_word' id='word_1_290' title='bbox 1739 2460 2024 2534; x_wconf 87' lang='lat' dir='ltr'><strong>deinceps</strong></span> <span class='ocrx_word' id='word_1_291' title='bbox 2063 2479 2301 2537; x_wconf 81' lang='lat' dir='ltr'><strong>semper</strong></span> 
     </span>
    </p>
   </div>
   <div class='ocr_carea' id='block_1_43' title="bbox 648 2548 2299 2624">
    <p class='ocr_par' dir='ltr' id='par_1_43' title="bbox 648 2548 2299 2624">
     <span class='ocr_line' id='line_1_43' title="bbox 648 2548 2299 2624; baseline 0.001 -15"><span class='ocrx_word' id='word_1_292' title='bbox 648 2551 1078 2609; x_wconf 88' lang='lat' dir='ltr'><strong>cohortationis</strong></span> <span class='ocrx_word' id='word_1_293' title='bbox 1115 2548 1627 2621; x_wconf 90' lang='lat' dir='ltr'><strong>institutionisque</strong></span> <span class='ocrx_word' id='word_1_294' title='bbox 1666 2555 1886 2606; x_wconf 62' lang='lat' dir='ltr'><strong>nostra:</strong></span> <span class='ocrx_word' id='word_1_295' title='bbox 1917 2552 2107 2622; x_wconf 88' lang='lat' dir='ltr'><strong>gratia</strong></span> <span class='ocrx_word' id='word_1_296' title='bbox 2144 2553 2299 2624; x_wconf 89' lang='lat' dir='ltr'><strong>lege-</strong></span> 
     </span>
    </p>
   </div>
   <div class='ocr_carea' id='block_1_44' title="bbox 649 2637 2298 2701">
    <p class='ocr_par' dir='ltr' id='par_1_44' title="bbox 649 2637 2298 2701">
     <span class='ocr_line' id='line_1_44' title="bbox 649 2637 2298 2701; baseline 0.002 -3"><span class='ocrx_word' id='word_1_297' title='bbox 649 2658 821 2699; x_wconf 88' lang='lat' dir='ltr'><strong>mus:</strong></span> <span class='ocrx_word' id='word_1_298' title='bbox 853 2641 1058 2697; x_wconf 89' lang='lat' dir='ltr'><strong>itidem</strong></span> <span class='ocrx_word' id='word_1_299' title='bbox 1111 2644 1172 2695; x_wconf 90' lang='lat' dir='ltr'><strong>ut</strong></span> <span class='ocrx_word' id='word_1_300' title='bbox 1198 2639 1445 2695; x_wconf 87' lang='lat' dir='ltr'><strong>alteram</strong></span> <span class='ocrx_word' id='word_1_301' title='bbox 1474 2637 1640 2694; x_wconf 92' lang='lat' dir='ltr'><strong>illam</strong></span> <span class='ocrx_word' id='word_1_302' title='bbox 1678 2655 1714 2695; x_wconf 91' lang='lat' dir='ltr'><strong>a</strong></span> <span class='ocrx_word' id='word_1_303' title='bbox 1744 2638 2041 2696; x_wconf 87' lang='lat' dir='ltr'><strong>Clemente</strong></span> <span class='ocrx_word' id='word_1_304' title='bbox 2070 2641 2150 2698; x_wconf 88' lang='lat' dir='ltr'><strong>ad</strong></span> <span class='ocrx_word' id='word_1_305' title='bbox 2186 2659 2298 2701; x_wconf 89' lang='lat' dir='ltr'><strong>nos</strong></span> 
     </span>
    </p>
   </div>
   <div class='ocr_carea' id='block_1_45' title="bbox 647 2726 2298 2802">
    <p class='ocr_par' dir='ltr' id='par_1_45' title="bbox 647 2726 2298 2802">
     <span class='ocr_line' id='line_1_45' title="bbox 647 2726 2298 2802; baseline 0.001 -15"><span class='ocrx_word' id='word_1_306' title='bbox 647 2731 955 2802; x_wconf 89' lang='lat' dir='ltr'><strong>scriptam.</strong></span> <span class='ocrx_word' id='word_1_307' title='bbox 988 2749 1017 2781; x_wconf 83' lang='lat'>»</span> <span class='ocrx_word' id='word_1_308' title='bbox 1050 2728 1302 2800; x_wconf 90' lang='lat' dir='ltr'><strong>Insuper</strong></span> <span class='ocrx_word' id='word_1_309' title='bbox 1340 2732 1397 2783; x_wconf 92' lang='lat' dir='ltr'><strong>et</strong></span> <span class='ocrx_word' id='word_1_310' title='bbox 1425 2726 1501 2782; x_wconf 92' lang='lat' dir='ltr'><strong>de</strong></span> <span class='ocrx_word' id='word_1_311' title='bbox 1529 2727 1799 2799; x_wconf 88' lang='lat' dir='ltr'><strong>epistolis</strong></span> <span class='ocrx_word' id='word_1_312' title='bbox 1830 2728 1955 2801; x_wconf 90' lang='lat' dir='ltr'><strong>ipse</strong></span> <span class='ocrx_word' id='word_1_313' title='bbox 1986 2730 2131 2798; x_wconf 90' lang='lat' dir='ltr'><strong>suis,</strong></span> <span class='ocrx_word' id='word_1_314' title='bbox 2160 2736 2298 2788; x_wconf 92' lang='lat' dir='ltr'><strong>tan-</strong></span> 
     </span>
    </p>
   </div>
   <div class='ocr_carea' id='block_1_46' title="bbox 644 2815 2359 2894">
    <p class='ocr_par' dir='ltr' id='par_1_46' title="bbox 644 2815 2359 2894">
     <span class='ocr_line' id='line_1_46' title="bbox 644 2815 2359 2894; baseline 0.002 -19"><span class='ocrx_word' id='word_1_315' title='bbox 644 2835 832 2894; x_wconf 90' lang='lat' dir='ltr'><strong>quam</strong></span> <span class='ocrx_word' id='word_1_316' title='bbox 876 2817 1089 2875; x_wconf 89' lang='lat' dir='ltr'><strong>callide</strong></span> <span class='ocrx_word' id='word_1_317' title='bbox 1114 2815 1479 2887; x_wconf 88' lang='lat' dir='ltr'><strong>depravatis,</strong></span> <span class='ocrx_word' id='word_1_318' title='bbox 1510 2817 1592 2872; x_wconf 91' lang='lat' dir='ltr'><strong>ita</strong></span> <span class='ocrx_word' id='word_1_319' title='bbox 1621 2816 1898 2890; x_wconf 89' lang='lat' dir='ltr'><strong>scripsit:</strong></span> <span class='ocrx_word' id='word_1_320' title='bbox 1943 2839 1972 2869; x_wconf 75' lang='grc' dir='ltr'><strong>ι(</strong></span> <span class='ocrx_word' id='word_1_321' title='bbox 2006 2819 2296 2891; x_wconf 80' lang='lat' dir='ltr'><strong>Epistolas</strong></span> <span class='ocrx_word' id='word_1_322' title='bbox 2356 2820 2359 2823; x_wconf 81' lang='grc'><em>’</em></span> 
     </span>
    </p>
   </div>
   <div class='ocr_carea' id='block_1_47' title="bbox 644 2905 2297 2983">
    <p class='ocr_par' dir='ltr' id='par_1_47' title="bbox 644 2905 2297 2983">
     <span class='ocr_line' id='line_1_47' title="bbox 644 2905 2297 2983; baseline 0.001 -18"><span class='ocrx_word' id='word_1_323' title='bbox 644 2909 808 2965; x_wconf 90' lang='lat' dir='ltr'><strong>enim</strong></span> <span class='ocrx_word' id='word_1_324' title='bbox 841 2908 1087 2964; x_wconf 86' lang='lat' dir='ltr'><strong>fratrum</strong></span> <span class='ocrx_word' id='word_1_325' title='bbox 1118 2914 1331 2975; x_wconf 91' lang='lat' dir='ltr'><strong>rogatu</strong></span> <span class='ocrx_word' id='word_1_326' title='bbox 1358 2905 1587 2978; x_wconf 87' lang='lat' dir='ltr'><strong>scripsi,</strong></span> <span class='ocrx_word' id='word_1_327' title='bbox 1619 2906 1727 2961; x_wconf 92' lang='lat' dir='ltr'><strong>sed</strong></span> <span class='ocrx_word' id='word_1_328' title='bbox 1755 2921 1859 2963; x_wconf 90' lang='lat' dir='ltr'><strong>eas</strong></span> <span class='ocrx_word' id='word_1_329' title='bbox 1892 2907 2117 2964; x_wconf 89' lang='lat' dir='ltr'><strong>diaboli</strong></span> <span class='ocrx_word' id='word_1_330' title='bbox 2148 2926 2297 2983; x_wconf 91' lang='lat' dir='ltr'><strong>apo-</strong></span> 
     </span>
    </p>
   </div>
   <div class='ocr_carea' id='block_1_48' title="bbox 642 2994 2297 3069">
    <p class='ocr_par' dir='ltr' id='par_1_48' title="bbox 642 2994 2297 3069">
     <span class='ocr_line' id='line_1_48' title="bbox 642 2994 2297 3069; baseline 0.002 -17"><span class='ocrx_word' id='word_1_331' title='bbox 642 2997 776 3053; x_wconf 89' lang='lat' dir='ltr'><strong>stoli</strong></span> <span class='ocrx_word' id='word_1_332' title='bbox 816 2996 1049 3052; x_wconf 88' lang='lat' dir='ltr'><strong>zizaniis</strong></span> <span class='ocrx_word' id='word_1_333' title='bbox 1088 2994 1537 3067; x_wconf 85' lang='lat' dir='ltr'><strong>compleverunt</strong></span> <span class='ocrx_word' id='word_1_334' title='bbox 1573 2994 1857 3067; x_wconf 62' lang='lat' dir='ltr'><strong>quaedam</strong></span> <span class='ocrx_word' id='word_1_335' title='bbox 1908 2996 2154 3069; x_wconf 89' lang='lat' dir='ltr'><strong>quidem</strong></span> <span class='ocrx_word' id='word_1_336' title='bbox 2193 3015 2297 3056; x_wconf 91' lang='lat' dir='ltr'><strong>ex-</strong></span> 
     </span>
    </p>
   </div>
   <div class='ocr_carea' id='block_1_49' title="bbox 2409 1838 3877 1913">
    <p class='ocr_par' dir='ltr' id='par_1_49' title="bbox 2409 1838 3877 1913">
     <span class='ocr_line' id='line_1_49' title="bbox 2409 1838 3877 1913; baseline -0.002 -18"><span class='ocrx_word' id='word_1_337' title='bbox 2409 1840 2613 1911; x_wconf 85' lang='grc' dir='ltr'><strong>παλαιῷ</strong></span> <span class='ocrx_word' id='word_1_338' title='bbox 2665 1838 2742 1894; x_wconf 72' lang='grc' dir='ltr'><strong>ἔπ’</strong></span> <span class='ocrx_word' id='word_1_339' title='bbox 2791 1839 3101 1901; x_wconf 80' lang='grc' dir='ltr'><strong>Ἐκκλήσίας</strong></span> <span class='ocrx_word' id='word_1_340' title='bbox 3136 1842 3331 1898; x_wconf 82' lang='grc' dir='ltr'>ταύτην</span> <span class='ocrx_word' id='word_1_341' title='bbox 3379 1839 3791 1913; x_wconf 72' lang='grc' dir='ltr'><strong>ἀναγινώσκεσθαι.</strong></span> <span class='ocrx_word' id='word_1_342' title='bbox 3828 1844 3877 1892; x_wconf 78' lang='grc' dir='ltr'><strong>Δί-</strong></span> 
     </span>
    </p>
   </div>
   <div class='ocr_carea' id='block_1_50' title="bbox 2408 1925 3876 2005">
    <p class='ocr_par' dir='ltr' id='par_1_50' title="bbox 2408 1925 3876 2005">
     <span class='ocr_line' id='line_1_50' title="bbox 2408 1925 3876 2005; baseline -0.002 -21"><span class='ocrx_word' id='word_1_343' title='bbox 2408 1950 2491 2003; x_wconf 92' lang='grc' dir='ltr'><strong>γει</strong></span> <span class='ocrx_word' id='word_1_344' title='bbox 2530 1932 2633 2004; x_wconf 82' lang='grc' dir='ltr'><strong>γάρ</strong></span> <span class='ocrx_word' id='word_1_345' title='bbox 2657 1946 2671 1960; x_wconf 79' lang='grc'><strong><em>⁸</em></strong></span> <span class='ocrx_word' id='word_1_346' title='bbox 2718 1948 2747 1981; x_wconf 77' lang='grc' dir='ltr'><strong>ιι</strong></span> <span class='ocrx_word' id='word_1_347' title='bbox 2779 1934 2885 1988; x_wconf 82' lang='grc' dir='ltr'><strong>Τὴν</strong></span> <span class='ocrx_word' id='word_1_348' title='bbox 2924 1934 3149 2005; x_wconf 76' lang='grc' dir='ltr'><strong>σήμερον</strong></span> <span class='ocrx_word' id='word_1_349' title='bbox 3188 1925 3276 1983; x_wconf 85' lang='grc' dir='ltr'><strong>οὖν</strong></span> <span class='ocrx_word' id='word_1_350' title='bbox 3321 1935 3579 2005; x_wconf 74' lang='grc' dir='ltr'><strong>Κυριακὴν</strong></span> <span class='ocrx_word' id='word_1_351' title='bbox 3616 1930 3737 2002; x_wconf 74' lang='grc' dir='ltr'><strong>ἁγίαν</strong></span> <span class='ocrx_word' id='word_1_352' title='bbox 3768 1925 3876 1999; x_wconf 69' lang='grc' dir='ltr'><strong>διεγι-</strong></span> 
     </span>
    </p>
   </div>
   <div class='ocr_carea' id='block_1_51' title="bbox 2408 2017 3873 2092">
    <p class='ocr_par' dir='ltr' id='par_1_51' title="bbox 2408 2017 3873 2092">
     <span class='ocr_line' id='line_1_51' title="bbox 2408 2017 3873 2092; baseline -0.004 -19"><span class='ocrx_word' id='word_1_353' title='bbox 2408 2038 2585 2092; x_wconf 88' lang='grc' dir='ltr'><strong>γομεν,</strong></span> <span class='ocrx_word' id='word_1_354' title='bbox 2639 2017 2688 2071; x_wconf 76' lang='grc' dir='ltr'><strong>ἰν</strong></span> <span class='ocrx_word' id='word_1_355' title='bbox 2817 2017 3100 2091; x_wconf 73' lang='grc' dir='ltr'><strong>ἀνέγνωμεν</strong></span> <span class='ocrx_word' id='word_1_356' title='bbox 3138 2020 3281 2092; x_wconf 78' lang='grc' dir='ltr'><strong>ὑμῶν</strong></span> <span class='ocrx_word' id='word_1_357' title='bbox 3332 2022 3428 2079; x_wconf 77' lang='grc' dir='ltr'><strong>τὴν</strong></span> <span class='ocrx_word' id='word_1_358' title='bbox 3471 2018 3729 2083; x_wconf 75' lang='grc' dir='ltr'><strong>ἕπιστολήν,</strong></span> <span class='ocrx_word' id='word_1_359' title='bbox 3758 2018 3801 2076; x_wconf 73' lang='grc' dir='ltr'><strong>ἣν</strong></span> <span class='ocrx_word' id='word_1_360' title='bbox 3830 2018 3873 2067; x_wconf 64' lang='grc' dir='ltr'><strong>ιιι</strong></span> 
     </span>
    </p>
   </div>
   <div class='ocr_carea' id='block_1_52' title="bbox 2410 2107 3872 2182">
    <p class='ocr_par' dir='ltr' id='par_1_52' title="bbox 2410 2107 3872 2182">
     <span class='ocr_line' id='line_1_52' title="bbox 2410 2107 3872 2182; baseline -0.005 -20"><span class='ocrx_word' id='word_1_361' title='bbox 2410 2109 2584 2182; x_wconf 70' lang='grc' dir='ltr'><strong>ἕξομεν</strong></span> <span class='ocrx_word' id='word_1_362' title='bbox 2624 2107 2703 2161; x_wconf 90' lang='grc' dir='ltr'><strong>ἀεί</strong></span> <span class='ocrx_word' id='word_1_363' title='bbox 2730 2127 2854 2161; x_wconf 91' lang='grc' dir='ltr'><strong>ποτε</strong></span> <span class='ocrx_word' id='word_1_364' title='bbox 2895 2107 3331 2180; x_wconf 82' lang='grc' dir='ltr'><strong>ἀναγινώσκοντες</strong></span> <span class='ocrx_word' id='word_1_365' title='bbox 3378 2110 3734 2162; x_wconf 76' lang='grc' dir='ltr'><strong>νουθετεῖσθαιο</strong></span> <span class='ocrx_word' id='word_1_366' title='bbox 3764 2109 3872 2167; x_wconf 59' lang='lat' dir='ltr'><strong>dum</strong></span> 
     </span>
    </p>
   </div>
   <div class='ocr_carea' id='block_1_53' title="bbox 2408 2194 3870 2273">
    <p class='ocr_par' dir='ltr' id='par_1_53' title="bbox 2408 2194 3870 2273">
     <span class='ocr_line' id='line_1_53' title="bbox 2408 2194 3870 2273; baseline -0.005 -21"><span class='ocrx_word' id='word_1_367' title='bbox 2408 2204 2504 2258; x_wconf 79' lang='grc' dir='ltr'><strong>τὴν</strong></span> <span class='ocrx_word' id='word_1_368' title='bbox 2555 2202 2809 2273; x_wconf 74' lang='grc' dir='ltr'><strong>προτέραν</strong></span> <span class='ocrx_word' id='word_1_369' title='bbox 2855 2200 2980 2271; x_wconf 79' lang='grc' dir='ltr'><strong>ἡμῖν</strong></span> <span class='ocrx_word' id='word_1_370' title='bbox 3016 2194 3109 2252; x_wconf 82' lang='grc' dir='ltr'><strong>διὰ</strong></span> <span class='ocrx_word' id='word_1_371' title='bbox 3141 2198 3433 2271; x_wconf 79' lang='grc' dir='ltr'><strong>Κλήμεντος</strong></span> <span class='ocrx_word' id='word_1_372' title='bbox 3465 2205 3735 2271; x_wconf 62' lang='grc' dir='ltr'><strong>γραφεῖσαν.</strong></span> <span class='ocrx_word' id='word_1_373' title='bbox 3771 2219 3792 2245; x_wconf 65' lang='grc' dir='ltr'><strong><em>η</em></strong></span> <span class='ocrx_word' id='word_1_374' title='bbox 3814 2194 3870 2247; x_wconf 72' lang='lat' dir='ltr'><strong>&#39;Fzz</strong></span> 
     </span>
    </p>
   </div>
   <div class='ocr_carea' id='block_1_54' title="bbox 2407 2284 3870 2362">
    <p class='ocr_par' dir='ltr' id='par_1_54' title="bbox 2407 2284 3870 2362">
     <span class='ocr_line' id='line_1_54' title="bbox 2407 2284 3870 2362; baseline -0.002 -21"><span class='ocrx_word' id='word_1_375' title='bbox 2407 2307 2468 2361; x_wconf 93' lang='grc' dir='ltr'><strong>γε</strong></span> <span class='ocrx_word' id='word_1_376' title='bbox 2495 2292 2599 2361; x_wconf 73' lang='grc' dir='ltr'><strong>μὴν</strong></span> <span class='ocrx_word' id='word_1_377' title='bbox 2637 2292 2728 2341; x_wconf 78' lang='grc' dir='ltr'><strong>καὶ</strong></span> <span class='ocrx_word' id='word_1_378' title='bbox 2770 2292 2889 2362; x_wconf 85' lang='grc' dir='ltr'><strong>περὶ</strong></span> <span class='ocrx_word' id='word_1_379' title='bbox 2934 2295 3033 2341; x_wconf 84' lang='grc' dir='ltr'><strong>τῶν</strong></span> <span class='ocrx_word' id='word_1_380' title='bbox 3072 2284 3220 2341; x_wconf 84' lang='grc' dir='ltr'><strong>ἰδίων</strong></span> <span class='ocrx_word' id='word_1_381' title='bbox 3265 2286 3552 2341; x_wconf 74' lang='grc' dir='ltr'><strong>ἐπιστολῶν</strong></span> <span class='ocrx_word' id='word_1_382' title='bbox 3593 2286 3714 2348; x_wconf 81' lang='grc' dir='ltr'><strong>οὗτος</strong></span> <span class='ocrx_word' id='word_1_383' title='bbox 3744 2287 3789 2345; x_wconf 72' lang='grc' dir='ltr'><strong>ὧς</strong></span> 
     </span>
    </p>
   </div>
   <div class='ocr_carea' id='block_1_55' title="bbox 2410 2374 3867 2450">
    <p class='ocr_par' dir='ltr' id='par_1_55' title="bbox 2410 2374 3867 2450">
     <span class='ocr_line' id='line_1_55' title="bbox 2410 2374 3867 2450; baseline -0.003 -19"><span class='ocrx_word' id='word_1_384' title='bbox 2410 2374 2825 2450; x_wconf 72' lang='grc' dir='ltr'><strong>διουργηθεισῶν</strong></span> <span class='ocrx_word' id='word_1_385' title='bbox 2888 2379 3109 2430; x_wconf 79' lang='grc' dir='ltr'><strong>τοιαῦτά</strong></span> <span class='ocrx_word' id='word_1_386' title='bbox 3168 2396 3326 2450; x_wconf 75' lang='grc' dir='ltr'><strong>φησιν</strong></span> <span class='ocrx_word' id='word_1_387' title='bbox 3359 2395 3372 2407; x_wconf 91' lang='grc'>·</span> <span class='ocrx_word' id='word_1_388' title='bbox 3436 2400 3465 2427; x_wconf 82' lang='grc' dir='ltr'><strong>ι(</strong></span> <span class='ocrx_word' id='word_1_389' title='bbox 3526 2376 3775 2435; x_wconf 75' lang='grc' dir='ltr'><strong>Ἐπιστολὰς</strong></span> <span class='ocrx_word' id='word_1_390' title='bbox 3818 2378 3867 2443; x_wconf 54' lang='grc' dir='ltr'><strong>γυ</strong></span> 
     </span>
    </p>
   </div>
   <div class='ocr_carea' id='block_1_56' title="bbox 2409 2462 3931 2545">
    <p class='ocr_par' dir='ltr' id='par_1_56' title="bbox 2409 2462 3931 2545">
     <span class='ocr_line' id='line_1_56' title="bbox 2409 2462 3931 2545; baseline -0.009 -23"><span class='ocrx_word' id='word_1_391' title='bbox 2409 2463 2641 2539; x_wconf 71' lang='grc' dir='ltr'><strong>ἀδελφῶν</strong></span> <span class='ocrx_word' id='word_1_392' title='bbox 2693 2464 3024 2529; x_wconf 77' lang='grc' dir='ltr'><strong>ἀξιωσάντων</strong></span> <span class='ocrx_word' id='word_1_393' title='bbox 3077 2484 3141 2537; x_wconf 87' lang='grc' dir='ltr'><strong>με</strong></span> <span class='ocrx_word' id='word_1_394' title='bbox 3182 2465 3412 2539; x_wconf 75' lang='grc' dir='ltr'><strong>γράψαι,</strong></span> <span class='ocrx_word' id='word_1_395' title='bbox 3457 2464 3681 2539; x_wconf 74' lang='grc' dir='ltr'><strong>ἰγραψα·</strong></span> <span class='ocrx_word' id='word_1_396' title='bbox 3713 2468 3775 2516; x_wconf 74' lang='grc' dir='ltr'><strong>καὶ</strong></span> <span class='ocrx_word' id='word_1_397' title='bbox 3806 2462 3871 2513; x_wconf 64' lang='lat' dir='ltr'><strong>tri-</strong></span> <span class='ocrx_word' id='word_1_398' title='bbox 3930 2524 3931 2545; x_wconf 18' lang='grc' dir='ltr'><strong>γ</strong></span> 
     </span>
    </p>
   </div>
   <div class='ocr_carea' id='block_1_57' title="bbox 2405 2552 3931 2626">
    <p class='ocr_par' dir='ltr' id='par_1_57' title="bbox 2405 2552 3931 2626">
     <span class='ocr_line' id='line_1_57' title="bbox 2405 2552 3931 2626; baseline -0.004 -17"><span class='ocrx_word' id='word_1_399' title='bbox 2405 2576 2499 2620; x_wconf 76' lang='grc' dir='ltr'><strong>τις</strong></span> <span class='ocrx_word' id='word_1_400' title='bbox 2544 2557 2595 2609; x_wconf 81' lang='grc' dir='ltr'><strong>οἱ</strong></span> <span class='ocrx_word' id='word_1_401' title='bbox 2634 2563 2727 2609; x_wconf 84' lang='grc' dir='ltr'><strong>τοῦ</strong></span> <span class='ocrx_word' id='word_1_402' title='bbox 2765 2552 3012 2609; x_wconf 79' lang='grc' dir='ltr'><strong>διαϐόλου</strong></span> <span class='ocrx_word' id='word_1_403' title='bbox 3053 2555 3338 2609; x_wconf 83' lang='grc' dir='ltr'><strong>ἀπόστολοι</strong></span> <span class='ocrx_word' id='word_1_404' title='bbox 3373 2556 3616 2617; x_wconf 79' lang='grc' dir='ltr'><strong>ζιζανίων</strong></span> <span class='ocrx_word' id='word_1_405' title='bbox 3642 2560 3869 2626; x_wconf 67' lang='grc' dir='ltr'><strong>γεγεμίιεσυ,</strong></span> <span class='ocrx_word' id='word_1_406' title='bbox 3930 2580 3931 2583; x_wconf 59' lang='grc' dir='ltr'><strong>π</strong></span> 
     </span>
    </p>
   </div>
   <div class='ocr_carea' id='block_1_58' title="bbox 2406 2638 3869 2721">
    <p class='ocr_par' dir='ltr' id='par_1_58' title="bbox 2406 2638 3869 2721">
     <span class='ocr_line' id='line_1_58' title="bbox 2406 2638 3869 2721; baseline -0.006 -23"><span class='ocrx_word' id='word_1_407' title='bbox 2406 2645 2443 2698; x_wconf 79' lang='grc' dir='ltr'><strong><em>ἄ</em></strong></span> <span class='ocrx_word' id='word_1_408' title='bbox 2482 2648 2573 2718; x_wconf 72' lang='grc' dir='ltr'><strong>μὶν</strong></span> <span class='ocrx_word' id='word_1_409' title='bbox 2629 2644 2965 2721; x_wconf 71' lang='grc' dir='ltr'><strong>ἆξαιρόῦντες,</strong></span> <span class='ocrx_word' id='word_1_410' title='bbox 3017 2643 3053 2696; x_wconf 81' lang='grc' dir='ltr'><em>ἃ</em></span> <span class='ocrx_word' id='word_1_411' title='bbox 3082 2641 3142 2698; x_wconf 69' lang='grc' dir='ltr'><strong>δι</strong></span> <span class='ocrx_word' id='word_1_412' title='bbox 3193 2646 3598 2717; x_wconf 77' lang='grc' dir='ltr'><strong>προστιθέντες·</strong></span> <span class='ocrx_word' id='word_1_413' title='bbox 3646 2643 3708 2705; x_wconf 85' lang='grc' dir='ltr'><strong>οἷς</strong></span> <span class='ocrx_word' id='word_1_414' title='bbox 3738 2644 3776 2693; x_wconf 73' lang='grc' dir='ltr'><strong>τὸ</strong></span> <span class='ocrx_word' id='word_1_415' title='bbox 3804 2638 3869 2691; x_wconf 63' lang='lat' dir='ltr'><strong>riu</strong></span> 
     </span>
    </p>
   </div>
   <div class='ocr_carea' id='block_1_59' title="bbox 2406 2734 3865 2808">
    <p class='ocr_par' dir='ltr' id='par_1_59' title="bbox 2406 2734 3865 2808">
     <span class='ocr_line' id='line_1_59' title="bbox 2406 2734 3865 2808; baseline -0.004 -21"><span class='ocrx_word' id='word_1_416' title='bbox 2406 2741 2593 2789; x_wconf 82' lang='grc' dir='ltr'><strong>κεῖται.</strong></span> <span class='ocrx_word' id='word_1_417' title='bbox 2649 2734 2728 2790; x_wconf 73' lang='grc' dir='ltr'><strong>Οὐ</strong></span> <span class='ocrx_word' id='word_1_418' title='bbox 2787 2736 3087 2806; x_wconf 73' lang='grc' dir='ltr'><strong>θαυμαστὸν</strong></span> <span class='ocrx_word' id='word_1_419' title='bbox 3150 2734 3274 2808; x_wconf 79' lang='grc' dir='ltr'><strong>ἄρα,</strong></span> <span class='ocrx_word' id='word_1_420' title='bbox 3328 2734 3371 2787; x_wconf 85' lang='grc' dir='ltr'>εἰ</span> <span class='ocrx_word' id='word_1_421' title='bbox 3451 2738 3540 2788; x_wconf 79' lang='grc' dir='ltr'><strong>καὶ</strong></span> <span class='ocrx_word' id='word_1_422' title='bbox 3591 2740 3674 2786; x_wconf 80' lang='grc' dir='ltr'><strong>τῶν</strong></span> <span class='ocrx_word' id='word_1_423' title='bbox 3708 2735 3865 2800; x_wconf 69' lang='grc' dir='ltr'><strong>Κνριιιὺτ</strong></span> 
     </span>
    </p>
   </div>
   <div class='ocr_carea' id='block_1_60' title="bbox 2404 2818 3861 2899">
    <p class='ocr_par' dir='ltr' id='par_1_60' title="bbox 2404 2818 3861 2899">
     <span class='ocr_line' id='line_1_60' title="bbox 2404 2818 3861 2899; baseline -0.005 -22"><span class='ocrx_word' id='word_1_424' title='bbox 2404 2820 2801 2899; x_wconf 80' lang='grc' dir='ltr'><strong>ῥᾳδιουργῆσαί</strong></span> <span class='ocrx_word' id='word_1_425' title='bbox 2850 2843 2981 2885; x_wconf 80' lang='grc' dir='ltr'><strong>τινες</strong></span> <span class='ocrx_word' id='word_1_426' title='bbox 3032 2821 3394 2882; x_wconf 72' lang='grc' dir='ltr'><strong>ἔπιϐεϐληνται</strong></span> <span class='ocrx_word' id='word_1_427' title='bbox 3446 2830 3656 2897; x_wconf 68' lang='grc' dir='ltr'><strong>γραφῶν,</strong></span> <span class='ocrx_word' id='word_1_428' title='bbox 3694 2821 3789 2872; x_wconf 69' lang='lat' dir='ltr'><strong>am</strong></span> <span class='ocrx_word' id='word_1_429' title='bbox 3815 2818 3861 2866; x_wconf 74' lang='lat' dir='ltr'><strong>ui</strong></span> 
     </span>
    </p>
   </div>
   <div class='ocr_carea' id='block_1_61' title="bbox 2406 2911 3852 2985">
    <p class='ocr_par' dir='ltr' id='par_1_61' title="bbox 2406 2911 3852 2985">
     <span class='ocr_line' id='line_1_61' title="bbox 2406 2911 3852 2985; baseline -0.001 -20"><span class='ocrx_word' id='word_1_430' title='bbox 2406 2920 2523 2975; x_wconf 84' lang='grc' dir='ltr'><strong>ταῖς</strong></span> <span class='ocrx_word' id='word_1_431' title='bbox 2568 2912 2627 2966; x_wconf 77' lang='grc' dir='ltr'><strong>οὐ</strong></span> <span class='ocrx_word' id='word_1_432' title='bbox 2666 2915 2939 2976; x_wconf 80' lang='grc' dir='ltr'><strong>τοιαύταις</strong></span> <span class='ocrx_word' id='word_1_433' title='bbox 2960 2912 3446 2971; x_wconf 72' lang='grc' dir='ltr'><strong>ἑπιϐίϐουλεύκασι.</strong></span> <span class='ocrx_word' id='word_1_434' title='bbox 3494 2934 3523 2966; x_wconf 71' lang='grc' dir='ltr'><strong>ι)</strong></span> <span class='ocrx_word' id='word_1_435' title='bbox 3560 2916 3650 2966; x_wconf 73' lang='grc' dir='ltr'><strong>Καὶ</strong></span> <span class='ocrx_word' id='word_1_436' title='bbox 3678 2913 3759 2985; x_wconf 74' lang='grc' dir='ltr'><strong>πρὸς</strong></span> <span class='ocrx_word' id='word_1_437' title='bbox 3781 2911 3852 2976; x_wconf 54' lang='grc' dir='ltr'><strong>ξίν·</strong></span> 
     </span>
    </p>
   </div>
   <div class='ocr_carea' id='block_1_62' title="bbox 2409 2994 3838 3077">
    <p class='ocr_par' dir='ltr' id='par_1_62' title="bbox 2409 2994 3838 3077">
     <span class='ocr_line' id='line_1_62' title="bbox 2409 2994 3838 3077; baseline -0.01 -21"><span class='ocrx_word' id='word_1_438' title='bbox 2409 3007 2632 3077; x_wconf 78' lang='grc' dir='ltr'><strong>σοφόραν</strong></span> <span class='ocrx_word' id='word_1_439' title='bbox 2691 2999 2750 3056; x_wconf 76' lang='grc' dir='ltr'><strong>δε</strong></span> <span class='ocrx_word' id='word_1_440' title='bbox 2798 3005 3127 3062; x_wconf 71' lang='grc' dir='ltr'><strong>πιστοτάτην</strong></span> <span class='ocrx_word' id='word_1_441' title='bbox 3176 2999 3401 3076; x_wconf 69' lang='grc' dir='ltr'><strong>ἀδελφὴν</strong></span> <span class='ocrx_word' id='word_1_442' title='bbox 3459 3001 3586 3061; x_wconf 78' lang='grc' dir='ltr'><strong>ἄλλη</strong></span> <span class='ocrx_word' id='word_1_443' title='bbox 3632 2994 3838 3053; x_wconf 70' lang='grc' dir='ltr'><strong>τούτσνίπὺ</strong></span> 
     </span>
    </p>
   </div>
   <div class='ocr_carea' id='block_1_63' title="bbox 644 3083 2295 3182">
    <p class='ocr_par' dir='ltr' id='par_1_63' title="bbox 644 3083 2294 3159">
     <span class='ocr_line' id='line_1_63' title="bbox 644 3083 2294 3159; baseline 0.002 -17"><span class='ocrx_word' id='word_1_444' title='bbox 644 3092 999 3159; x_wconf 83' lang='lat' dir='ltr'><strong>pungentes,</strong></span> <span class='ocrx_word' id='word_1_445' title='bbox 1028 3084 1306 3157; x_wconf 74' lang='lat' dir='ltr'><strong>quaedam</strong></span> <span class='ocrx_word' id='word_1_446' title='bbox 1331 3089 1531 3140; x_wconf 92' lang='lat' dir='ltr'><strong>autem</strong></span> <span class='ocrx_word' id='word_1_447' title='bbox 1558 3083 1903 3141; x_wconf 88' lang='lat' dir='ltr'><strong>inserentes.</strong></span> <span class='ocrx_word' id='word_1_448' title='bbox 1935 3086 2162 3152; x_wconf 85' lang='lat' dir='ltr'><strong>Quibus</strong></span> <span class='ocrx_word' id='word_1_449' title='bbox 2191 3088 2294 3145; x_wconf 69' lang='lat' dir='ltr'><strong>Vae</strong></span> 
     </span>
    </p>
   </div>
   <div class='ocr_carea' id='block_1_64' title="bbox 2403 3083 3835 3182">
    <p class='ocr_par' dir='ltr' id='par_1_64' title="bbox 2406 3086 3835 3165">
     <span class='ocr_line' id='line_1_64' title="bbox 2406 3086 3835 3165; baseline 0.006 -20"><span class='ocrx_word' id='word_1_450' title='bbox 2406 3089 2651 3151; x_wconf 71' lang='grc' dir='ltr'><strong>ἐπιστολή</strong></span> <span class='ocrx_word' id='word_1_451' title='bbox 2688 3108 2701 3121; x_wconf 86' lang='grc'>⁶</span> <span class='ocrx_word' id='word_1_452' title='bbox 2809 3089 2877 3151; x_wconf 71' lang='grc' dir='ltr'><strong>δὴ</strong></span> <span class='ocrx_word' id='word_1_453' title='bbox 2914 3093 2981 3145; x_wconf 82' lang='grc' dir='ltr'><strong>τὰ</strong></span> <span class='ocrx_word' id='word_1_454' title='bbox 3033 3091 3331 3152; x_wconf 67' lang='grc' dir='ltr'><strong>κατάλληλα</strong></span> <span class='ocrx_word' id='word_1_455' title='bbox 3380 3094 3620 3165; x_wconf 70' lang='grc' dir='ltr'><strong>γράφων,</strong></span> <span class='ocrx_word' id='word_1_456' title='bbox 3647 3096 3701 3149; x_wconf 64' lang='grc' dir='ltr'><strong>τίς</strong></span> <span class='ocrx_word' id='word_1_457' title='bbox 3724 3086 3835 3153; x_wconf 71' lang='grc' dir='ltr'><strong>λιταίε</strong></span> 
     </span>
    </p>
   </div>
   <div class='ocr_carea' id='block_1_65' title="bbox 638 3171 2295 3256">
    <p class='ocr_par' dir='ltr' id='par_1_65' title="bbox 638 3171 2292 3245">
     <span class='ocr_line' id='line_1_65' title="bbox 638 3171 2292 3245; baseline 0.003 -15"><span class='ocrx_word' id='word_1_458' title='bbox 638 3173 787 3231; x_wconf 92' lang='lat' dir='ltr'><strong>illud</strong></span> <span class='ocrx_word' id='word_1_459' title='bbox 812 3180 900 3231; x_wconf 91' lang='lat' dir='ltr'><strong>est</strong></span> <span class='ocrx_word' id='word_1_460' title='bbox 929 3174 1281 3245; x_wconf 88' lang='lat' dir='ltr'><strong>repositum.</strong></span> <span class='ocrx_word' id='word_1_461' title='bbox 1307 3171 1433 3228; x_wconf 88' lang='lat' dir='ltr'><strong>Non</strong></span> <span class='ocrx_word' id='word_1_462' title='bbox 1463 3172 1809 3229; x_wconf 90' lang='lat' dir='ltr'><strong>mirandum</strong></span> <span class='ocrx_word' id='word_1_463' title='bbox 1829 3181 2003 3242; x_wconf 86' lang='lat' dir='ltr'><strong>certe,</strong></span> <span class='ocrx_word' id='word_1_464' title='bbox 2029 3175 2080 3232; x_wconf 93' lang='lat' dir='ltr'><strong>si</strong></span> <span class='ocrx_word' id='word_1_465' title='bbox 2113 3176 2292 3235; x_wconf 90' lang='lat' dir='ltr'><strong>etiam</strong></span> 
     </span>
    </p>
   </div>
   <div class='ocr_carea' id='block_1_66' title="bbox 2403 3171 3840 3256">
    <p class='ocr_par' dir='ltr' id='par_1_66' title="bbox 2404 3176 3840 3256">
     <span class='ocr_line' id='line_1_66' title="bbox 2404 3176 3840 3256; baseline -0.004 -22"><span class='ocrx_word' id='word_1_466' title='bbox 2404 3182 2600 3256; x_wconf 75' lang='grc' dir='ltr'><strong>τροφῆς</strong></span> <span class='ocrx_word' id='word_1_467' title='bbox 2652 3179 2955 3255; x_wconf 73' lang='grc' dir='ltr'><strong>ἐνεπίμπλα.</strong></span> <span class='ocrx_word' id='word_1_468' title='bbox 3027 3182 3112 3236; x_wconf 85' lang='grc' dir='ltr'><strong>Ἐν</strong></span> <span class='ocrx_word' id='word_1_469' title='bbox 3174 3182 3389 3255; x_wconf 54' lang='lat' dir='ltr'><strong>rein-ee;</strong></span> <span class='ocrx_word' id='word_1_470' title='bbox 3442 3184 3537 3255; x_wconf 66' lang='grc' dir='ltr'><strong>μεν</strong></span> <span class='ocrx_word' id='word_1_471' title='bbox 3584 3177 3717 3233; x_wconf 68' lang='grc' dir='ltr'><strong>καὶτὰ</strong></span> <span class='ocrx_word' id='word_1_472' title='bbox 3742 3176 3840 3222; x_wconf 65' lang='lat' dir='ltr'><strong>1W</strong></span> 
     </span>
    </p>
   </div>
   <div class='ocr_carea' id='block_1_67' title="bbox 641 3260 2290 3335">
    <p class='ocr_par' dir='ltr' id='par_1_67' title="bbox 641 3260 2290 3335">
     <span class='ocr_line' id='line_1_67' title="bbox 641 3260 2290 3335; baseline 0.002 -15"><span class='ocrx_word' id='word_1_473' title='bbox 641 3262 953 3320; x_wconf 87' lang='lat' dir='ltr'><strong>Dominica</strong></span> <span class='ocrx_word' id='word_1_474' title='bbox 993 3262 1216 3335; x_wconf 89' lang='lat' dir='ltr'><strong>scripta</strong></span> <span class='ocrx_word' id='word_1_475' title='bbox 1246 3260 1515 3318; x_wconf 91' lang='lat' dir='ltr'><strong>nonnulli</strong></span> <span class='ocrx_word' id='word_1_476' title='bbox 1546 3277 1931 3333; x_wconf 86' lang='lat' dir='ltr'><strong>corrumpere</strong></span> <span class='ocrx_word' id='word_1_477' title='bbox 1960 3270 2098 3321; x_wconf 90' lang='lat' dir='ltr'><strong>sunt</strong></span> <span class='ocrx_word' id='word_1_478' title='bbox 2135 3268 2290 3333; x_wconf 89' lang='lat' dir='ltr'><strong>ausi,</strong></span> 
     </span>
    </p>
   </div>
   <div class='ocr_carea' id='block_1_68' title="bbox 2408 3274 2551 3328">
    <p class='ocr_par' dir='ltr' id='par_1_68' title="bbox 2408 3274 2551 3328">
     <span class='ocr_line' id='line_1_68' title="bbox 2408 3274 2551 3328; baseline 0 -5"><span class='ocrx_word' id='word_1_479' title='bbox 2408 3274 2551 3328; x_wconf 90' lang='grc' dir='ltr'><strong>σίου.</strong></span> 
     </span>
    </p>
   </div>
   <div class='ocr_carea' id='block_1_69' title="bbox 639 3349 3858 3441">
    <p class='ocr_par' dir='ltr' id='par_1_69' title="bbox 639 3349 3858 3441">
     <span class='ocr_line' id='line_1_69' title="bbox 639 3349 3858 3441; baseline 0.003 -33"><span class='ocrx_word' id='word_1_480' title='bbox 639 3353 888 3426; x_wconf 88' lang='lat' dir='ltr'><strong>quando</strong></span> <span class='ocrx_word' id='word_1_481' title='bbox 918 3353 1157 3418; x_wconf 89' lang='lat' dir='ltr'><strong>nostris,</strong></span> <span class='ocrx_word' id='word_1_482' title='bbox 1198 3352 1377 3407; x_wconf 88' lang='lat' dir='ltr'><strong>etiam</strong></span> <span class='ocrx_word' id='word_1_483' title='bbox 1409 3350 1521 3407; x_wconf 91' lang='lat' dir='ltr'><strong>illis</strong></span> <span class='ocrx_word' id='word_1_484' title='bbox 1544 3349 1722 3421; x_wconf 90' lang='lat' dir='ltr'><strong>longe</strong></span> <span class='ocrx_word' id='word_1_485' title='bbox 1747 3351 2159 3420; x_wconf 89' lang='lat' dir='ltr'><strong>dissimilibus,</strong></span> <span class='ocrx_word' id='word_1_486' title='bbox 2186 3355 2440 3416; x_wconf 89' lang='lat' dir='ltr'><strong>insidias</strong></span> <span class='ocrx_word' id='word_1_487' title='bbox 2472 3363 2836 3417; x_wconf 90' lang='lat' dir='ltr'><strong>struxerunt.</strong></span> <span class='ocrx_word' id='word_1_488' title='bbox 2867 3380 2896 3413; x_wconf 73' lang='grc' dir='ltr'><strong>υ</strong></span> <span class='ocrx_word' id='word_1_489' title='bbox 2928 3361 3029 3416; x_wconf 87' lang='lat' dir='ltr'><strong>Est</strong></span> <span class='ocrx_word' id='word_1_490' title='bbox 3053 3359 3232 3417; x_wconf 91' lang='lat' dir='ltr'><strong>etiam</strong></span> <span class='ocrx_word' id='word_1_491' title='bbox 3262 3358 3665 3441; x_wconf 20' lang='lat' dir='ltr'><strong>epistohaj‘us</strong></span> <span class='ocrx_word' id='word_1_492' title='bbox 3684 3352 3733 3412; x_wconf 77' lang='lat' dir='ltr'><strong>td</strong></span> <span class='ocrx_word' id='word_1_493' title='bbox 3748 3350 3858 3417; x_wconf 59' lang='grc' dir='ltr'><strong>θη·</strong></span> 
     </span>
    </p>
   </div>
   <div class='ocr_carea' id='block_1_70' title="bbox 636 3441 3861 3516">
    <p class='ocr_par' dir='ltr' id='par_1_70' title="bbox 636 3441 3861 3516">
     <span class='ocr_line' id='line_1_70' title="bbox 636 3441 3861 3516; baseline 0.003 -18"><span class='ocrx_word' id='word_1_494' title='bbox 636 3442 988 3514; x_wconf 82' lang='lat' dir='ltr'><strong>sopharam,</strong></span> <span class='ocrx_word' id='word_1_495' title='bbox 1022 3441 1382 3499; x_wconf 85' lang='lat' dir='ltr'><strong>ﬁdissimam</strong></span> <span class='ocrx_word' id='word_1_496' title='bbox 1436 3455 1706 3498; x_wconf 90' lang='lat' dir='ltr'><strong>sororem</strong></span> <span class='ocrx_word' id='word_1_497' title='bbox 1738 3457 1751 3498; x_wconf 89' lang='lat'><strong>:</strong></span> <span class='ocrx_word' id='word_1_498' title='bbox 1792 3441 1998 3500; x_wconf 89' lang='lat' dir='ltr'><strong>cuiille</strong></span> <span class='ocrx_word' id='word_1_499' title='bbox 2037 3446 2454 3507; x_wconf 86' lang='lat' dir='ltr'><strong>convenientia</strong></span> <span class='ocrx_word' id='word_1_500' title='bbox 2487 3448 2777 3516; x_wconf 89' lang='lat' dir='ltr'><strong>scribens,</strong></span> <span class='ocrx_word' id='word_1_501' title='bbox 2818 3449 3095 3507; x_wconf 87' lang='lat' dir='ltr'><strong>rationali</strong></span> <span class='ocrx_word' id='word_1_502' title='bbox 3131 3464 3271 3506; x_wconf 90' lang='lat' dir='ltr'><strong>eam</strong></span> <span class='ocrx_word' id='word_1_503' title='bbox 3312 3449 3629 3508; x_wconf 77' lang='lat' dir='ltr'><strong>exsatiavit</strong></span> <span class='ocrx_word' id='word_1_504' title='bbox 3667 3441 3861 3509; x_wconf 68' lang='grc' dir='ltr'>διωωωο</span> 
     </span>
    </p>
   </div>
   <div class='ocr_carea' id='block_1_71' title="bbox 644 3531 1214 3603">
    <p class='ocr_par' dir='ltr' id='par_1_71' title="bbox 644 3531 1214 3603">
     <span class='ocr_line' id='line_1_71' title="bbox 644 3531 1214 3603; baseline -0.004 -14"><span class='ocrx_word' id='word_1_505' title='bbox 644 3533 781 3590; x_wconf 67' lang='lat' dir='ltr'><strong>Hinc</strong></span> <span class='ocrx_word' id='word_1_506' title='bbox 805 3532 880 3589; x_wconf 90' lang='lat' dir='ltr'><strong>de</strong></span> <span class='ocrx_word' id='word_1_507' title='bbox 907 3531 1214 3603; x_wconf 86' lang='lat' dir='ltr'><strong>Dionysio.</strong></span> 
     </span>
    </p>
   </div>
   <div class='ocr_carea' id='block_1_72' title="bbox 1295 3618 1645 3676">
    <p class='ocr_par' dir='ltr' id='par_1_72' title="bbox 1295 3618 1645 3676">
     <span class='ocr_line' id='line_1_72' title="bbox 1295 3618 1645 3676; baseline -0.003 0"><span class='ocrx_word' id='word_1_508' title='bbox 1295 3618 1516 3676; x_wconf 80' lang='lat' dir='ltr'><strong>CAPUT</strong></span> <span class='ocrx_word' id='word_1_509' title='bbox 1554 3619 1645 3675; x_wconf 86' lang='lat' dir='ltr'><strong>IX.</strong></span> 
     </span>
    </p>
   </div>
   <div class='ocr_carea' id='block_1_73' title="bbox 638 3726 2289 3800">
    <p class='ocr_par' dir='ltr' id='par_1_73' title="bbox 638 3726 2289 3800">
     <span class='ocr_line' id='line_1_73' title="bbox 638 3726 2289 3800; baseline 0.002 -14"><span class='ocrx_word' id='word_1_510' title='bbox 638 3729 725 3786; x_wconf 80' lang='lat' dir='ltr'><strong>De</strong></span> <span class='ocrx_word' id='word_1_511' title='bbox 763 3728 1091 3800; x_wconf 72' lang='lat' dir='ltr'><strong>Theophila</strong></span> <span class='ocrx_word' id='word_1_512' title='bbox 1128 3726 1465 3784; x_wconf 67' lang='lat' dir='ltr'><strong>Antiochia</strong></span> <span class='ocrx_word' id='word_1_513' title='bbox 1493 3726 1787 3800; x_wconf 80' lang='lat' dir='ltr'><strong>episcopo,</strong></span> <span class='ocrx_word' id='word_1_514' title='bbox 1813 3733 1869 3785; x_wconf 85' lang='lat' dir='ltr'><strong>et</strong></span> <span class='ocrx_word' id='word_1_515' title='bbox 1905 3728 1981 3787; x_wconf 79' lang='lat' dir='ltr'><strong>de</strong></span> <span class='ocrx_word' id='word_1_516' title='bbox 2006 3728 2289 3799; x_wconf 75' lang='lat' dir='ltr'><strong>Modesto,</strong></span> 
     </span>
    </p>
   </div>
   <div class='ocr_carea' id='block_1_74' title="bbox 1171 3799 1779 3871">
    <p class='ocr_par' dir='ltr' id='par_1_74' title="bbox 1171 3799 1779 3871">
     <span class='ocr_line' id='line_1_74' title="bbox 1171 3799 1779 3871; baseline -0.003 -14"><span class='ocrx_word' id='word_1_517' title='bbox 1171 3814 1489 3871; x_wconf 82' lang='lat' dir='ltr'><strong>eorumque</strong></span> <span class='ocrx_word' id='word_1_518' title='bbox 1514 3799 1779 3870; x_wconf 79' lang='lat' dir='ltr'><strong>scriptis.</strong></span> 
     </span>
    </p>
   </div>
   <div class='ocr_carea' id='block_1_75' title="bbox 706 3905 2290 3984">
    <p class='ocr_par' dir='ltr' id='par_1_75' title="bbox 706 3905 2290 3984">
     <span class='ocr_line' id='line_1_75' title="bbox 706 3905 2290 3984; baseline 0.001 -21"><span class='ocrx_word' id='word_1_519' title='bbox 706 3907 1015 3979; x_wconf 83' lang='lat' dir='ltr'><strong>Theophili</strong></span> <span class='ocrx_word' id='word_1_520' title='bbox 1054 3911 1256 3964; x_wconf 89' lang='lat' dir='ltr'><strong>autem</strong></span> <span class='ocrx_word' id='word_1_521' title='bbox 1288 3905 1611 3963; x_wconf 71' lang='lat' dir='ltr'><strong>Antiochiae</strong></span> <span class='ocrx_word' id='word_1_522' title='bbox 1649 3906 1919 3981; x_wconf 87' lang='lat' dir='ltr'><strong>episcopi</strong></span> <span class='ocrx_word' id='word_1_523' title='bbox 1947 3907 2025 3964; x_wconf 91' lang='lat' dir='ltr'><strong>ad</strong></span> <span class='ocrx_word' id='word_1_524' title='bbox 2049 3909 2290 3984; x_wconf 81' lang='lat' dir='ltr'><strong>Autoly-</strong></span> 
     </span>
    </p>
   </div>
   <div class='ocr_carea' id='block_1_76' title="bbox 633 3994 2289 4055">
    <p class='ocr_par' dir='ltr' id='par_1_76' title="bbox 633 3994 2289 4055">
     <span class='ocr_line' id='line_1_76' title="bbox 633 3994 2289 4055; baseline 0.001 -1"><span class='ocrx_word' id='word_1_525' title='bbox 633 4012 774 4054; x_wconf 90' lang='lat' dir='ltr'><strong>cum</strong></span> <span class='ocrx_word' id='word_1_526' title='bbox 801 4002 918 4053; x_wconf 90' lang='lat' dir='ltr'><strong>tres</strong></span> <span class='ocrx_word' id='word_1_527' title='bbox 951 3997 1220 4053; x_wconf 88' lang='lat' dir='ltr'><strong>feruntur</strong></span> <span class='ocrx_word' id='word_1_528' title='bbox 1250 3994 1693 4052; x_wconf 87' lang='lat' dir='ltr'><strong>lnstitutionum</strong></span> <span class='ocrx_word' id='word_1_529' title='bbox 1726 3995 1881 4052; x_wconf 91' lang='lat' dir='ltr'><strong>libri.</strong></span> <span class='ocrx_word' id='word_1_530' title='bbox 1908 3999 1970 4052; x_wconf 91' lang='lat' dir='ltr'><strong>Et</strong></span> <span class='ocrx_word' id='word_1_531' title='bbox 1996 3998 2289 4055; x_wconf 89' lang='lat' dir='ltr'><strong>adversus</strong></span> 
     </span>
    </p>
   </div>
   <div class='ocr_carea' id='block_1_77' title="bbox 634 4083 2288 4157">
    <p class='ocr_par' dir='ltr' id='par_1_77' title="bbox 634 4083 2288 4157">
     <span class='ocr_line' id='line_1_77' title="bbox 634 4083 2288 4157; baseline 0.002 -15"><span class='ocrx_word' id='word_1_532' title='bbox 634 4086 1025 4156; x_wconf 82' lang='lat' dir='ltr'><strong>Hermogenis</strong></span> <span class='ocrx_word' id='word_1_533' title='bbox 1064 4084 1340 4142; x_wconf 72' lang='lat' dir='ltr'><strong>haeresim</strong></span> <span class='ocrx_word' id='word_1_534' title='bbox 1379 4083 1548 4152; x_wconf 90' lang='lat' dir='ltr'><strong>liber,</strong></span> <span class='ocrx_word' id='word_1_535' title='bbox 1592 4084 1652 4140; x_wconf 91' lang='lat' dir='ltr'><strong>in</strong></span> <span class='ocrx_word' id='word_1_536' title='bbox 1703 4101 1826 4157; x_wconf 89' lang='lat' dir='ltr'><strong>quo</strong></span> <span class='ocrx_word' id='word_1_537' title='bbox 1866 4086 2067 4143; x_wconf 89' lang='lat' dir='ltr'><strong>multis</strong></span> <span class='ocrx_word' id='word_1_538' title='bbox 2106 4089 2288 4145; x_wconf 87' lang='lat' dir='ltr'><strong>utitur</strong></span> 
     </span>
    </p>
   </div>
   <div class='ocr_carea' id='block_1_78' title="bbox 633 4172 2286 4249">
    <p class='ocr_par' dir='ltr' id='par_1_78' title="bbox 633 4172 2286 4249">
     <span class='ocr_line' id='line_1_78' title="bbox 633 4172 2286 4249; baseline 0.001 -17"><span class='ocrx_word' id='word_1_539' title='bbox 633 4175 989 4232; x_wconf 90' lang='lat' dir='ltr'><strong>testimoniis</strong></span> <span class='ocrx_word' id='word_1_540' title='bbox 1044 4190 1115 4231; x_wconf 92' lang='lat' dir='ltr'><strong>ex</strong></span> <span class='ocrx_word' id='word_1_541' title='bbox 1163 4172 1416 4231; x_wconf 90' lang='lat' dir='ltr'><strong>Joannis</strong></span> <span class='ocrx_word' id='word_1_542' title='bbox 1446 4173 1830 4246; x_wconf 80' lang='lat' dir='ltr'><strong>Apocalypsi.</strong></span> <span class='ocrx_word' id='word_1_543' title='bbox 1874 4177 2119 4232; x_wconf 87' lang='lat' dir='ltr'><strong>Exstant</strong></span> <span class='ocrx_word' id='word_1_544' title='bbox 2155 4178 2286 4249; x_wconf 85' lang='lat' dir='ltr'><strong>ejus</strong></span> 
     </span>
    </p>
   </div>
   <div class='ocr_carea' id='block_1_79' title="bbox 632 4262 2285 4337">
    <p class='ocr_par' dir='ltr' id='par_1_79' title="bbox 632 4262 2285 4337">
     <span class='ocr_line' id='line_1_79' title="bbox 632 4262 2285 4337; baseline 0.002 -17"><span class='ocrx_word' id='word_1_545' title='bbox 632 4278 876 4337; x_wconf 87' lang='lat' dir='ltr'><strong>quoque</strong></span> <span class='ocrx_word' id='word_1_546' title='bbox 916 4265 1133 4336; x_wconf 91' lang='lat' dir='ltr'><strong>scripta</strong></span> <span class='ocrx_word' id='word_1_547' title='bbox 1161 4263 1296 4328; x_wconf 90' lang='lat' dir='ltr'><strong>alia,</strong></span> <span class='ocrx_word' id='word_1_548' title='bbox 1328 4262 1543 4318; x_wconf 89' lang='lat' dir='ltr'><strong>divinis</strong></span> <span class='ocrx_word' id='word_1_549' title='bbox 1584 4262 1800 4320; x_wconf 82' lang='lat' dir='ltr'><strong>referta</strong></span> <span class='ocrx_word' id='word_1_550' title='bbox 1827 4264 2132 4321; x_wconf 91' lang='lat' dir='ltr'><strong>doctrinis.</strong></span> <span class='ocrx_word' id='word_1_551' title='bbox 2165 4267 2285 4323; x_wconf 76' lang='lat' dir='ltr'><strong>Cte-</strong></span> 
     </span>
    </p>
   </div>
   <div class='ocr_carea' id='block_1_80' title="bbox 3024 3623 3389 3683">
    <p class='ocr_par' dir='ltr' id='par_1_80' title="bbox 3024 3623 3389 3683">
     <span class='ocr_line' id='line_1_80' title="bbox 3024 3623 3389 3683; baseline 0 -1"><span class='ocrx_word' id='word_1_552' title='bbox 3024 3631 3267 3683; x_wconf 69' lang='grc' dir='ltr'><strong>ιιεοΑΛ.</strong></span> <span class='ocrx_word' id='word_1_553' title='bbox 3300 3623 3389 3682; x_wconf 85' lang='lat' dir='ltr'><strong>e&#39;.</strong></span> 
     </span>
    </p>
   </div>
   <div class='ocr_carea' id='block_1_81' title="bbox 2403 3723 3870 3811">
    <p class='ocr_par' dir='ltr' id='par_1_81' title="bbox 2403 3723 3870 3811">
     <span class='ocr_line' id='line_1_81' title="bbox 2403 3723 3870 3811; baseline -0.004 -22"><span class='ocrx_word' id='word_1_554' title='bbox 2403 3738 2555 3811; x_wconf 82' lang='grc' dir='ltr'><strong>Περὶ</strong></span> <span class='ocrx_word' id='word_1_555' title='bbox 2611 3733 2923 3807; x_wconf 71' lang='grc' dir='ltr'><strong>Θεοφίλου</strong></span> <span class='ocrx_word' id='word_1_556' title='bbox 2988 3734 3415 3806; x_wconf 79' lang='grc' dir='ltr'><strong>’Δντιοχείας,</strong></span> <span class='ocrx_word' id='word_1_557' title='bbox 3481 3736 3583 3811; x_wconf 69' lang='grc' dir='ltr'><strong>καί</strong></span> <span class='ocrx_word' id='word_1_558' title='bbox 3632 3723 3870 3784; x_wconf 66' lang='lat' dir='ltr'><strong>Merlin&quot;.</strong></span> 
     </span>
    </p>
   </div>
   <div class='ocr_carea' id='block_1_82' title="bbox 2720 3804 3653 3880">
    <p class='ocr_par' dir='ltr' id='par_1_82' title="bbox 2720 3804 3653 3880">
     <span class='ocr_line' id='line_1_82' title="bbox 2720 3804 3653 3880; baseline -0.003 -20"><span class='ocrx_word' id='word_1_559' title='bbox 2720 3804 2829 3860; x_wconf 71' lang='grc' dir='ltr'><strong>καὶ</strong></span> <span class='ocrx_word' id='word_1_560' title='bbox 2866 3814 2978 3869; x_wconf 83' lang='grc' dir='ltr'><strong>τῆς</strong></span> <span class='ocrx_word' id='word_1_561' title='bbox 3020 3804 3405 3880; x_wconf 70' lang='grc' dir='ltr'><strong>συγγραφῆς</strong></span> <span class='ocrx_word' id='word_1_562' title='bbox 3444 3804 3653 3859; x_wconf 79' lang='grc' dir='ltr'><strong>αὐτῶν.</strong></span> 
     </span>
    </p>
   </div>
   <div class='ocr_carea' id='block_1_83' title="bbox 2471 3906 3869 3986">
    <p class='ocr_par' dir='ltr' id='par_1_83' title="bbox 2471 3906 3869 3986">
     <span class='ocr_line' id='line_1_83' title="bbox 2471 3906 3869 3986; baseline -0.005 -19"><span class='ocrx_word' id='word_1_563' title='bbox 2471 3912 2722 3986; x_wconf 72' lang='grc' dir='ltr'><strong>Θεοφίλου</strong></span> <span class='ocrx_word' id='word_1_564' title='bbox 2774 3909 2853 3979; x_wconf 69' lang='grc' dir='ltr'><strong>δι,</strong></span> <span class='ocrx_word' id='word_1_565' title='bbox 2921 3916 2977 3965; x_wconf 82' lang='grc' dir='ltr'><strong>ὄν</strong></span> <span class='ocrx_word' id='word_1_566' title='bbox 3022 3911 3349 3985; x_wconf 78' lang='grc' dir='ltr'><strong>Ἀντιοχείας</strong></span> <span class='ocrx_word' id='word_1_567' title='bbox 3416 3911 3680 3966; x_wconf 69' lang='grc' dir='ltr'><strong>ἐπίσκοπον</strong></span> <span class='ocrx_word' id='word_1_568' title='bbox 3726 3906 3869 3974; x_wconf 50' lang='lat' dir='ltr'><strong>iret-am</strong></span> 
     </span>
    </p>
   </div>
   <div class='ocr_carea' id='block_1_84' title="bbox 2396 3992 3874 4078">
    <p class='ocr_par' dir='ltr' id='par_1_84' title="bbox 2396 3992 3874 4078">
     <span class='ocr_line' id='line_1_84' title="bbox 2396 3992 3874 4078; baseline 0.001 -22"><span class='ocrx_word' id='word_1_569' title='bbox 2396 4005 2524 4076; x_wconf 87' lang='grc' dir='ltr'><strong>πρὸς</strong></span> <span class='ocrx_word' id='word_1_570' title='bbox 2559 4002 2849 4057; x_wconf 76' lang='grc' dir='ltr'><strong>Αὐτόλυκον</strong></span> <span class='ocrx_word' id='word_1_571' title='bbox 2903 4006 3025 4078; x_wconf 87' lang='grc' dir='ltr'><strong>τρία</strong></span> <span class='ocrx_word' id='word_1_572' title='bbox 3062 4004 3333 4076; x_wconf 69' lang='grc' dir='ltr'><strong>ἐμφέρεται</strong></span> <span class='ocrx_word' id='word_1_573' title='bbox 3382 3995 3689 4075; x_wconf 79' lang='grc' dir='ltr'><strong>στοιχειώδη</strong></span> <span class='ocrx_word' id='word_1_574' title='bbox 3733 3992 3874 4065; x_wconf 54' lang='grc' dir='ltr'><strong>θηράμ·</strong></span> 
     </span>
    </p>
   </div>
   <div class='ocr_carea' id='block_1_85' title="bbox 2394 4083 3929 4167">
    <p class='ocr_par' dir='ltr' id='par_1_85' title="bbox 2394 4083 3929 4167">
     <span class='ocr_line' id='line_1_85' title="bbox 2394 4083 3929 4167; baseline -0.01 -21"><span class='ocrx_word' id='word_1_575' title='bbox 2394 4111 2556 4165; x_wconf 88' lang='grc' dir='ltr'><strong>ματα,</strong></span> <span class='ocrx_word' id='word_1_576' title='bbox 2614 4097 2705 4147; x_wconf 79' lang='grc' dir='ltr'><strong>καὶ</strong></span> <span class='ocrx_word' id='word_1_577' title='bbox 2765 4095 2897 4167; x_wconf 90' lang='grc' dir='ltr'><strong>πρὸς</strong></span> <span class='ocrx_word' id='word_1_578' title='bbox 2965 4096 3061 4151; x_wconf 83' lang='grc' dir='ltr'><strong>τήν</strong></span> <span class='ocrx_word' id='word_1_579' title='bbox 3114 4091 3455 4164; x_wconf 71' lang='grc' dir='ltr'><strong>Ἑρμογένους</strong></span> <span class='ocrx_word' id='word_1_580' title='bbox 3518 4092 3696 4163; x_wconf 82' lang='grc' dir='ltr'><strong>αἰρεσιν</strong></span> <span class='ocrx_word' id='word_1_581' title='bbox 3748 4083 3873 4150; x_wconf 64' lang='grc' dir='ltr'><strong>ἱτιρπ·</strong></span> <span class='ocrx_word' id='word_1_582' title='bbox 3928 4094 3929 4097; x_wconf 80' lang='lat'>‘</span> 
     </span>
    </p>
   </div>
   <div class='ocr_carea' id='block_1_86' title="bbox 2394 4170 3873 4256">
    <p class='ocr_par' dir='ltr' id='par_1_86' title="bbox 2394 4170 3873 4256">
     <span class='ocr_line' id='line_1_86' title="bbox 2394 4170 3873 4256; baseline 0.002 -21"><span class='ocrx_word' id='word_1_583' title='bbox 2394 4184 2444 4235; x_wconf 71' lang='grc' dir='ltr'><strong>ἂν</strong></span> <span class='ocrx_word' id='word_1_584' title='bbox 2493 4181 2532 4253; x_wconf 80' lang='grc' dir='ltr'><strong><em>ᾧ</em></strong></span> <span class='ocrx_word' id='word_1_585' title='bbox 2578 4180 2668 4234; x_wconf 76' lang='grc' dir='ltr'><strong>κάὶ</strong></span> <span class='ocrx_word' id='word_1_586' title='bbox 2697 4180 2904 4245; x_wconf 84' lang='grc' dir='ltr'><strong>πολλοῖς</strong></span> <span class='ocrx_word' id='word_1_587' title='bbox 2955 4199 3070 4235; x_wconf 89' lang='grc' dir='ltr'><strong>τισι</strong></span> <span class='ocrx_word' id='word_1_588' title='bbox 3127 4188 3331 4255; x_wconf 79' lang='grc' dir='ltr'><strong>χρῆται</strong></span> <span class='ocrx_word' id='word_1_589' title='bbox 3382 4180 3560 4256; x_wconf 83' lang='grc' dir='ltr'><strong>ῥητοῖς</strong></span> <span class='ocrx_word' id='word_1_590' title='bbox 3608 4185 3687 4237; x_wconf 78' lang='grc' dir='ltr'><strong>τῆς</strong></span> <span class='ocrx_word' id='word_1_591' title='bbox 3732 4170 3873 4226; x_wconf 43' lang='lat' dir='ltr'><strong>qm</strong></span> 
     </span>
    </p>
   </div>
   <div class='ocr_carea' id='block_1_87' title="bbox 2393 4265 3871 4345">
    <p class='ocr_par' dir='ltr' id='par_1_87' title="bbox 2393 4265 3871 4345">
     <span class='ocr_line' id='line_1_87' title="bbox 2393 4265 3871 4345; baseline -0.007 -20"><span class='ocrx_word' id='word_1_592' title='bbox 2393 4270 2797 4342; x_wconf 73' lang='grc' dir='ltr'><strong>Ἀποκαλύψεως</strong></span> <span class='ocrx_word' id='word_1_593' title='bbox 2822 4290 2836 4304; x_wconf 72' lang='grc' dir='ltr'><strong>ι</strong></span> <span class='ocrx_word' id='word_1_594' title='bbox 2893 4275 2983 4323; x_wconf 82' lang='grc' dir='ltr'><strong>καὶ</strong></span> <span class='ocrx_word' id='word_1_595' title='bbox 3026 4272 3174 4345; x_wconf 79' lang='grc' dir='ltr'><strong>ἕτερα</strong></span> <span class='ocrx_word' id='word_1_596' title='bbox 3212 4265 3272 4323; x_wconf 70' lang='grc' dir='ltr'><strong>δι</strong></span> <span class='ocrx_word' id='word_1_597' title='bbox 3321 4269 3487 4322; x_wconf 75' lang='grc' dir='ltr'><strong>αὐτοῦ</strong></span> <span class='ocrx_word' id='word_1_598' title='bbox 3536 4266 3700 4342; x_wconf 77' lang='grc' dir='ltr'><strong>βιϐλία</strong></span> <span class='ocrx_word' id='word_1_599' title='bbox 3726 4265 3871 4332; x_wconf 63' lang='grc' dir='ltr'><strong>ἔτιωμαρ</strong></span> 
     </span>
    </p>
   </div>
   <div class='ocr_carea' id='block_1_88' title="bbox 630 4351 2295 4432">
    <p class='ocr_par' dir='ltr' id='par_1_88' title="bbox 630 4351 2284 4424">
     <span class='ocr_line' id='line_1_88' title="bbox 630 4351 2284 4424; baseline 0.001 -14"><span class='ocrx_word' id='word_1_600' title='bbox 630 4356 825 4410; x_wconf 90' lang='lat' dir='ltr'><strong>terum</strong></span> <span class='ocrx_word' id='word_1_601' title='bbox 872 4369 945 4410; x_wconf 90' lang='lat' dir='ltr'><strong>ea</strong></span> <span class='ocrx_word' id='word_1_602' title='bbox 997 4358 1369 4424; x_wconf 89' lang='lat' dir='ltr'><strong>tempestate,</strong></span> <span class='ocrx_word' id='word_1_603' title='bbox 1417 4368 1555 4407; x_wconf 90' lang='lat' dir='ltr'><strong>cum</strong></span> <span class='ocrx_word' id='word_1_604' title='bbox 1618 4351 1879 4409; x_wconf 70' lang='lat' dir='ltr'><strong>haeretici</strong></span> <span class='ocrx_word' id='word_1_605' title='bbox 1925 4354 2284 4413; x_wconf 85' lang='lat' dir='ltr'><strong>zizaniorum</strong></span> 
     </span>
    </p>
   </div>
   <div class='ocr_carea' id='block_1_89' title="bbox 2403 4351 3870 4432">
    <p class='ocr_par' dir='ltr' id='par_1_89' title="bbox 2403 4354 3870 4432">
     <span class='ocr_line' id='line_1_89' title="bbox 2403 4354 3870 4432; baseline -0.01 -19"><span class='ocrx_word' id='word_1_606' title='bbox 2403 4361 2541 4413; x_wconf 83' lang='grc' dir='ltr'><strong>θείων</strong></span> <span class='ocrx_word' id='word_1_607' title='bbox 2606 4362 2776 4432; x_wconf 79' lang='grc' dir='ltr'><strong>μεστὰ</strong></span> <span class='ocrx_word' id='word_1_608' title='bbox 2828 4364 3197 4431; x_wconf 79' lang='grc' dir='ltr'><strong>κατηχήσεων.</strong></span> <span class='ocrx_word' id='word_1_609' title='bbox 3254 4365 3367 4411; x_wconf 85' lang='grc' dir='ltr'><strong>Τῶν</strong></span> <span class='ocrx_word' id='word_1_610' title='bbox 3426 4354 3480 4412; x_wconf 86' lang='grc' dir='ltr'><strong>δ’</strong></span> <span class='ocrx_word' id='word_1_611' title='bbox 3529 4360 3759 4429; x_wconf 76' lang='grc' dir='ltr'><strong>αἱρετικῶν</strong></span> <span class='ocrx_word' id='word_1_612' title='bbox 3796 4362 3870 4400; x_wconf 71' lang='lat' dir='ltr'><strong>m-</strong></span> 
     </span>
    </p>
   </div>
   <div class='ocr_carea' id='block_1_90' title="bbox 631 4441 2285 4513">
    <p class='ocr_par' dir='ltr' id='par_1_90' title="bbox 631 4441 2285 4513">
     <span class='ocr_line' id='line_1_90' title="bbox 631 4441 2285 4513; baseline 0.001 -14"><span class='ocrx_word' id='word_1_613' title='bbox 631 4457 821 4511; x_wconf 90' lang='lat' dir='ltr'><strong>more,</strong></span> <span class='ocrx_word' id='word_1_614' title='bbox 859 4442 919 4497; x_wconf 92' lang='lat' dir='ltr'><strong>in</strong></span> <span class='ocrx_word' id='word_1_615' title='bbox 955 4441 1185 4498; x_wconf 90' lang='lat' dir='ltr'><strong>sincera</strong></span> <span class='ocrx_word' id='word_1_616' title='bbox 1213 4445 1270 4497; x_wconf 92' lang='lat' dir='ltr'><strong>et</strong></span> <span class='ocrx_word' id='word_1_617' title='bbox 1306 4456 1459 4513; x_wconf 90' lang='lat' dir='ltr'><strong>pura</strong></span> <span class='ocrx_word' id='word_1_618' title='bbox 1488 4446 1753 4498; x_wconf 89' lang='lat' dir='ltr'><strong>semente</strong></span> <span class='ocrx_word' id='word_1_619' title='bbox 1785 4441 2074 4510; x_wconf 61' lang='lat' dir='ltr'><strong>Ecclesiae,</strong></span> <span class='ocrx_word' id='word_1_620' title='bbox 2114 4444 2285 4501; x_wconf 88' lang='lat' dir='ltr'><strong>valde</strong></span> 
     </span>
    </p>
   </div>
   <div class='ocr_carea' id='block_1_91' title="bbox 627 4528 2287 4606">
    <p class='ocr_par' dir='ltr' id='par_1_91' title="bbox 627 4528 2287 4606">
     <span class='ocr_line' id='line_1_91' title="bbox 627 4528 2287 4606; baseline 0.002 -19"><span class='ocrx_word' id='word_1_621' title='bbox 627 4536 1085 4589; x_wconf 84' lang='lat' dir='ltr'><strong>succrescerent.</strong></span> <span class='ocrx_word' id='word_1_622' title='bbox 1144 4528 1530 4585; x_wconf 91' lang='lat' dir='ltr'><strong>ecclesiarum</strong></span> <span class='ocrx_word' id='word_1_623' title='bbox 1584 4544 1691 4601; x_wconf 92' lang='lat' dir='ltr'><strong>per</strong></span> <span class='ocrx_word' id='word_1_624' title='bbox 1745 4529 1956 4587; x_wconf 90' lang='lat' dir='ltr'><strong>orbem</strong></span> <span class='ocrx_word' id='word_1_625' title='bbox 2022 4533 2287 4606; x_wconf 89' lang='lat' dir='ltr'><strong>episcopi</strong></span> 
     </span>
    </p>
   </div>
   <div class='ocr_carea' id='block_1_92' title="bbox 626 4617 2286 4692">
    <p class='ocr_par' dir='ltr' id='par_1_92' title="bbox 626 4617 2286 4692">
     <span class='ocr_line' id='line_1_92' title="bbox 626 4617 2286 4692; baseline 0.001 -15"><span class='ocrx_word' id='word_1_626' title='bbox 626 4619 762 4677; x_wconf 75' lang='lat' dir='ltr'><strong>illos</strong></span> <span class='ocrx_word' id='word_1_627' title='bbox 822 4620 1065 4692; x_wconf 90' lang='lat' dir='ltr'><strong>perinde</strong></span> <span class='ocrx_word' id='word_1_628' title='bbox 1108 4624 1287 4691; x_wconf 90' lang='lat' dir='ltr'><strong>atque</strong></span> <span class='ocrx_word' id='word_1_629' title='bbox 1326 4618 1639 4690; x_wconf 87' lang='lat' dir='ltr'><strong>sylvestres</strong></span> <span class='ocrx_word' id='word_1_630' title='bbox 1689 4617 1845 4675; x_wconf 88' lang='lat' dir='ltr'><strong>feras</strong></span> <span class='ocrx_word' id='word_1_631' title='bbox 1896 4620 2286 4692; x_wconf 80' lang='lat' dir='ltr'><strong>propellenda</strong></span> 
     </span>
    </p>
   </div>
   <div class='ocr_carea' id='block_1_93' title="bbox 626 4706 2283 4781">
    <p class='ocr_par' dir='ltr' id='par_1_93' title="bbox 626 4706 2283 4781">
     <span class='ocr_line' id='line_1_93' title="bbox 626 4706 2283 4781; baseline 0.001 -14"><span class='ocrx_word' id='word_1_632' title='bbox 626 4710 937 4775; x_wconf 87' lang='lat' dir='ltr'><strong>arcebant,</strong></span> <span class='ocrx_word' id='word_1_633' title='bbox 982 4708 1311 4781; x_wconf 91' lang='lat' dir='ltr'><strong>aliquando</strong></span> <span class='ocrx_word' id='word_1_634' title='bbox 1363 4706 1614 4780; x_wconf 90' lang='lat' dir='ltr'><strong>quidem</strong></span> <span class='ocrx_word' id='word_1_635' title='bbox 1658 4709 1897 4780; x_wconf 89' lang='lat' dir='ltr'><strong>scriptis</strong></span> <span class='ocrx_word' id='word_1_636' title='bbox 1938 4710 2018 4766; x_wconf 91' lang='lat' dir='ltr'><strong>ad</strong></span> <span class='ocrx_word' id='word_1_637' title='bbox 2069 4710 2283 4768; x_wconf 88' lang='lat' dir='ltr'><strong>fratres</strong></span> 
     </span>
    </p>
   </div>
   <div class='ocr_carea' id='block_1_94' title="bbox 626 4796 2286 4872">
    <p class='ocr_par' dir='ltr' id='par_1_94' title="bbox 626 4796 2286 4872">
     <span class='ocr_line' id='line_1_94' title="bbox 626 4796 2286 4872; baseline 0.001 -17"><span class='ocrx_word' id='word_1_638' title='bbox 626 4798 1139 4855; x_wconf 82' lang='lat' dir='ltr'><strong>exhortationibus</strong></span> <span class='ocrx_word' id='word_1_639' title='bbox 1190 4801 1248 4855; x_wconf 91' lang='lat' dir='ltr'><strong>et</strong></span> <span class='ocrx_word' id='word_1_640' title='bbox 1281 4796 1615 4869; x_wconf 76' lang='lat' dir='ltr'><strong>prmceptis,</strong></span> <span class='ocrx_word' id='word_1_641' title='bbox 1663 4812 2104 4872; x_wconf 86' lang='lat' dir='ltr'><strong>nonnunquam</strong></span> <span class='ocrx_word' id='word_1_642' title='bbox 2143 4816 2286 4858; x_wconf 86' lang='lat' dir='ltr'><strong>vero</strong></span> 
     </span>
    </p>
   </div>
   <div class='ocr_carea' id='block_1_95' title="bbox 625 4886 2286 4947">
    <p class='ocr_par' dir='ltr' id='par_1_95' title="bbox 625 4886 2286 4947">
     <span class='ocr_line' id='line_1_95' title="bbox 625 4886 2286 4947; baseline 0.001 -2"><span class='ocrx_word' id='word_1_643' title='bbox 625 4888 805 4946; x_wconf 78' lang='lat' dir='ltr'><strong>etiam</strong></span> <span class='ocrx_word' id='word_1_644' title='bbox 835 4888 962 4944; x_wconf 88' lang='lat' dir='ltr'><strong>sola</strong></span> <span class='ocrx_word' id='word_1_645' title='bbox 990 4888 1310 4944; x_wconf 91' lang='lat' dir='ltr'><strong>verborum</strong></span> <span class='ocrx_word' id='word_1_646' title='bbox 1348 4886 1404 4942; x_wconf 92' lang='lat' dir='ltr'><strong>vi</strong></span> <span class='ocrx_word' id='word_1_647' title='bbox 1428 4886 1489 4942; x_wconf 92' lang='lat' dir='ltr'><strong>in</strong></span> <span class='ocrx_word' id='word_1_648' title='bbox 1519 4887 1732 4943; x_wconf 85' lang='lat' dir='ltr'><strong>faciem</strong></span> <span class='ocrx_word' id='word_1_649' title='bbox 1759 4886 2039 4944; x_wconf 89' lang='lat' dir='ltr'><strong>hostibus</strong></span> <span class='ocrx_word' id='word_1_650' title='bbox 2068 4889 2147 4945; x_wconf 91' lang='lat' dir='ltr'><strong>ad</strong></span> <span class='ocrx_word' id='word_1_651' title='bbox 2182 4905 2286 4947; x_wconf 88' lang='lat' dir='ltr'><strong>eos</strong></span> 
     </span>
    </p>
   </div>
   <div class='ocr_carea' id='block_1_96' title="bbox 622 4974 2282 5048">
    <p class='ocr_par' dir='ltr' id='par_1_96' title="bbox 622 4974 2282 5048">
     <span class='ocr_line' id='line_1_96' title="bbox 622 4974 2282 5048; baseline -0.001 -11"><span class='ocrx_word' id='word_1_652' title='bbox 622 4977 976 5037; x_wconf 72' lang='lat' dir='ltr'><strong>avertendos</strong></span> <span class='ocrx_word' id='word_1_653' title='bbox 1021 4974 1370 5048; x_wconf 86' lang='lat' dir='ltr'><strong>congressi;</strong></span> <span class='ocrx_word' id='word_1_654' title='bbox 1426 4975 1796 5048; x_wconf 89' lang='lat' dir='ltr'><strong>quandoque</strong></span> <span class='ocrx_word' id='word_1_655' title='bbox 1863 4976 2027 5033; x_wconf 86' lang='lat' dir='ltr'><strong>libris</strong></span> <span class='ocrx_word' id='word_1_656' title='bbox 2086 4978 2282 5046; x_wconf 89' lang='lat' dir='ltr'><strong>editis,</strong></span> 
     </span>
    </p>
   </div>
   <div class='ocr_carea' id='block_1_97' title="bbox 624 5064 2286 5140">
    <p class='ocr_par' dir='ltr' id='par_1_97' title="bbox 624 5064 2286 5140">
     <span class='ocr_line' id='line_1_97' title="bbox 624 5064 2286 5140; baseline 0.001 -17"><span class='ocrx_word' id='word_1_657' title='bbox 624 5066 827 5124; x_wconf 80' lang='lat' dir='ltr'><strong>densis</strong></span> <span class='ocrx_word' id='word_1_658' title='bbox 849 5073 1030 5140; x_wconf 89' lang='lat' dir='ltr'><strong>atque</strong></span> <span class='ocrx_word' id='word_1_659' title='bbox 1052 5066 1224 5123; x_wconf 89' lang='lat' dir='ltr'><strong>certis</strong></span> <span class='ocrx_word' id='word_1_660' title='bbox 1237 5064 1748 5123; x_wconf 87' lang='lat' dir='ltr'><strong>oonfutationibus</strong></span> <span class='ocrx_word' id='word_1_661' title='bbox 1766 5080 1870 5122; x_wconf 92' lang='lat' dir='ltr'><strong>eos</strong></span> <span class='ocrx_word' id='word_1_662' title='bbox 1880 5065 2059 5136; x_wconf 86' lang='lat' dir='ltr'><strong>longe</strong></span> <span class='ocrx_word' id='word_1_663' title='bbox 2076 5083 2286 5125; x_wconf 88' lang='lat' dir='ltr'><strong>aman-</strong></span> 
     </span>
    </p>
   </div>
   <div class='ocr_carea' id='block_1_98' title="bbox 622 5154 2283 5228">
    <p class='ocr_par' dir='ltr' id='par_1_98' title="bbox 622 5154 2283 5228">
     <span class='ocr_line' id='line_1_98' title="bbox 622 5154 2283 5228; baseline 0 -15"><span class='ocrx_word' id='word_1_664' title='bbox 622 5156 856 5213; x_wconf 89' lang='lat' dir='ltr'><strong>dantes.</strong></span> <span class='ocrx_word' id='word_1_665' title='bbox 903 5159 983 5211; x_wconf 91' lang='lat' dir='ltr'><strong>Ex</strong></span> <span class='ocrx_word' id='word_1_666' title='bbox 1014 5154 1231 5228; x_wconf 89' lang='lat' dir='ltr'><strong>quibus</strong></span> <span class='ocrx_word' id='word_1_667' title='bbox 1270 5154 1450 5211; x_wconf 88' lang='lat' dir='ltr'><strong>etiam</strong></span> <span class='ocrx_word' id='word_1_668' title='bbox 1499 5170 1654 5210; x_wconf 89' lang='lat' dir='ltr'><strong>unus</strong></span> <span class='ocrx_word' id='word_1_669' title='bbox 1684 5160 1792 5219; x_wconf 89' lang='lat' dir='ltr'><strong>est,</strong></span> <span class='ocrx_word' id='word_1_670' title='bbox 1834 5155 1909 5211; x_wconf 90' lang='lat' dir='ltr'><strong>de</strong></span> <span class='ocrx_word' id='word_1_671' title='bbox 1939 5172 2064 5227; x_wconf 91' lang='lat' dir='ltr'><strong>quo</strong></span> <span class='ocrx_word' id='word_1_672' title='bbox 2121 5173 2283 5214; x_wconf 89' lang='lat' dir='ltr'><strong>nunc</strong></span> 
     </span>
    </p>
   </div>
   <div class='ocr_carea' id='block_1_99' title="bbox 622 5243 2284 5319">
    <p class='ocr_par' dir='ltr' id='par_1_99' title="bbox 622 5243 2284 5319">
     <span class='ocr_line' id='line_1_99' title="bbox 622 5243 2284 5319; baseline 0 -15"><span class='ocrx_word' id='word_1_673' title='bbox 622 5247 881 5317; x_wconf 85' lang='lat' dir='ltr'><strong>agimus,</strong></span> <span class='ocrx_word' id='word_1_674' title='bbox 898 5244 1283 5317; x_wconf 89' lang='lat' dir='ltr'><strong>Theophilus,</strong></span> <span class='ocrx_word' id='word_1_675' title='bbox 1301 5243 1464 5300; x_wconf 86' lang='lat' dir='ltr'><strong>fortis</strong></span> <span class='ocrx_word' id='word_1_676' title='bbox 1477 5258 1620 5299; x_wconf 92' lang='lat' dir='ltr'><strong>sane</strong></span> <span class='ocrx_word' id='word_1_677' title='bbox 1638 5254 2052 5317; x_wconf 90' lang='lat' dir='ltr'><strong>propugnator</strong></span> <span class='ocrx_word' id='word_1_678' title='bbox 2071 5261 2085 5301; x_wconf 90' lang='lat'><strong>:</strong></span> <span class='ocrx_word' id='word_1_679' title='bbox 2101 5262 2284 5319; x_wconf 91' lang='lat' dir='ltr'><strong>quem</strong></span> 
     </span>
    </p>
   </div>
   <div class='ocr_carea' id='block_1_100' title="bbox 622 5334 2283 5410">
    <p class='ocr_par' dir='ltr' id='par_1_100' title="bbox 622 5334 2283 5410">
     <span class='ocr_line' id='line_1_100' title="bbox 622 5334 2283 5410; baseline 0.001 -18"><span class='ocrx_word' id='word_1_680' title='bbox 622 5342 829 5392; x_wconf 86' lang='lat' dir='ltr'><strong>contra</strong></span> <span class='ocrx_word' id='word_1_681' title='bbox 844 5334 1199 5392; x_wconf 86' lang='lat' dir='ltr'><strong>Marcionem</strong></span> <span class='ocrx_word' id='word_1_682' title='bbox 1212 5338 1448 5390; x_wconf 90' lang='lat' dir='ltr'><strong>strenue</strong></span> <span class='ocrx_word' id='word_1_683' title='bbox 1468 5349 1592 5389; x_wconf 90' lang='lat' dir='ltr'><strong>rem</strong></span> <span class='ocrx_word' id='word_1_684' title='bbox 1608 5334 2283 5410; x_wconf 89' lang='lat' dir='ltr'><strong>gessisse,erroremque</strong></span> 
     </span>
    </p>
   </div>
   <div class='ocr_carea' id='block_1_101' title="bbox 621 5422 2282 5497">
    <p class='ocr_par' dir='ltr' id='par_1_101' title="bbox 621 5422 2282 5497">
     <span class='ocr_line' id='line_1_101' title="bbox 621 5422 2282 5497; baseline 0 -15"><span class='ocrx_word' id='word_1_685' title='bbox 621 5424 750 5495; x_wconf 82' lang='lat' dir='ltr'><strong>ejus</strong></span> <span class='ocrx_word' id='word_1_686' title='bbox 776 5430 834 5482; x_wconf 86' lang='lat' dir='ltr'><strong>et</strong></span> <span class='ocrx_word' id='word_1_687' title='bbox 871 5424 1145 5482; x_wconf 89' lang='lat' dir='ltr'><strong>fraudem</strong></span> <span class='ocrx_word' id='word_1_688' title='bbox 1176 5424 1236 5480; x_wconf 91' lang='lat' dir='ltr'><strong>in</strong></span> <span class='ocrx_word' id='word_1_689' title='bbox 1272 5423 1581 5497; x_wconf 90' lang='lat' dir='ltr'><strong>publicum</strong></span> <span class='ocrx_word' id='word_1_690' title='bbox 1606 5422 1985 5496; x_wconf 90' lang='lat' dir='ltr'><strong>produxisse,</strong></span> <span class='ocrx_word' id='word_1_691' title='bbox 2013 5440 2085 5481; x_wconf 93' lang='lat' dir='ltr'><strong>ex</strong></span> <span class='ocrx_word' id='word_1_692' title='bbox 2113 5424 2282 5482; x_wconf 89' lang='lat' dir='ltr'><strong>libris</strong></span> 
     </span>
    </p>
   </div>
   <div class='ocr_carea' id='block_1_102' title="bbox 620 5513 2282 5589">
    <p class='ocr_par' dir='ltr' id='par_1_102' title="bbox 620 5513 2282 5589">
     <span class='ocr_line' id='line_1_102' title="bbox 620 5513 2282 5589; baseline 0.002 -17"><span class='ocrx_word' id='word_1_693' title='bbox 620 5515 752 5587; x_wconf 89' lang='lat' dir='ltr'><strong>ejus</strong></span> <span class='ocrx_word' id='word_1_694' title='bbox 776 5516 878 5588; x_wconf 91' lang='lat' dir='ltr'><strong>qui</strong></span> <span class='ocrx_word' id='word_1_695' title='bbox 909 5515 1109 5574; x_wconf 91' lang='lat' dir='ltr'><strong>adhuc</strong></span> <span class='ocrx_word' id='word_1_696' title='bbox 1138 5513 1659 5582; x_wconf 87' lang='lat' dir='ltr'><strong>ctrcumferuntur,</strong></span> <span class='ocrx_word' id='word_1_697' title='bbox 1692 5514 1834 5571; x_wconf 89' lang='lat' dir='ltr'><strong>satis</strong></span> <span class='ocrx_word' id='word_1_698' title='bbox 1865 5520 2141 5589; x_wconf 88' lang='lat' dir='ltr'><strong>apparet.</strong></span> <span class='ocrx_word' id='word_1_699' title='bbox 2166 5516 2282 5575; x_wconf 90' lang='lat' dir='ltr'><strong>Sed</strong></span> 
     </span>
    </p>
   </div>
   <div class='ocr_carea' id='block_1_103' title="bbox 625 5603 2285 5685">
    <p class='ocr_par' dir='ltr' id='par_1_103' title="bbox 625 5603 2285 5685">
     <span class='ocr_line' id='line_1_103' title="bbox 625 5603 2285 5685; baseline 0.003 -22"><span class='ocrx_word' id='word_1_700' title='bbox 625 5615 753 5664; x_wconf 84' lang='lat' dir='ltr'><strong>non</strong></span> <span class='ocrx_word' id='word_1_701' title='bbox 778 5603 829 5664; x_wconf 86' lang='lat' dir='ltr'><strong>is</strong></span> <span class='ocrx_word' id='word_1_702' title='bbox 866 5604 1050 5665; x_wconf 89' lang='lat' dir='ltr'><strong>modo</strong></span> <span class='ocrx_word' id='word_1_703' title='bbox 1104 5608 1313 5665; x_wconf 83' lang='lat' dir='ltr'><strong>contra</strong></span> <span class='ocrx_word' id='word_1_704' title='bbox 1339 5603 1651 5665; x_wconf 82' lang='lat' dir='ltr'><strong>Ponticum</strong></span> <span class='ocrx_word' id='word_1_705' title='bbox 1692 5604 2054 5669; x_wconf 77' lang='lat' dir='ltr'><strong>Marcionem</strong></span> <span class='ocrx_word' id='word_1_706' title='bbox 2088 5605 2285 5685; x_wconf 78' lang='lat' dir='ltr'><strong>depu-</strong></span> 
     </span>
    </p>
   </div>
   <div class='ocr_carea' id='block_1_104' title="bbox 2392 4437 3870 4521">
    <p class='ocr_par' dir='ltr' id='par_1_104' title="bbox 2392 4437 3870 4521">
     <span class='ocr_line' id='line_1_104' title="bbox 2392 4437 3870 4521; baseline -0.007 -20"><span class='ocrx_word' id='word_1_707' title='bbox 2392 4456 2563 4501; x_wconf 82' lang='grc' dir='ltr'>καῦτα</span> <span class='ocrx_word' id='word_1_708' title='bbox 2608 4449 2857 4512; x_wconf 77' lang='grc' dir='ltr'><strong>ζιζανίων</strong></span> <span class='ocrx_word' id='word_1_709' title='bbox 2906 4445 3062 4508; x_wconf 82' lang='grc' dir='ltr'><strong>δίκην</strong></span> <span class='ocrx_word' id='word_1_710' title='bbox 3110 4455 3185 4519; x_wconf 87' lang='grc' dir='ltr'><strong>τῷ</strong></span> <span class='ocrx_word' id='word_1_711' title='bbox 3240 4446 3507 4521; x_wconf 84' lang='grc' dir='ltr'><strong>εἰλικρινεῖ</strong></span> <span class='ocrx_word' id='word_1_712' title='bbox 3545 4453 3636 4507; x_wconf 76' lang='grc' dir='ltr'><strong>τῆς</strong></span> <span class='ocrx_word' id='word_1_713' title='bbox 3679 4437 3870 4496; x_wconf 63' lang='grc' dir='ltr'><strong>ἐιιλῑίέκ</strong></span> 
     </span>
    </p>
   </div>
   <div class='ocr_carea' id='block_1_105' title="bbox 2395 4530 3867 4613">
    <p class='ocr_par' dir='ltr' id='par_1_105' title="bbox 2395 4530 3867 4613">
     <span class='ocr_line' id='line_1_105' title="bbox 2395 4530 3867 4613; baseline -0.024 3"><span class='ocrx_word' id='word_1_714' title='bbox 2395 4542 2574 4613; x_wconf 70' lang='grc' dir='ltr'><strong>σπόρῳ</strong></span> <span class='ocrx_word' id='word_1_715' title='bbox 2628 4546 2835 4611; x_wconf 85' lang='grc' dir='ltr'><strong>συχνῶς</strong></span> <span class='ocrx_word' id='word_1_716' title='bbox 2890 4536 3258 4610; x_wconf 73' lang='grc' dir='ltr'><strong>ἕπιφυομίνων,</strong></span> <span class='ocrx_word' id='word_1_717' title='bbox 3294 4538 3343 4590; x_wconf 80' lang='grc' dir='ltr'><strong>οἱ</strong></span> <span class='ocrx_word' id='word_1_718' title='bbox 3396 4535 3497 4589; x_wconf 76' lang='grc' dir='ltr'><strong>ἀνὰ</strong></span> <span class='ocrx_word' id='word_1_719' title='bbox 3544 4539 3633 4593; x_wconf 73' lang='grc' dir='ltr'><strong>τὴν</strong></span> <span class='ocrx_word' id='word_1_720' title='bbox 3682 4530 3867 4596; x_wconf 66' lang='grc' dir='ltr'><strong>οἰκονμνπ</strong></span> 
     </span>
    </p>
   </div>
   <div class='ocr_carea' id='block_1_106' title="bbox 2393 4612 3860 4703">
    <p class='ocr_par' dir='ltr' id='par_1_106' title="bbox 2393 4612 3860 4703">
     <span class='ocr_line' id='line_1_106' title="bbox 2393 4612 3860 4703; baseline -0.003 -25"><span class='ocrx_word' id='word_1_721' title='bbox 2393 4612 2507 4679; x_wconf 83' lang='grc' dir='ltr'><strong>τῶν</strong></span> <span class='ocrx_word' id='word_1_722' title='bbox 2559 4626 2847 4686; x_wconf 76' lang='grc' dir='ltr'><strong>ἐκκλησιῶν</strong></span> <span class='ocrx_word' id='word_1_723' title='bbox 2902 4628 3151 4700; x_wconf 81' lang='grc' dir='ltr'><strong>ἡγεμόνες</strong></span> <span class='ocrx_word' id='word_1_724' title='bbox 3206 4626 3292 4679; x_wconf 80' lang='grc' dir='ltr'><strong>οἷοί</strong></span> <span class='ocrx_word' id='word_1_725' title='bbox 3342 4645 3492 4689; x_wconf 89' lang='grc' dir='ltr'><strong>τινας</strong></span> <span class='ocrx_word' id='word_1_726' title='bbox 3549 4623 3741 4698; x_wconf 84' lang='grc' dir='ltr'><strong>ἀγρίους</strong></span> 
     </span>
    </p>
   </div>
   <div class='ocr_carea' id='block_1_107' title="bbox 2396 4697 3864 4799">
    <p class='ocr_par' dir='ltr' id='par_1_107' title="bbox 2396 4697 3864 4799">
     <span class='ocr_line' id='line_1_107' title="bbox 2396 4697 3864 4799; baseline -0.01 -29"><span class='ocrx_word' id='word_1_727' title='bbox 2396 4712 2761 4778; x_wconf 78' lang='grc' dir='ltr'><strong>διασοϐοῦντες</strong></span> <span class='ocrx_word' id='word_1_728' title='bbox 2820 4697 3073 4791; x_wconf 82' lang='grc' dir='ltr'><strong>ἀνεῖργον,</strong></span> <span class='ocrx_word' id='word_1_729' title='bbox 3140 4718 3261 4769; x_wconf 74' lang='grc' dir='ltr'><strong>ποτὶ</strong></span> <span class='ocrx_word' id='word_1_730' title='bbox 3472 4717 3603 4787; x_wconf 88' lang='grc' dir='ltr'><strong>πρός</strong></span> <span class='ocrx_word' id='word_1_731' title='bbox 3659 4712 3759 4768; x_wconf 81' lang='grc' dir='ltr'><strong>τοὺς</strong></span> 
     </span>
    </p>
   </div>
   <div class='ocr_carea' id='block_1_108' title="bbox 2394 4799 3851 4885">
    <p class='ocr_par' dir='ltr' id='par_1_108' title="bbox 2394 4799 3851 4885">
     <span class='ocr_line' id='line_1_108' title="bbox 2394 4799 3851 4885; baseline -0.003 -28"><span class='ocrx_word' id='word_1_732' title='bbox 2394 4809 2520 4877; x_wconf 65' lang='grc' dir='ltr'><strong>γοὺς</strong></span> <span class='ocrx_word' id='word_1_733' title='bbox 2561 4804 2834 4879; x_wconf 75' lang='grc' dir='ltr'><strong>ίγγράφοις</strong></span> <span class='ocrx_word' id='word_1_734' title='bbox 2886 4808 3183 4868; x_wconf 88' lang='grc' dir='ltr'><strong>νουθεσίαις</strong></span> <span class='ocrx_word' id='word_1_735' title='bbox 3226 4809 3316 4858; x_wconf 82' lang='grc' dir='ltr'><strong>καὶ</strong></span> <span class='ocrx_word' id='word_1_736' title='bbox 3355 4804 3706 4877; x_wconf 80' lang='grc' dir='ltr'><strong>εἰσηγήσεσιν,</strong></span> <span class='ocrx_word' id='word_1_737' title='bbox 3749 4799 3813 4847; x_wconf 72' lang='grc' dir='ltr'><strong>ἔστι</strong></span> 
     </span>
    </p>
   </div>
   <div class='ocr_carea' id='block_1_109' title="bbox 2394 4884 3927 4979">
    <p class='ocr_par' dir='ltr' id='par_1_109' title="bbox 2394 4884 3927 4979">
     <span class='ocr_line' id='line_1_109' title="bbox 2394 4884 3927 4979; baseline -0.007 -32"><span class='ocrx_word' id='word_1_738' title='bbox 2394 4896 2477 4947; x_wconf 85' lang='grc' dir='ltr'><strong>ὅτε</strong></span> <span class='ocrx_word' id='word_1_739' title='bbox 2532 4899 2626 4947; x_wconf 84' lang='grc' dir='ltr'><strong>καὶ</strong></span> <span class='ocrx_word' id='word_1_740' title='bbox 2695 4901 2810 4958; x_wconf 84' lang='grc' dir='ltr'><strong>ταῖς</strong></span> <span class='ocrx_word' id='word_1_741' title='bbox 2879 4894 3314 4970; x_wconf 78' lang='grc' dir='ltr'><strong>αὖτοπροσώποις</strong></span> <span class='ocrx_word' id='word_1_742' title='bbox 3367 4902 3466 4946; x_wconf 83' lang='grc' dir='ltr'><strong>τῶν</strong></span> <span class='ocrx_word' id='word_1_743' title='bbox 3527 4892 3683 4964; x_wconf 77' lang='grc' dir='ltr'><strong>λόγων</strong></span> <span class='ocrx_word' id='word_1_744' title='bbox 3733 4884 3873 4979; x_wconf 54' lang='grc' dir='ltr'><strong>μάσταξ</strong></span> 
     </span>
    </p>
   </div>
   <div class='ocr_carea' id='block_1_110' title="bbox 2392 4956 3927 5057">
    <p class='ocr_par' dir='ltr' id='par_1_110' title="bbox 2392 4956 3927 5057">
     <span class='ocr_line' id='line_1_110' title="bbox 2392 4956 3927 5057; baseline -0.016 -8"><span class='ocrx_word' id='word_1_745' title='bbox 2392 4991 2601 5056; x_wconf 71' lang='grc' dir='ltr'><strong>γυμνῶς</strong></span> <span class='ocrx_word' id='word_1_746' title='bbox 2657 4956 2805 5036; x_wconf 17' lang='grc' dir='ltr'><strong>οὗτωή</strong></span> <span class='ocrx_word' id='word_1_747' title='bbox 2847 4986 2974 5056; x_wconf 85' lang='grc' dir='ltr'><strong>πρὸς</strong></span> <span class='ocrx_word' id='word_1_748' title='bbox 3027 4956 3319 5057; x_wconf 72' lang='grc' dir='ltr'><strong>ἀνατροπὴν</strong></span> <span class='ocrx_word' id='word_1_749' title='bbox 3381 4956 3666 5056; x_wconf 59' lang='grc' dir='ltr'><strong>χωροῦντες</strong></span> <span class='ocrx_word' id='word_1_750' title='bbox 3694 4993 3709 5007; x_wconf 72' lang='grc'><strong><em>⁸</em></strong></span> <span class='ocrx_word' id='word_1_751' title='bbox 3735 4956 3821 5025; x_wconf 30' lang='grc' dir='ltr'><strong>’τ’νό</strong></span> <span class='ocrx_word' id='word_1_752' title='bbox 3851 4956 3881 5011; x_wconf 70' lang='grc' dir='ltr'><strong>δ’</strong></span> 
     </span>
    </p>
   </div>
   <div class='ocr_carea' id='block_1_111' title="bbox 2391 5060 3880 5153">
    <p class='ocr_par' dir='ltr' id='par_1_111' title="bbox 2391 5060 3880 5153">
     <span class='ocr_line' id='line_1_111' title="bbox 2391 5060 3880 5153; baseline -0.011 -23"><span class='ocrx_word' id='word_1_753' title='bbox 2391 5077 2481 5125; x_wconf 72' lang='grc' dir='ltr'><strong>καὶ</strong></span> <span class='ocrx_word' id='word_1_754' title='bbox 2534 5072 2813 5146; x_wconf 70' lang='grc' dir='ltr'><strong>ὔγγράφοις</strong></span> <span class='ocrx_word' id='word_1_755' title='bbox 2866 5075 3209 5146; x_wconf 80' lang='grc' dir='ltr'><strong>ὑπομνήμασι</strong></span> <span class='ocrx_word' id='word_1_756' title='bbox 3246 5079 3320 5142; x_wconf 80' lang='grc' dir='ltr'><strong>τῷ</strong></span> <span class='ocrx_word' id='word_1_757' title='bbox 3368 5077 3580 5143; x_wconf 88' lang='grc' dir='ltr'><strong>συνεχεί</strong></span> <span class='ocrx_word' id='word_1_758' title='bbox 3623 5060 3880 5153; x_wconf 51' lang='lat' dir='ltr'><strong>riora—571:&quot;</strong></span> 
     </span>
    </p>
   </div>
   <div class='ocr_carea' id='block_1_112' title="bbox 2391 5150 3878 5247">
    <p class='ocr_par' dir='ltr' id='par_1_112' title="bbox 2391 5150 3878 5247">
     <span class='ocr_line' id='line_1_112' title="bbox 2391 5150 3878 5247; baseline -0.001 -34"><span class='ocrx_word' id='word_1_759' title='bbox 2391 5166 2480 5214; x_wconf 84' lang='grc' dir='ltr'><strong>καὶ</strong></span> <span class='ocrx_word' id='word_1_760' title='bbox 2526 5161 2861 5237; x_wconf 75' lang='grc' dir='ltr'><strong>ἠκριϐωμίνῳ</strong></span> <span class='ocrx_word' id='word_1_761' title='bbox 2913 5181 3117 5235; x_wconf 87' lang='grc' dir='ltr'><strong>μακραν</strong></span> <span class='ocrx_word' id='word_1_762' title='bbox 3175 5159 3559 5220; x_wconf 81' lang='grc' dir='ltr'><strong>ἀπελαύνοντες.</strong></span> <span class='ocrx_word' id='word_1_763' title='bbox 3617 5151 3730 5211; x_wconf 75' lang='grc' dir='ltr'><strong>Καθ’</strong></span> <span class='ocrx_word' id='word_1_764' title='bbox 3766 5150 3812 5247; x_wconf 48' lang='grc' dir='ltr'><strong>ὦς’</strong></span> <span class='ocrx_word' id='word_1_765' title='bbox 3839 5150 3878 5247; x_wconf 26' lang='grc'><strong>⁸⁵³</strong></span> 
     </span>
    </p>
   </div>
   <div class='ocr_carea' id='block_1_113' title="bbox 2390 5236 3879 5331">
    <p class='ocr_par' dir='ltr' id='par_1_113' title="bbox 2390 5236 3879 5331">
     <span class='ocr_line' id='line_1_113' title="bbox 2390 5236 3879 5331; baseline -0.003 -29"><span class='ocrx_word' id='word_1_766' title='bbox 2390 5255 2481 5303; x_wconf 84' lang='grc' dir='ltr'><strong>καὶ</strong></span> <span class='ocrx_word' id='word_1_767' title='bbox 2534 5251 2561 5302; x_wconf 93' lang='grc' dir='ltr'><strong>ό</strong></span> <span class='ocrx_word' id='word_1_768' title='bbox 2598 5236 2709 5303; x_wconf 76' lang='grc' dir='ltr'><strong>νῦν</strong></span> <span class='ocrx_word' id='word_1_769' title='bbox 2765 5252 2890 5324; x_wconf 78' lang='grc' dir='ltr'><strong>ἡμῖν</strong></span> <span class='ocrx_word' id='word_1_770' title='bbox 2949 5250 3020 5313; x_wconf 87' lang='grc' dir='ltr'><strong>είς</strong></span> <span class='ocrx_word' id='word_1_771' title='bbox 3086 5253 3300 5325; x_wconf 87' lang='grc' dir='ltr'><strong>θεωρίαν</strong></span> <span class='ocrx_word' id='word_1_772' title='bbox 3350 5253 3676 5324; x_wconf 81' lang='grc' dir='ltr'><strong>προκείμενος</strong></span> <span class='ocrx_word' id='word_1_773' title='bbox 3727 5236 3879 5331; x_wconf 27' lang='grc' dir='ltr'><strong>Θόταιξί</strong></span> 
     </span>
    </p>
   </div>
   <div class='ocr_carea' id='block_1_114' title="bbox 2392 5330 3878 5415">
    <p class='ocr_par' dir='ltr' id='par_1_114' title="bbox 2392 5330 3878 5415">
     <span class='ocr_line' id='line_1_114' title="bbox 2392 5330 3878 5415; baseline 0.003 -23"><span class='ocrx_word' id='word_1_774' title='bbox 2392 5336 2655 5415; x_wconf 75' lang='grc' dir='ltr'><strong>ἀνδρικῶς</strong></span> <span class='ocrx_word' id='word_1_775' title='bbox 2730 5344 3197 5415; x_wconf 79' lang='grc' dir='ltr'><strong>στρατευσάμενος,</strong></span> <span class='ocrx_word' id='word_1_776' title='bbox 3246 5337 3402 5403; x_wconf 81' lang='grc' dir='ltr'><strong>δῆλός</strong></span> <span class='ocrx_word' id='word_1_777' title='bbox 3469 5336 3584 5390; x_wconf 71' lang='grc' dir='ltr'><strong>ἔστί</strong></span> <span class='ocrx_word' id='word_1_778' title='bbox 3636 5330 3767 5388; x_wconf 79' lang='grc' dir='ltr'><strong>πολυς</strong></span> <span class='ocrx_word' id='word_1_779' title='bbox 3816 5336 3878 5413; x_wconf 43' lang='grc' dir='ltr'><strong>ἐπέ</strong></span> 
     </span>
    </p>
   </div>
   <div class='ocr_carea' id='block_1_115' title="bbox 2388 5423 3879 5505">
    <p class='ocr_par' dir='ltr' id='par_1_115' title="bbox 2388 5423 3879 5505">
     <span class='ocr_line' id='line_1_115' title="bbox 2388 5423 3879 5505; baseline 0.01 -23"><span class='ocrx_word' id='word_1_780' title='bbox 2388 5430 2525 5483; x_wconf 87' lang='grc' dir='ltr'>κατὰ</span> <span class='ocrx_word' id='word_1_781' title='bbox 2599 5435 2924 5505; x_wconf 85' lang='grc' dir='ltr'><strong>Μαρκίωνος,</strong></span> <span class='ocrx_word' id='word_1_782' title='bbox 3002 5429 3056 5496; x_wconf 73' lang='grc' dir='ltr'><strong>ἐξ</strong></span> <span class='ocrx_word' id='word_1_783' title='bbox 3111 5452 3177 5485; x_wconf 86' lang='grc' dir='ltr'><strong>ων</strong></span> <span class='ocrx_word' id='word_1_784' title='bbox 3252 5433 3441 5484; x_wconf 83' lang='grc' dir='ltr'><strong>είσίται</strong></span> <span class='ocrx_word' id='word_1_785' title='bbox 3508 5423 3879 5505; x_wconf 43' lang='grc' dir='ltr'><strong>ἐμφερομένωῗθ</strong></span> 
     </span>
    </p>
   </div>
   <div class='ocr_carea' id='block_1_116' title="bbox 2389 5506 3879 5592">
    <p class='ocr_par' dir='ltr' id='par_1_116' title="bbox 2389 5506 3879 5592">
     <span class='ocr_line' id='line_1_116' title="bbox 2389 5506 3879 5592; baseline -0.007 -19"><span class='ocrx_word' id='word_1_786' title='bbox 2389 5523 2540 5573; x_wconf 72' lang='grc' dir='ltr'><strong>ιιείων</strong></span> <span class='ocrx_word' id='word_1_787' title='bbox 2609 5518 2773 5592; x_wconf 86' lang='grc' dir='ltr'><strong>λόγων</strong></span> <span class='ocrx_word' id='word_1_788' title='bbox 2828 5525 2924 5582; x_wconf 70' lang='grc' dir='ltr'><strong>τὴν</strong></span> <span class='ocrx_word' id='word_1_789' title='bbox 2980 5523 3172 5576; x_wconf 66' lang='grc' dir='ltr'><strong>ἑκείνου</strong></span> <span class='ocrx_word' id='word_1_790' title='bbox 3227 5519 3421 5579; x_wconf 78' lang='grc' dir='ltr'><strong>πλάνην</strong></span> <span class='ocrx_word' id='word_1_791' title='bbox 3496 5511 3707 5590; x_wconf 72' lang='grc' dir='ltr'><strong>στερρῶς</strong></span> <span class='ocrx_word' id='word_1_792' title='bbox 3760 5506 3879 5558; x_wconf 54' lang='grc' dir='ltr'><strong>ἔστιν</strong></span> 
     </span>
    </p>
   </div>
   <div class='ocr_carea' id='block_1_117' title="bbox 2391 5600 3769 5690">
    <p class='ocr_par' dir='ltr' id='par_1_117' title="bbox 2391 5600 3769 5690">
     <span class='ocr_line' id='line_1_117' title="bbox 2391 5600 3769 5690; baseline -0.009 -22"><span class='ocrx_word' id='word_1_793' title='bbox 2391 5626 2567 5667; x_wconf 74' lang='grc' dir='ltr'><strong>τευεν.Δ</strong></span> <span class='ocrx_word' id='word_1_794' title='bbox 2592 5610 2719 5689; x_wconf 76' lang='grc' dir='ltr'><strong>οὐχ</strong></span> <span class='ocrx_word' id='word_1_795' title='bbox 2752 5610 2904 5678; x_wconf 77' lang='grc' dir='ltr'><strong>οὗτος</strong></span> <span class='ocrx_word' id='word_1_796' title='bbox 2942 5606 3009 5668; x_wconf 73' lang='grc' dir='ltr'><strong>δι</strong></span> <span class='ocrx_word' id='word_1_797' title='bbox 3036 5614 3195 5690; x_wconf 69' lang='grc' dir='ltr'><strong>μόνας</strong></span> <span class='ocrx_word' id='word_1_798' title='bbox 3239 5609 3378 5666; x_wconf 74' lang='grc' dir='ltr'><strong>κατὰ</strong></span> <span class='ocrx_word' id='word_1_799' title='bbox 3406 5612 3507 5663; x_wconf 74' lang='grc' dir='ltr'><strong>τοῦ</strong></span> <span class='ocrx_word' id='word_1_800' title='bbox 3544 5600 3769 5661; x_wconf 73' lang='grc' dir='ltr'><strong>Ποντικοῦ</strong></span> 
     </span>
    </p>
   </div>
  </div>
