4032 6282
108 282 201 342 997
1129 264 1699 333 ECCLESIASTIC/E
1734 262 2096 327 HISTOBIB
2136 260 2271 321 LIB.
2312 260 2408 321 Ν.
3336 256 3443 317 998

114 417 275 471 κίωνος
315 408 606 477 ἓνίσταται,
652 403 782 458 ἆλλὰ
835 406 926 457 καὶ
973 401 1247 467 Φίλιππος,
1301 398 1354 451 ὃν
1400 399 1501 473 πρὸ
1556 394 1687 471 βρα-

1851 393 2003 450 navit
2032 408 2047 449 :
2078 390 2255 463 294
2286 389 2391 445 sed
2418 392 2476 445 et
2530 386 2853 459 Philippus,
2883 400 3064 458 quem
3093 384 3276 477 paulo
3306 389 3443 441 ante

115 506 226 574 χίος
299 501 353 551 ix
411 505 510 551 τῶν
590 474 860 549 Ᾰιονυσίου
928 499 1100 565 φωνῶν
1178 497 1275 551 τῆς
1344 490 1392 541 ἓν
1458 488 1683 559 Γορτύνῃ

1850 500 1872 540 ι
1898 482 2159 554 Dionysii
2191 479 2390 536 verbis
2422 478 2772 551 episcopum
2794 478 3067 547 Gortyna
3098 474 3278 531 fuisse
3298 474 3442 529 didi-

114 592 373 662 παροικίας
427 586 712 639 ἐπίσκοπον
787 587 1027 655 ἔγνωμεν,
1093 575 1509 633 σπουδαιότατον
1554 577 1688 627 πάνυ

1857 569 2387 639 mus,luculentum
2410 567 2695 623 adversus
2708 566 2988 621 eumdem
3000 564 3182 620 edidit
3202 563 3445 631 librum,

114 680 250 749 λόγον
288 677 399 729 κατ’
443 674 634 729 ἐκείνου
675 674 913 745 ἐξήνεγκε
942 688 955 701 ·
1002 674 1087 723 ναὶ
1130 674 1233 741 μὴν
1278 672 1365 720 καὶ
1417 666 1691 740 Εἰρηναῖος

1854 662 1972 718 cuti
2001 666 2058 717 et
2109 660 2360 715 Irenaus
2393 674 2406 712 :
2443 662 2500 713 et
2542 656 2859 723 Modestus,
2901 655 3004 726 qui
3045 670 3169 726 pra
3219 652 3446 708 cateris

115 773 195 821 xui
237 763 509 828 Μόδεστος
542 783 554 794 ’
587 764 637 825 ὃς
687 772 786 816 τῶν
836 762 999 814 ἄλλων
1056 762 1119 821 ὡς
1168 757 1408 811 πλεῖστον
1461 759 1553 813 τήν
1600 759 1692 805 τοῦ

1857 753 2064 808 ιειχίωθ
2094 750 2458 820 imposturas
2490 746 2620 817 ejus
2653 750 2707 800 et
2744 750 2799 799 et
2828 743 3221 816 deprehendit
3246 741 3449 797 redar-

117 854 288 929 ἁνδρὸς
339 857 724 927 καταφωράσας
770 852 991 920 πλάνην,
1041 846 1383 921 διαφερόντως
1437 843 1690 915 ἐξήλεγξι.

1857 842 1949 896 ait.
1978 841 2129 906 Quin
2162 842 2217 893 et
2248 837 2446 909 plures
2470 836 2569 891 alii
2598 840 2897 890 certamen
2927 838 3135 887 contra
3158 846 3293 887 eum
3325 846 3449 885 sus-

117 950 207 1000 Kui
267 943 411 997 οἴλλοι
470 940 529 996 δε
585 942 791 1003 πλείους
865 939 1042 1011 ἀγῶνα
1090 938 1205 991 κατ’
1275 936 1436 989 αύτού
1487 934 1694 991 ἐνεστη-

1861 934 2121 1001 ιρθτυηιε
2152 942 2412 999 quorum
2440 928 2837 980 monumenta
2857 921 2935 978 ad
2962 921 3078 978 hoc
3100 935 3288 992 usque
3310 925 3453 976 tem-

118 1053 261 1088 σαντο
294 1051 307 1064 '
363 1034 431 1084 ὧν
487 1036 576 1085 xui
625 1034 691 1083 τὰ
730 1032 1083 1103 ὑπομνήματα
1128 1028 1272 1102 παρὰ
1322 1032 1430 1087 τοῖς
1483 1021 1697 1096 φιλομα-

1322 1032 1430 1087 τοῖς
1483 1021 1697 1096 φιλομα-
1805 1036 1922 1093 pus
1950 1036 1988 1078 a
2016 1016 2297 1077 studiosis
2325 1021 2466 1073 sunt
2493 1018 2864 1071 conservata.

118 1128 243 1179 θίσιν
274 1122 320 1185 ἇς
360 1120 514 1198 δεῦρο
555 1118 590 1175 δ
596 1120 1020 1192 ιαφυλάττονται.

734 1258 978 1307 ΚΕΦΔΛ.
1010 1251 1067 1305 l'.

2477 1251 2695 1307 CAPUT
2735 1245 2797 1306 X.

179 1370 746 1453 ﬂipi_Mc_)tiree_ve;
807 1376 915 1421 τοῦ
978 1362 1321 1453 Σάρδεωνς
1401 1364 1700 1451 καὶπερὶ

1856 1372 1897 1425 te
1924 1366 2205 1425 Melitone
2228 1366 2517 1425 Sardensi
2555 1368 2847 1438 episcopo,
2878 1372 2932 1426 et
2960 1370 3262 1440 opusculis
3292 1372 3448 1442 ejus.

341 1444 417 1497 ὧν
456 1443 694 1517 ἔγραψε
730 1446 1191 1513 πραγματειῶν
1230 1443 1449 1491 αὑτοῦ.

180 1568 334 1624 Κατὰ
386 1566 453 1628 δὴ
505 1572 625 1629 τοὺς
675 1570 903 1641 χρόνους
946 1567 1156 1625 τούτους
1190 1566 1281 1615 καὶ
1331 1560 1562 1615 Μιλίτων
1608 1568 1704 1621 τῆς

1883 1563 2117 1621 Eisdem
2147 1562 2522 1636 temporibus
2554 1563 2747 1620 Melito
2767 1580 3011 1638 quoque
3039 1567 3370 1633 Sardensis,
3404 1571 3461 1624 et

116 1660 160 1710 ἓν
210 1654 464 1733 Σάρδεσιν
519 1656 820 1725 ὶκκλησίκς,
877 1653 1265 1727 Ἀπολλινάριός
1310 1669 1362 1703 τε
1416 1658 1505 1711 τῆς
1549 1648 1705 1719 Ἱερα-

1867 1654 2257 1728 ppollinarius
2282 1654 2859 1726 Hierapolitanorum
2886 1656 3148 1713 ecclesia
3176 1658 3459 1730 episcopi,

116 1746 329 1800 πολιτῶν
375 1746 655 1799 ἐπίσκοποι
712 1744 1071 1820 ἐγνωρίζοντο,
1128 1741 1301 1813 λόγοις
1372 1758 1427 1792 τε
1492 1734 1706 1811 διαπρε-

1870 1745 2155 1818 oquentia
2183 1743 2360 1800 simul
2389 1743 2836 1817 apostolicaque
2866 1745 3138 1803 doctrina
3160 1747 3217 1802 in
3255 1747 3462 1818 primis

117 1844 219 1897 πῶς
266 1835 609 1908 ἀκμάζοντις,
664 1839 754 1887 xui
793 1840 903 1895 τοῖς
939 1840 1038 1885 τῶν
1090 1829 1389 1883 ἀποστόλων
1442 1824 1707 1899 δόγμασιν

1874 1849 2105 1892 )ruere:
2136 1832 2238 1905 qui
2276 1832 2460 1889 ambo
2498 1834 2744 1889 seorsim
2790 1837 2982 1892 Marco
3022 1837 3344 1892 Antomino
3367 1837 3466 1907 ju-

118 1924 478 1999 ἇπιπρέποντες
509 1943 522 1954 ·
572 1924 620 1979 οἳ
684 1921 751 1983 δὴ
800 1927 889 1976 xui
945 1923 1115 1994 ἄμφω.
1174 1920 1372 1993 Μάρκῳ
1422 1919 1709 1988 Ἀντωνίνῳ

1872 1926 1970 1980 iort
1999 1938 2109 1995 pro
2129 1922 2474 1978 Christiana
2505 1922 2807 1992 religionis
2832 1923 3178 1981 defensione
3210 1926 3464 1999 scriptos

118 2022 186 2084 τῷ
217 2017 311 2085 νέῳ
356 2014 544 2086 λόγους
574 2015 700 2088 ύπερ
743 2020 837 2074 τῆς
888 2013 1033 2083 ἡμῶν
1060 2014 1287 2070 πίστεως
1326 2004 1441 2079 ἰδίᾳ
1477 2006 1710 2079 ἑκάτερος

1875 2029 2002 2070 eros
2026 2013 2320 2068 dicarunt.
2344 2010 2532 2068 Melito
2554 2027 2698 2067 sane
2718 2012 2871 2067 duos
2887 2014 2972 2069 De
2992 2014 3282 2071 Paschate
3306 2029 3467 2070 com-

122 2101 397 2174 ἁπολογίας
436 2106 650 2176 ἔχοντας
702 2107 1132 2176 προσεφώνησαν.
1170 2097 1230 2150 '0
1277 2100 1451 2170 μέντοι
1482 2096 1711 2150 Μελίτων

1876 2103 2024 2159 Jsuit
2066 2102 2269 2165 libros,
2301 2102 2362 2156 in
2400 2116 2662 2173 quorum
2693 2102 3005 2174 principio,
3048 2118 3170 2176 quo
3204 2109 3468 2175 tempore

122 2197 204 2244 xui
256 2189 469 2255 διττούς
524 2197 678 2265 Περὶ
716 2200 825 2244 τοῦ
857 2192 1092 2261 Πάσχα
1125 2187 1311 2259 λόγους
1362 2188 1668 2244 συντίθησιν
1693 2206 1711 2225 ο

1875 2209 1924 2249 )S
1982 2191 2416 2261 conscripserit,
2465 2192 2725 2246 ostendit
2773 2191 2937 2247 hisce
2980 2192 3175 2248 verbis
3213 2209 3227 2247 :
3290 2213 3314 2243 ι
3345 2194 3467 2249 Sub

125 2280 170 2333 ἐν
223 2278 295 2343 οἷς
334 2284 571 2355 ἐμφαίνει
600 2280 926 2354 ἀρχόμενος,
955 2278 1075 2331 καθ’
1104 2277 1157 2329 ὃν
1187 2281 1379 2351 χρόνον
1428 2278 1493 2328 τὰ
1539 2273 1717 2348 βιϐλία

1879 2281 2064 2338 ετνὶΙὶο
2095 2280 2279 2336 Paulo
2299 2280 2452 2335 Asia
2472 2280 2850 2351 proconsule,
2881 2296 3004 2353 quo
3034 2286 3300 2353 tempore
3324 2284 3471 2339 San-

130 2375 409 2438 συνέταττε,
461 2374 667 2432 τούτοις
724 2378 839 2433 τοῖς
908 2368 1141 2443 ῥήμασιν
1172 2385 1183 2396 ·
1228 2386 1253 2417 ε
1304 2367 1423 2418 Ἐπὶ
1476 2363 1715 2438 Σερουίλ-

1876 2372 1984 2429 aris
2014 2369 2369 2441 martyrimu
2415 2368 2581 2437 obiit,
2612 2370 2865 2441 quastio
2892 2384 3113 2440 magna
3146 2371 3468 2436 Laodicea,

127 2458 214 2512 λον
276 2459 573 2513 ἀνθυπάτου
635 2460 855 2514 Παύλου
917 2466 1011 2521 τῆς
1092 2458 1297 2521 Ἀσίας,
1458 2458 1718 2528 Σάγγαρις

1877 2478 1901 2517 e
1930 2459 2239 2525 Paschate,
2290 2458 2454 2530 quod
2486 2459 2832 2530 tempestive
2866 2459 2926 2514 in
2953 2475 3056 2515 eos
3082 2460 3292 2516 incidit
3320 2460 3469 2525 dies,

130 2557 282 2622 καιρῷ
330 2552 710 2623 ἐμαρτύρησεν,
768 2551 967 2620 ἓγίνετο
1008 2546 1233 2607 ζήτησις
1284 2544 1443 2603 πολλὴ
1494 2546 1541 2596 ἓν
1585 2549 1721 2596 Λαο-

1876 2558 1914 2607 st
1944 2555 2167 2613 exorta,
2208 2548 2337 2603 hac
2387 2562 2628 2620 quoque
2680 2563 2715 2604 a
2750 2563 2847 2603 me
2893 2555 3032 2603 sunt
3060 2550 3407 2621 perscripta.
3444 2569 3468 2601 ι

137 2631 298 2709 δικείᾳ
348 2644 464 2711 περὶ
517 2646 609 2690 τοῦ
672 2639 896 2708 Πάσχα,
961 2637 1273 2707 ἐμπεσόντος
1342 2634 1478 2685 κατὰ
1539 2636 1720 2705 καιρόν

1882 2647 2085 2696 torum
2136 2637 2425 2693 librorum
2475 2636 2742 2691 Clemens
2771 2652 3015 2709 quoque
3045 2637 3474 2694 Alexandrinus

141 2723 187 2775 ἐν
236 2726 436 2787 ἐκείναις
478 2734 589 2789 ταῖς
644 2729 889 2799 ἡμέραις,
933 2729 1024 2777 xui
1070 2722 1265 2795 ἐγράφη
1308 2729 1493 2776 ταῦτα.
1535 2741 1564 2774 ν
1595 2724 1723 2775 Τού-

1882 2728 2103 2786 ιθωίηἱι
2133 2728 2192 2782 in
2222 2741 2333 2782 suo
2376 2727 2462 2782 De
2489 2725 2778 2782 Paschate
2823 2741 3019 2799 opere,
3048 2728 3212 2799 quod
3246 2744 3308 2783 se
3332 2743 3474 2800 pro-

147 2828 238 2862 των
295 2809 349 2866 δι
407 2822 501 2867 τῶν
590 2816 752 2886 λόγων
841 2817 933 2866 καὶ
989 2812 1015 2863 6
1100 2807 1467 2885 Ἀλεξανδρεύς
1512 2810 1724 2883 Κλήμης

1886 2824 1962 2874 ter
2019 2816 2355 2873 Melitonem
2413 2814 2825 2887 composuisse
2883 2822 3144 2871 testatur.
3193 2819 3478 2873 Praterea

146 2906 303 2971 μνείαν
339 2913 560 2957 ποιεῖται
607 2903 656 2956 έν
711 2911 783 2973 τῷ
841 2906 1070 2975 σφετέρῳ
1122 2904 1273 2975 Περὶ
1329 2907 1438 2952 τοῦ
1491 2902 1725 2973 Πάσχα

1887 2907 2138 2965 elitionis
2187 2904 2338 2960 liber
2366 2903 2797 2970 circumfertur,
2842 2905 2928 2960 De
2952 2908 3397 2962 conversatione
3426 2909 3479 2962 et

141 2988 261 3062 λόγῳ
289 3010 301 3024 ·
348 2994 401 3045 ὃν
443 2989 536 3047 διὰ
589 2994 873 3048 Μιλίτωνα
902 2990 1153 3053 συντάξαι
1205 2992 1420 3064 ἱστορεῖ.
1474 2994 1643 3062 Λόγος
1674 2987 1725 3042 δ’

1885 2996 2159 3068 rephetis,
2181 2994 2323 3049 item
2348 2995 2430 3049 De
2454 2992 2743 3058 Ecclesia,
2767 2993 2917 3049 alius
2942 2994 3019 3050 De
3046 2994 3139 3051 die
3153 2995 3477 3058 Dominico,

131 3079 287 3153 ἔτερος
336 3090 431 3135 τοῦ
482 3083 776 3144 Μιλίτωνος
840 3086 1071 3156 φέρεται,
1116 3080 1142 3131 ό
1199 3084 1355 3153 Περὶ
1396 3079 1723 3144 πολιτείας

1888 3090 1988 3145 lius
2035 3088 2120 3143 De
2152 3088 2377 3141 natura
2423 3090 2475 3140 et
2516 3086 2814 3141 creatione
2847 3084 3098 3140 hominis
3140 3085 3480 3159 inscriptus.

130 3174 225 3221 xui
262 3181 612 3245 προφητῶν
646 3192 659 3205 ο
716 3176 818 3224 xui
869 3172 895 3223 6
946 3174 1095 3244 Περὶ
1138 3168 1530 3230 Ἐκκλησίας
1578 3172 1722 3223 καὶὸ

1892 3194 1981 3234 em
2015 3178 2099 3232 De
2122 3174 2454 3231 obedientia
2493 3173 2633 3241 fidei
2657 3190 2675 3227 :
2710 3173 2793 3229 De
2815 3174 3081 3230 sensibus
3128 3174 3484 3248 [eorumque

129 3263 269 3331 Περὶ
311 3268 654 3335 Κυριακῆς
692 3262 767 3314 ἔτι
825 3257 886 3313 δε
916 3260 941 3312 6
998 3262 1149 3331 Πιρὶ
1186 3262 1466 3320 πίστεως
1506 3256 1721 3333 ἀνθρώ·

1885 3265 2128 3339 adibus].
2189 3263 2353 3319 Alius
2395 3269 2701 3335 praterea,
2744 3264 2828 3319 De
2873 3264 3076 3319 anima
3106 3271 3158 3320 et
3204 3280 3477 3335 corpore.

125 3364 236 3400 που
265 3355 380 3403 καὶ
410 3350 578 3403 πλάσ
605 3358 822 3411 εωςτῆν
849 3347 1141 3424 ἓπιγραφήν
1162 3346 1409 3419 εἰληφώς·
1433 3349 1561 3401 καὶό
1582 3354 1717 3422 Περὶ

1896 3372 2085 3420 ursus,
2108 3355 2193 3410 De
2224 3355 2469 3409 lavacro
2484 3359 2535 3408 et
2565 3354 2853 3416 veritate;
2889 3356 2969 3409 Ue
2984 3353 3122 3421 ﬁde,
3155 3358 3209 3410 et
3237 3355 3309 3410 de
3334 3355 3488 3411 nati-

124 3436 412 3502 ὑπακοῆς
451 3445 771 3501 πίστεως·
800 3443 890 3491 καὶ
921 3440 947 3491 ό
978 3441 1134 3510 Περὶ
1165 3436 1627 3511 αἰσθητηρίων,
1651 3442 1712 3491 in

1895 3448 2026 3503 [tate
2050 3444 2297 3501 Christi.
2326 3443 2574 3513 Insuper
2594 3442 2681 3498 De
2700 3443 3036 3511 prophetia,
3067 3444 3209 3499 etde
3234 3442 3487 3511 hospita-

123 3520 187 3584 δὴ
220 3532 424 3590 τούτοις
470 3530 496 3581 6
527 3534 687 3603 Περὶ
727 3528 955 3600 ψυχῆς
995 3527 1133 3597 αύτῷ
1170 3529 1279 3578 xui
1322 3531 1614 3598 σώματος
1648 3546 1711 3581 πε

1898 3540 2029 3592 tute.
2065 3537 2207 3589 Item
2242 3532 2292 3587 is
2325 3531 2428 3602 qui
2471 3530 2685 3585 dicitur
2734 3531 2973 3587 Ctavis:
3006 3533 3089 3588 De
3108 3532 3364 3598 diabolo,
3405 3534 3490 3588 De

127 3622 417 3687 πονημένος
464 3620 625 3672 ἑστίν.
674 3617 756 3671 Ἐν
812 3618 884 3678 οἷς
934 3619 1024 3668 καὶ
1080 3618 1235 3688 Περὶ
1298 3612 1569 3687 λουτροῦ
1628 3620 1719 3669 xu?

1900 3622 2214 3697 pocatypsi
2256 3620 2527 3715 ἶῙοιιηηίε,
2568 3621 2652 3676 De
2689 3620 2795 3677 deo
2836 3636 3084 3690 corpore
3132 3621 3361 3677 induto.
3402 3621 3492 3678 Ad

126 3704 484 3768 ἀληθείαςο
530 3712 619 3760 xui
660 3708 686 3759 6
737 3710 895 3779 Περὶ
952 3709 1208 3766 κτίσεως
1264 3708 1371 3757 xui
1434 3709 1718 3775 γενέσεωι

1901 3732 1957 3771 es
1986 3711 2216 3770 accedit
2256 3709 2407 3765 liber
2434 3710 2723 3765 antonino
2753 3709 3010 3775 oblatus,
3043 3710 3103 3765 in
3136 3726 3259 3783 quo
3283 3717 3493 3767 contra

126 3798 382 3866 Χριτού
417 3816 430 3829 ·
468 3800 559 3849 καὶ
590 3796 753 3871 ἔτιροι
809 3792 868 3849 δι
916 3794 1059 3866 αὐτῷ
1119 3796 1496 3865 συνιτάγησαν·
1539 3796 1705 3869 όΠερ

1898 3820 1958 3860 os
1991 3808 2114 3858 tum
2140 3798 2424 3871 temporis
2455 3803 2689 3867 patrata
2709 3798 2849 3854 talia
2872 3799 3150 3870 quadam
3174 3803 3490 3856 memorat.

124 3898 514 3965 προφητεία
546 3914 568 3954 ς
606 3898 715 3945 xui
770 3892 1180 3965 φιλυξενίαςο
1212 3893 1288 3943 ἔτι
1335 3887 1479 3944 δὶἨ
1528 3892 1699 3956 κλεῖς

1906 3890 2074 3957 Quod
2093 3894 2269 3945 antea
2284 3902 2595 3960 nunquam
2616 3893 2705 3941 est
2720 3886 2965 3953 factum,
2986 3888 3043 3943 id
3070 3903 3229 3943 nunc
3248 3889 3492 3946 tandem

125 3985 312 4035 καὶτὰ
373 3987 530 4055 Περὶ
573 3990 679 4035 τοῦ
739 3978 1083 4044 διαϐόλου,
1120 3984 1371 4041 καὶτῆς
1409 3980 1717 4034 ’Δποκαλύ

1906 3988 1932 4047 t,
1966 3986 2031 4035 ut
2053 3977 2307 4034 cultores
2335 3976 2436 4031 Dei
2466 3974 2824 4045 affligantur,
2858 3981 2913 4032 et
2937 3977 3109 4031 novis
3130 3977 3335 4034 edictis
3363 3994 3498 4051 pro-

123 4068 293 4140 ψιως
334 4072 680 4125 Ἰωάννου’
724 4075 813 4123 xui
852 4072 879 4122 6
921 4074 1083 4143 Περὶ
1122 4067 1490 4141 ἇνσωμάτου
1540 4078 1699 4124 Θεοῦ

1908 4068 2057 4125 )sitis
2089 4081 2195 4139 per
2224 4066 2425 4121 Asiam
2457 4063 2922 4135 proscribantur.
2958 4066 3133 4138 295
3177 4067 3500 4138 [mpuden-

123 4165 213 4211 xui
244 4164 304 4213 τό
335 4164 473 4233 πρὸς
505 4160 816 4215 Ἀντωνῖνον
844 4162 931 4211 ini
957 4164 1091 4212 πᾶσι
1115 4155 1313 4231 βιϐλίον
1342 4174 1355 4189 ⁶
1378 4160 1427 4210 ἓν
1511 4165 1601 4212 καί
1626 4180 1715 4213 τινι

1904 4157 2060 4213 ssimi
2088 4155 2248 4211 enim
2279 4154 2689 4225 sycophanta,
2718 4160 2775 4208 et
2807 4156 2907 4226 qui
2940 4158 3147 4210 alienis
3175 4155 3347 4212 bonis
3373 4157 3496 4213 ani-

124 4257 358 4303 τοιαύτα
416 4250 538 4302 καθ’
582 4251 728 4322 ἡμῶν
770 4244 1023 4307 τηνικάδε
1067 4253 1312 4320 γινόμενα
1348 4249 1547 4321 ἱστορεί
1582 4267 1595 4279 ⁸
1625 4273 1653 4300 (ι
1682 4269 1716 4302 τ.

1909 4263 2019 4302 ηιιω
2051 4260 2157 4317 per
2174 4243 2568 4314 cupiditatem
2590 4250 2645 4297 et
2672 4242 2989 4299 avaritiam
3018 4245 3313 4315 adjecere,
3332 4262 3501 4302 occa-

122 4342 230 4415 γὰρ
270 4340 334 4393 ού
376 4344 584 4393 πώποτε
614 4342 900 4411 γενόμενον,
933 4337 1114 4408 λέγων,
1138 4344 1226 4389 νῦν
1249 4334 1284 4389 δ
1288 4342 1492 4390 ιώκεται
1513 4357 1526 4371 ·
1555 4342 1614 4392 τὸ
1643 4347 1714 4392 τῶ

1908 4351 2019 4393 one
2054 4350 2126 4391 ex
2157 4333 2496 4405 principum
2544 4332 3071 4389 constitutionibus
3104 4342 3364 4407 arrepta,
3395 4335 3500 4390 diu

127 4428 396 4482 θεοσεϐῶν
456 4433 624 4500 γένος,
678 4434 878 4488 καινοῖς
933 4426 1261 4498 ἕλαυνόμενον
1322 4422 1559 4499 δόγμασι
1608 4448 1719 4481 κατι

1910 4432 2153 4496 ictuque
2189 4421 2507 4495 propalam
2546 4422 2853 4477 excutiunt
2891 4429 2947 4477 et
2974 4422 3220 4494 rapiunt
3257 4440 3360 4479 eos
3398 4424 3502 4495 qui

126 4522 223 4575 τὴν
279 4520 494 4572 Ἀσίαν.
561 4519 627 4571 Οἱ
681 4519 780 4591 γὰρ
851 4512 1087 4576 ἀναιδεῖς
1145 4518 1467 4587 συκοφάνται
1508 4522 1597 4569 xui
1643 4525 1718 4570 τῶ

1908 4514 1997 4570 hil
2021 4512 2318 4569 admisere
2350 4510 2509 4566 mali.
2560 4516 2641 4565 Ac
2671 4510 2722 4565 si
2761 4511 3006 4582 quidem
3034 4513 3162 4568 hac
3188 4513 3360 4583 jussu
3400 4520 3500 4569 tuo

126 4606 421 4682 ἀλλοτρίων
475 4605 713 4681 ἐρασταὶ,
770 4610 864 4664 τὴν
940 4603 994 4657 ἔκ
1040 4612 1139 4657 τῶν
1188 4600 1556 4677 διαταγμάτων
1597 4608 1718 4679 ἔχον

1907 4612 2020 4669 ant,
2049 4602 2119 4657 sit
2149 4616 2292 4657 sane
2324 4605 2476 4655 recte
2505 4598 2751 4655 factum.
2787 4600 2993 4656 Justus
3026 4602 3185 4657 enim
3216 4602 3499 4673 princeps

124 4715 206 4759 τες
278 4697 551 4771 ἀφορμὴν,
602 4704 823 4770 φανερῶς
865 4694 1185 4768 λῃστεύουσι
1230 4696 1430 4768 νύκτωρ
1486 4700 1575 4747 καὶ
1630 4697 1716 4768 μεε

1908 4692 1997 4748 ιὴίι
2039 4691 2243 4762 injusti
2294 4689 2561 4745 statuerit
2592 4702 2907 4760 unquam:
2956 4694 3011 4745 et
3056 4705 3167 4745 nos
3215 4706 3391 4762 aquo
3430 4690 3500 4745 li—

125 4789 335 4862 ἡμέραν
398 4782 775 4861 διαρπάζοντες
856 4788 975 4845 τοὺς
1039 4779 1205 4856 μηδεν
1253 4780 1587 4847 ἀδικοῦντας.
1645 4791 1717 4838 Ku

1911 4781 2136 4853 antique
2177 4778 2379 4835 animo
2423 4777 2680 4833 cadium
2729 4778 3031 4848 ejusmodi
3074 4778 3324 4835 ferimus
3356 4795 3503 4851 pra-

125 4878 169 4930 u’.
224 4878 325 4950 μὲν
364 4882 461 4929 σοῦ
513 4874 849 4937 κελεύσαντος
907 4880 1056 4927 τοῦτο
1106 4874 1413 4945 πράττεται,
1462 4876 1595 4926 ἴστω
1645 4893 1717 4926 καί

1910 4872 2066 4927 ium.
2096 4872 2170 4925 Te
2202 4884 2342 4924 vero
2365 4867 2511 4923 illud
2538 4867 2721 4923 modo
2742 4883 3050 4938 rogamus,
3085 4875 3150 4923 ut
3181 4870 3309 4942 ipse
3338 4869 3502 4941 prius

126 4964 223 5026 λῶς
254 4969 533 5037 γινόμενον
565 4980 578 4992 ·
626 4959 837 5024 δίκαιος
881 4965 983 5035 γὰρ
1034 4960 1285 5033 βασιλεὺς
1314 4962 1409 5013 ούκ
1439 4961 1499 5013 ἂν
1547 4959 1717 5015 aiax...

1918 4977 1979 5017 ω
2000 4959 2297 5032 dispicias,
2327 4962 2720 5029 auctoresque
2742 4962 2921 5012 tanta
2950 4958 3289 5028 pertinacia
3316 4958 3508 5030 inqui-

126 5055 501 5129 βουλεύσαιτο
538 5057 745 5105 πώποτε
776 5068 790 5082 ⁸
849 5056 939 5104 xui
989 5053 1135 5123 ἡμεῖς
1179 5046 1349 5113 ἠδίως
1398 5056 1611 5124 φέρομεν
1652 5070 1718 5104 τοτ

1914 5068 1975 5115 ιε,
2007 5056 2185 5121 atque
2214 5063 2284 5103 ex
2313 5062 2489 5118 aquo
2512 5053 2569 5101 et
2596 5045 2759 5102 bono
2790 5046 3097 5113 decernas,
3134 5047 3506 5120 supplicione

125 5148 391 5200 τοιούτου
449 5144 673 5195 θανάτου
723 5144 782 5195 τὸ
835 5145 1010 5214 γέρας.
1050 5142 1256 5198 Ταύτην
1302 5134 1362 5192 δέ
1408 5158 1491 5193 σοι
1526 5148 1717 5213 προσφι

1939 5142 2147 5203 morte,
2177 5153 2251 5194 an
2284 5136 2472 5191 salute
2500 5136 2770 5206 etquiete
2802 5136 2922 5190 sint
2953 5136 3138 5207 digni.
3176 5136 3275 5193 Sin
3303 5142 3505 5193 autem

121 5253 291 5311 ρομεν
375 5229 563 5290 δέησιν
616 5237 799 5304 μόνην,
860 5232 943 5283 ἱνα
998 5229 1152 5290 αὐτός
1206 5234 1453 5303 πρότερον
1510 5228 1713 5302 ἕπιγνού

1938 5242 2179 5301 quoque
2205 5226 2452 5281 minime
2480 5226 2700 5280 sciente
2730 5239 2889 5281 nova
2919 5224 3046 5280 hac
3077 5226 3422 5282 constitutio
3453 5228 3510 5281 et

124 5328 257 5386 τοὺς
342 5330 444 5384 τῆς
517 5324 761 5382 τοιαύτης
832 5320 1142 5394 φιλονεικίας
1222 5318 1439 5393 ἱργάτας
1527 5316 1716 5372 δικαίω

1918 5320 2084 5373 .nctio
2112 5316 2242 5372 hac
2273 5320 2363 5369 est
2393 5314 2794 5386 promulgata,
2846 5320 2909 5370 ut
2939 5314 3224 5371 inusitato
3264 5330 3510 5387 prorsus

124 5418 401 5489 κρίνειας,
464 5410 506 5463 εἰ
561 5410 696 5473 ἄξιοι
757 5411 979 5463 θανάτου
1030 5413 1120 5461 xui
1180 5413 1456 5482 τιμωρίας,
1492 5408 1523 5469 ᾖ
1581 5427 1716 5467 σωτη

1920 5422 2021 5463 ore
2050 5405 2111 5462 in
2152 5420 2263 5460 nos
2321 5404 2616 5474 saviatur,
2668 5403 2831 5476 quod
2872 5410 3049 5460 antea
3109 5420 3185 5460 ne
3227 5404 3510 5460 adversus

124 5507 253 5580 ρίας
278 5502 383 5553 καί
412 5501 647 5573 ἡσυχίας
685 5500 837 5557 εἰσίν.
884 5498 945 5555 Εἰ
989 5494 1048 5551 δε
1076 5502 1166 5552 καὶ
1194 5500 1339 5573 παρὰ
1366 5504 1460 5553 σοῦ
1504 5500 1560 5550 τὸ
1592 5505 1716 5572 σῶμ‹

1910 5494 2146 5552 srbaros
2175 5492 2421 5566 quidem
2442 5491 2645 5549 hostes
2670 5491 2793 5548 ﬁeri
2810 5492 3009 5550 decuit
3034 5508 3048 5550 :
3081 5492 3274 5550 multo
3306 5492 3502 5564 magis

124 5600 204 5673 τῷ
266 5592 411 5672 πυρὶ
463 5588 655 5667 ἐπαφῇ,
689 5594 779 5647 xui
843 5592 902 5647 τό
955 5588 1130 5645 καινὸν
1195 5594 1349 5645 τοῦτο
1440 5583 1711 5665 διάταγμα

1924 5583 2287 5646 bsecrandus
2309 5581 2483 5644 nobis
2507 5597 2593 5653 es,
2616 5597 2693 5641 ne
2720 5597 2833 5643 nos
2857 5582 2920 5643 in
2946 5586 3071 5644 tam
3092 5586 3302 5662 aperta
3327 5587 3385 5644 et
3408 5597 3516 5663 pu-
