4032 6282
563 283 673 338 999

565 408 725 464 blica
766 407 1051 464 violentia
1102 412 1159 464 et
1203 405 1532 479 direptione
1579 405 1899 479 despicias.
1953 405 2215 462 Posthac

565 498 745 554 etiam
760 497 858 553 illa
871 496 1072 553 refert:
1101 496 1524 568 «Philosophia
1551 501 1753 552 nostra
1769 502 1945 552 antea
1968 495 2213 568 quidem

564 586 717 642 inter
746 587 1034 642 Barbaros
1084 585 1291 657 viguit,
1320 591 1540 641 etcum
1584 587 1643 641 in
1687 586 1937 641 Romani
1978 584 2215 656 imperii

565 674 909 746 provinciis,
936 690 1007 729 ex
1032 673 1366 744 majoribus
1390 676 1506 729 tuis
1538 689 1658 729 uno
1684 679 1950 746 Augusto
1980 672 2214 729 Caesare

561 779 762 819 rerum
801 763 1081 836 potiente,
1138 763 1554 829 efﬂoresceret,
1588 763 1923 819 admodum
1958 762 2213 834 imperio

564 857 667 909 tuo
685 853 1111 908 commodavit.
1137 854 1214 907 Ex
1234 868 1303 907 eo
1322 868 1583 924 namque
1605 858 1869 923 tempore
1888 853 1944 907 in
1965 852 2215 906 immen-

563 958 698 997 sum
732 959 823 997 res
851 944 1117 998 Romana
1141 943 1354 997 crevit:
1385 942 1555 1012 cujus
1587 948 1667 1005 tu,
1699 957 2006 997 successor
2038 946 2213 1012 opta-

564 1036 657 1086 tus
699 1031 909 1096 factus,
943 1030 1273 1087 diutissime
1304 1030 1626 1102 imperium
1656 1029 2129 1096 administrabis,
2165 1028 2216 1084 si

565 1136 689 1176 una
719 1137 854 1176 cum
900 1120 1022 1176 ﬁlio
1062 1125 1183 1185 tuo,
1215 1119 1657 1191 philosophiam
1688 1120 1881 1184 islam,
1913 1135 2049 1191 quae
2076 1135 2214 1175 cum

562 1209 816 1282 imperio
848 1211 1024 1281 quasi
1053 1209 1229 1264 simul
1261 1210 1507 1274 nutrita,
1543 1216 1598 1265 et
1636 1225 1771 1264 cum
1807 1212 2073 1279 Augusto
2127 1209 2210 1263 in-

562 1306 865 1356 crementa
898 1315 1009 1354 sua
1036 1299 1209 1369 cepit,
1238 1299 1711 1355 conservaveris.
1737 1300 1815 1353 Ea
1846 1298 2071 1371 quippe
2094 1302 2153 1353 et
2178 1312 2214 1352 a

564 1389 898 1460 majoribus
921 1390 1057 1452 tuis,
1080 1404 1201 1459 prae
1229 1388 1454 1443 caeteris
1475 1387 1882 1457 religionibus,
1904 1393 1993 1442 est
2009 1387 2214 1443 habita

561 1480 622 1534 in
651 1480 859 1551 pretio.
891 1478 1328 1533 Professionem
1364 1493 1542 1549 porro
1574 1482 1844 1533 nostram
1870 1475 2212 1547 reipublicae

560 1568 724 1624 bono
750 1583 900 1632 esse,
934 1566 1079 1621 illud
1122 1567 1181 1621 in
1237 1566 1444 1637 primis
1472 1566 1718 1631 indicat,
1749 1565 1913 1637 quod
1944 1566 2212 1633 vigorem

564 1674 739 1712 suum
771 1656 992 1712 habere
1022 1655 1268 1726 coeperit
1294 1656 1526 1724 vigente
1557 1655 1817 1710 maxime
1841 1655 2091 1726 imperio
2117 1671 2129 1703 :
2158 1658 2213 1709 et

561 1746 727 1818 quod
758 1747 818 1801 in
846 1746 1091 1814 Augusti
1120 1760 1315 1800 rerum
1345 1744 1922 1800 administrationem
1945 1742 2092 1799 nihil
2111 1742 2213 1799 ad-

560 1836 715 1891 versi
772 1835 1060 1899 inciderit,
1093 1833 1199 1889 sed
1254 1834 1525 1889 ediverso
1577 1849 1865 1905 prospera
1920 1834 2126 1889 omnia
2157 1837 2213 1889 et

561 1923 849 1996 praeclara
873 1940 945 1979 ex
974 1924 1214 1979 arbitrio
1241 1928 1296 1976 et
1324 1928 1462 1979 voto
1492 1922 1768 1978 omnium
1798 1922 2206 1978 successerint.

564 2013 679 2069 Soli
706 2014 916 2084 reperti
934 2016 1069 2067 sunt
1093 2014 1314 2067 Neroet
1346 2011 1737 2078 Domitianus,
1761 2012 1864 2083 qui
1885 2013 1961 2067 ab
1992 2011 2207 2066 invidis

562 2107 618 2159 et
634 2102 789 2158 male
809 2102 1134 2157 conciliatis
1156 2102 1521 2173 quibusdam
1544 2101 1891 2158 hominibus
1911 2100 2206 2173 persuasi,

561 2190 996 2264 professionem
1027 2198 1294 2246 nostram
1345 2190 1659 2245 calumnias
1713 2192 2047 2263 expositam
2074 2205 2209 2245 esse

561 2281 897 2337 voluerunt.
930 2284 975 2333 A
1006 2281 1251 2352 quibus,
1302 2296 1465 2335 more
1504 2281 1901 2353 iniquissimo,
1945 2296 2051 2351 per
2079 2279 2210 2334 illos

559 2369 922 2441 impudentis
940 2370 1350 2442 sycophantiae
1369 2368 1651 2441 proﬂuxit
1674 2368 2077 2424 mendacium.
2096 2368 2207 2424 Sed

562 2460 720 2515 enim
750 2460 829 2530 pii
869 2464 1148 2529 parentes
1182 2459 1257 2513 tui
1286 2458 1646 2530 imperitiam
1679 2457 1913 2512 illorum
1936 2473 2209 2513 correxe-

565 2554 723 2613 runt,
759 2547 960 2603 multis
1000 2564 1161 2619 saepe
1192 2548 1490 2619 rescriptis
1539 2562 1640 2603 eos
1671 2547 2078 2617 objurgantes,
2104 2547 2211 2619 qui

564 2637 641 2694 de
688 2638 860 2693 nobis
894 2644 1103 2708 praeter
1154 2636 1314 2706 leges
1364 2643 1418 2691 et
1469 2636 1832 2707 asquitatem,
1873 2636 2210 2707 quidquam

564 2733 819 2783 statuere
859 2732 959 2782 aut
992 2732 1213 2782 tentare
1244 2725 1491 2780 fuissent
1519 2726 1672 2781 ausi.
1703 2725 1859 2780 Inter
1883 2741 2036 2796 quos
2061 2741 2211 2780 avus

564 2820 704 2872 tuus
737 2815 1049 2880 Adrianus,
1081 2831 1217 2870 cum
1249 2815 1326 2870 ad
1356 2814 1504 2870 alios
1537 2814 1752 2885 plures,
1786 2819 1913 2869 tum
1945 2814 2022 2870 ad
2061 2814 2213 2868 Fun-

562 2909 792 2961 danum
842 2903 1261 2976 proconsulem
1312 2904 1463 2959 Asiae
1515 2902 1880 2975 praefectum,
1927 2919 1997 2959 ea
2036 2903 2111 2958 de
2148 2918 2211 2958 re

564 2996 814 3066 scripsit.
849 2994 1019 3049 Pater
1048 3008 1291 3065 quoque
1321 2998 1485 3059 tuus,
1516 2996 1712 3048 tecum
1737 2992 1968 3063 imperii
1994 3008 2087 3047 res
2109 2990 2212 3048 ad-

560 3085 934 3155 ministrans,
981 3083 1042 3137 in
1085 3082 1277 3137 edicto
1323 3097 1391 3137 eo
1421 3081 1587 3153 quod
1634 3098 1670 3137 a
1709 3082 1999 3149 civitates,
2033 3082 2210 3153 296

564 3172 921 3230 nominatim
945 3187 1082 3227 vero
1105 3172 1181 3226 ad
1198 3171 1535 3238 Larissasos,
1560 3176 1616 3226 et
1635 3169 2211 3233 Thessalonicenses.

565 3269 620 3335 et
647 3264 878 3318 Graecos
907 3276 1139 3326 omnes,
1169 3275 1243 3314 ne
1276 3259 1424 3331 quid
1476 3275 1670 3315 rerum
1700 3274 1996 3315 novarum
2026 3260 2210 3331 ﬁeret,

554 3353 747 3417 .dedit,
781 3352 855 3407 de
914 3350 1090 3407 nobis
1139 3349 1393 3421 scripsit.
1427 3351 1501 3404 Te
1550 3365 1690 3405 vero
1721 3348 1979 3420 amplius
2008 3350 2211 3416 etiam,

564 3442 667 3515 qui
684 3441 757 3497 de
782 3439 1067 3510 religione
1085 3444 1289 3495 nostra
1304 3438 1580 3494 eamdem
1608 3454 1792 3510 quam
1819 3437 1918 3503 illi,
1939 3438 2061 3494 imo
2076 3454 2212 3495 vero

560 3530 923 3587 humanitati
970 3534 1026 3584 et
1076 3528 1471 3600 philosophiae
1520 3527 2065 3583 accomodatiorem
2102 3529 2210 3584 ob-

563 3621 713 3677 tines
739 3620 1116 3687 sententiam,
1154 3618 1447 3673 facturum
1479 3633 1607 3672 esse
1635 3631 1995 3689 persuasum
2024 3616 2214 3674 habe-

565 3726 721 3773 mus,
746 3725 880 3781 quaa
900 3708 1176 3780 petimus,
1202 3708 1426 3762 omnia.
1453 3726 1481 3759 ››
1508 3708 1639 3762 Hmc
1656 3705 1750 3761 ille
1772 3706 1830 3760 in
1854 3706 2119 3762 oratione
2132 3707 2212 3763 ad

558 3800 947 3868 Antoninum.
982 3798 1041 3852 In
1074 3797 1159 3851 eis
1189 3800 1412 3860 autem,
1437 3812 1588 3866 quas
1618 3796 1869 3867 scripsit,
1904 3794 2134 3865 Eclogis
2157 3801 2212 3852 et

564 3888 999 3958 Scripturarum
1024 3884 1420 3957 compendiis,
1445 3883 1644 3939 statim
1668 3900 1703 3939 a
1724 3883 2042 3956 principio,
2063 3887 2212 3942 One-

563 3978 806 4048 siphoro
837 3975 1077 4030 cuidam
1108 3990 1178 4029 eo
1216 3990 1393 4045 opere
1422 3974 1727 4044 inscripto,
1762 3974 1971 4029 veteris
1997 3974 2211 4030 instru-

561 4065 743 4122 menti
767 4069 933 4120 extra
962 4064 1425 4119 controversiam
1456 4062 1680 4133 positos
1709 4061 1893 4118 libros
1921 4068 2208 4119 recenset.

563 4157 709 4210 Eum
743 4160 943 4209 autem
988 4154 1183 4207 virum
1240 4151 1521 4206 laudibus
1572 4151 1753 4217 vehit,
1794 4151 1957 4223 quod
2007 4157 2065 4207 et
2092 4151 2211 4210 ﬁde

564 4244 818 4315 probata
865 4242 1056 4311 fuerit,
1088 4248 1144 4296 et
1174 4240 1428 4296 multum
1457 4239 1636 4295 studii
1669 4240 1729 4294 in
1761 4241 2078 4312 Scripturis
2110 4243 2212 4298 ad-

562 4332 863 4388 discendis
883 4331 1164 4403 posuerit.
1188 4328 1594 4401 Hierosolyma
1618 4334 1820 4384 autem
1844 4345 1905 4383 se
1929 4346 2000 4385 ea
2023 4333 2213 4400 gratia

563 4422 895 4494 profectum
949 4435 1077 4474 esse
1124 4418 1322 4483 aserit,
1371 4426 1432 4474 ut
1458 4424 1618 4474 certa
1663 4418 1748 4473 ibi
1803 4418 1877 4474 de
1924 4419 2088 4475 libris
2126 4422 2210 4477 eis

562 4511 935 4583 comperiret.
980 4510 1185 4581 Itaque
1229 4524 1551 4563 numerum
1590 4513 1645 4564 et
1692 4510 2210 4566 nomenclaturam

562 4617 769 4657 eorum
820 4599 1161 4672 proferens:
1206 4620 1235 4648 κ
1266 4599 1561 4670 Quinque,
1607 4598 1816 4670 inquit,
1860 4604 2001 4653 sunt
2037 4601 2212 4655 Mosis

557 4692 717 4758 libri,
751 4690 1009 4754 Genesis,
1062 4687 1320 4753 Exodus,
1360 4687 1674 4752 Leviticus,
1704 4688 1963 4755 Numeri,
2007 4690 2213 4745 Dente-

557 4781 902 4838 ronomium
931 4795 949 4832 :
996 4778 1166 4833 Jesus
1198 4780 1376 4841 Nave,
1416 4775 1714 4841 Iudicum,
1758 4777 1933 4840 Ruth,
1985 4780 2212 4848 Regum

559 4876 839 4944 quatuor,
871 4867 1366 4937 Paralipomenon
1397 4866 1539 4932 duo,
1572 4866 1944 4922 Psalmorum
1972 4867 2212 4923 Davidis

554 4958 751 5027 liber;
805 4956 1144 5014 Salomonis
1192 4955 1525 5019 Proverbia,
1568 4956 1689 5011 sive
1721 4957 2059 5027 Sapientia;
2112 4960 2212 5012 Ec-

1874 277 2261 337 NICEPHORI
2299 276 2615 336 CALLISTI

3754 280 3858 339 1000

2245 415 2291 469 Α
2322 402 2462 478 μηδὲ
2533 406 2671 458 κατά
2741 402 3021 480 βαρϐάρων
3079 406 3261 479 πρέπει
3322 408 3565 481 πρότερον
3627 405 3861 479 πολεμίων,

2322 494 2492 566 πολλῷ
2549 494 2741 567 μᾶλλον
2796 491 3021 567 δεόμεθά
3086 514 3181 547 σου
3229 499 3299 566 μὴ
3354 491 3603 570 περιιδεῖν
3666 497 3784 568 ἡμᾶς
3828 501 3863 550 ἓν

2323 586 2541 657 τοιαύτῃ
2598 580 2841 657 δημώδει
2904 583 3178 656 λεηλασίᾳ.
3233 604 3261 637 ν
3323 587 3535 646 Τούτοις
3580 582 3627 639 δ’
3682 584 3865 658 ὶπιφίρει

2322 678 2413 726 καὶ
2440 680 2637 725 ταῦτα’
2674 695 2701 724 «
2741 672 2800 726 Ἡ
2846 675 2949 745 γὰρ
3001 675 3119 727 καθ’
3168 676 3305 746 ἡμᾶς
3347 674 3618 747 φιλοσοφία
3663 680 3866 750 πρότερον

2324 765 2414 835 μεν
2448 762 2498 814 ἐν
2534 761 2822 835 βαρϐάροις
2850 766 3083 834 ἤκμασεν
3116 781 3128 795 ⁸
3163 762 3510 821 ἕπανθὴσασα
3557 759 3613 816 δε
3652 771 3750 825 τοῖς
3784 773 3867 825 σοῖς

2323 854 2490 905 ἔθνεσι
2541 855 2678 905 κατά
2706 857 2799 911 τὴν
2848 855 3155 924 Αὐγούστου
3199 861 3287 906 τοῦ
3345 861 3441 906 σοῦ
3471 858 3712 928 προγόνου
3740 858 3868 925 μεγά-

2321 942 2415 1000 λην
2455 942 2649 1017 ἀρχὴν,
2692 942 2909 1013 ἐγενήθη
2959 942 3192 1015 μάλιστα
3233 950 3293 1015 τῇ
3331 950 3398 1016 σῇ
3454 940 3691 1016 βασιλείᾳ
3730 945 3867 996 αἶσιον

2324 1030 2519 1103 ἀγαθόν
2549 1047 2561 1059 ⁶
2624 1034 2793 1085 ἔκτοτε
2837 1034 2936 1104 γάρ
2986 1032 3056 1094 εἰς
3104 1037 3238 1105 μέγα
3277 1037 3367 1085 καὶ
3404 1031 3635 1104 λαμπρὸν
3662 1034 3715 1084 τό
3752 1032 3867 1085 ’Ῥω-

2324 1125 2492 1193 μαίων
2549 1121 2753 1185 ηὐξήθη
2810 1124 3002 1195 κράτος
3043 1139 3058 1152 ⁸
3114 1122 3175 1175 οὗ
3238 1126 3303 1175 σὺ
3362 1117 3625 1195 διάδοχος
3672 1125 3867 1184 εύκταῖος

2321 1212 2536 1281 γέγονάς
2586 1230 2639 1263 τε
2684 1216 2773 1264 καὶ
2826 1214 2943 1284 ἔσῃ,
2984 1214 3116 1284 μετὰ
3146 1219 3237 1264 τοῦ
3287 1208 3477 1273 παιδός
3515 1212 3773 1284 φυλάσσων
3800 1218 3867 1270 τῆς

2323 1296 2591 1373 βασιλείας
2647 1306 2735 1359 τὴν
2790 1303 3069 1376 σύντροφον
3126 1306 3215 1354 καὶ
3272 1301 3656 1375 συναρξαμένην
3707 1300 3891 1371 Αὐγούι.

2323 1406 2431 1459 στῳ
2463 1388 2786 1460 φιλοσοφίαν,
2826 1387 2921 1442 Ἠν
2966 1394 3057 1442 καὶ
3086 1410 3134 1442 οι
3180 1394 3430 1463 πρόγονοι
3479 1409 3574 1443 σου
3621 1392 3738 1462 πρὸς
3780 1396 3867 1449 ταῖς

2322 1477 2497 1538 ἄλλαις
2566 1480 2872 1554 θρησκείαις
2951 1478 3224 1553 ἰτίμησαν.
3284 1485 3389 1534 Καὶ
3451 1488 3603 1533 τοῦτο
3665 1483 3866 1552 μέγιστον

2320 1572 2597 1640 τεκμήριον
2667 1576 2761 1620 τοῦ
2819 1572 2947 1642 πρὸς
3020 1567 3220 1641 ἀγαθοῦ
3267 1572 3351 1622 τόν
3412 1569 3532 1622 καθ’
3578 1571 3707 1641 ἡμᾶς
3754 1568 3868 1639 λόγον

2321 1658 2661 1728 συνακμάσαι
2718 1664 2779 1729 τῇ
2837 1658 3003 1720 καλῶς
3060 1657 3316 1732 ἀρξαμένῃ
3380 1657 3646 1731 βασιλείᾳ,
3695 1656 3742 1709 ἐκ
3798 1662 3866 1709 τοῦ

2242 1766 2284 1822 Β
2319 1741 2486 1815 μηδεν
2517 1744 2706 1817 φαῦλον
2747 1745 2847 1798 ἀπὸ
2884 1755 2980 1809 τῆς
3024 1748 3331 1819 Δύγούστου
3368 1747 3549 1821 ἀρχῆς
3591 1751 3864 1808 ἀπαντῆσαι,

2320 1831 2448 1885 ἀλλὰ
2505 1835 2797 1888 τούναντίον
2865 1836 3069 1889 ἅπαντα
3120 1836 3336 1912 λαμπρά
3392 1842 3484 1889 καὶ
3549 1832 3722 1898 ἔνδοξα
3762 1835 3868 1886 κατὰ

2316 1925 2407 1983 τὰς
2480 1927 2683 1977 πάντων
2762 1925 2946 1997 εὐχάς.
3010 1931 3172 1980 Μόνοι
3241 1930 3447 1980 πάντων
3526 1926 3866 1984 ἀναπεισθέντες

2315 2013 2415 2064 ὑπό
2466 2032 2617 2065 τινων
2674 2011 2955 2087 βασκάνων
3013 2014 3311 2088 ἀνθρώπων,
3363 2019 3451 2068 τόν
3507 2016 3620 2067 καθ’
3665 2016 3787 2086 ἡμᾶς
3829 2011 3863 2064 ἓν

2317 2096 2353 2153 δ
2358 2100 2535 2175 ιαϐολῇ
2587 2111 2926 2163 καταστῆσαι
2977 2102 3127 2176 λόγον
3175 2105 3438 2163 ἠθέλησαν
3490 2109 3656 2178 Νέρων
3697 2108 3775 2155 καὶ
3799 2108 3863 2154 Ao-

2317 2195 2556 2261 μετιανός
2580 2213 2592 2225 ·
2650 2190 2736 2263 ἀφ’
2793 2193 2861 2244 ὧν
2916 2197 3005 2246 καὶ
3082 2196 3141 2245 τὸ
3197 2202 3294 2256 τῆς
3353 2197 3687 2266 συκοφαντίας
3730 2190 3860 2262 ἀλόγῳ

2319 2282 2570 2352 συνηθείᾳ
2634 2283 2780 2354 παρά
2838 2285 2959 2344 τοὺς
3042 2285 3308 2343 τοιούτους
3376 2284 3565 2358 ῥυῆναι
3623 2278 3861 2353 συμϐέϐηνε

2315 2366 2533 2440 ψεῦδος.
2586 2370 2741 2422 Ἀλλά
2786 2375 2880 2430 τὴν
2929 2370 3129 2424 ἰκείνων
3182 2373 3397 2445 ἄγνοιαν
3446 2375 3495 2425 οἱ
3552 2376 3630 2424 σοὶ
3682 2367 3862 2428 εὐσεϐεῖς

2319 2459 2535 2533 πατέρες
2609 2457 3074 2532 ἐπηνωρθώσαντο,
3137 2460 3384 2523 πολλάκις
3439 2460 3639 2522 πολλοῖς
3687 2456 3859 2513 ἐπιπλή-

2318 2545 2493 2609 ξαντες
2547 2549 2838 2621 ἐγγράφως,
2886 2550 3005 2601 ὅσοι
3045 2555 3163 2622 περὶ
3218 2553 3420 2603 τούτων
3466 2554 3738 2624 νεωτερίσαι
3760 2543 3860 2597 ίτόλ·

2317 2654 2515 2708 μησαν.
2557 2636 2641 2688 Ἐν
2688 2638 2767 2700 οἷς
2823 2638 2849 2689 ὁ
2891 2641 2982 2709 μὶν
3013 2640 3224 2701 πάππος
3266 2658 3364 2692 σου
3406 2636 3675 2714 Ἀδριανὸς
3696 2634 3854 2693 πολλοῖς

2316 2726 2408 2798 μεν
2433 2730 2523 2777 καὶ
2553 2725 2744 2793 ἄλλοις,
2784 2732 2876 2779 καὶ
2908 2724 3184 2798 Φουνδάνῳ
3214 2724 3273 2780 δε
3319 2736 3397 2800 τῷ
3453 2728 3706 2797 ἀνθυπάτῳ
3737 2726 3854 2794 ἡγου-

2319 2818 2451 2887 μένῳ
2483 2822 2573 2888 τῇς
2603 2813 2782 2876 Ἀσίας
2801 2817 3010 2888 γράφων
3042 2821 3274 2889 φαίνεται
3306 2831 3321 2848 ’
3349 2819 3378 2870 ὁ
3414 2814 3473 2871 δε
3502 2820 3662 2889 πατὴρ
3691 2832 3764 2867 σου
3786 2812 3850 2862 καὶ

2322 2910 2418 2955 σοῦ
2455 2905 2522 2955 τὰ
2549 2905 2718 2956 πάντα
2746 2901 3069 2967 διοικοῦντος
3110 2904 3159 2957 ἓν
3189 2913 3261 2977 τῷ
3298 2912 3419 2968 ταῖς
3450 2906 3642 2973 πόλεσι,
3676 2905 3764 2975 περὶ
3782 2904 3848 2951 ταῦ

2321 2989 2487 3064 μηδὲν
2529 2994 2866 3068 νεωτερίζειν,
2915 2998 3031 3070 περὶ
3088 2997 3234 3067 ἡμῶν
3284 2994 3515 3067 ἔγραψεν
3542 3015 3563 3029 ο
3604 2993 3644 3046 ἓν
3682 2991 3741 3050 οἷς
3772 2988 3833 3037 καὶ

2243 3062 2283 3117 C
2320 3062 2452 3156 πρὸς
2487 3062 2876 3155 Λαρισσαίους,
2919 3062 3011 3136 καὶ
3061 3062 3191 3157 πρὸς
3223 3062 3621 3146 Θεσσαλονικεῖς
3654 3083 3717 3132 καὶ
3738 3077 3829 3147 πρὸς

2321 3173 2517 3233 πάντας
2570 3170 2839 3235 Ἕλληνας.
2891 3176 2950 3225 Σε
3002 3169 3063 3225 δε
3128 3173 3322 3245 μᾶλλον
3404 3179 3524 3250 περὶ
3571 3173 3717 3226 τούτων
3762 3166 3835 3219 τὴν

2324 3260 2487 3319 αὐτὴν
2534 3259 2743 3323 ἐκείνοις
2792 3263 2983 3334 ἔχοντα
3027 3267 3260 3333 γνώμην,
3317 3268 3415 3316 καὶ
3469 3262 3592 3315 πολύ
3635 3277 3682 3331 γε
3715 3252 3845 3327 φιλανθ

2324 3352 2651 3424 θρωποτίραν
2698 3355 2787 3403 καὶ
2860 3351 3293 3425 φιλοσοφωτέραν,
3357 3351 3668 3424 πεπείσμεθα
3722 3343 3851 3396 πάντα

2318 3441 2578 3514 πράσσειν
2609 3442 2709 3493 ὅσα
2752 3448 2848 3493 σοῦ
2890 3436 3134 3513 δεόμεθα.
3180 3460 3211 3494 ››
3251 3446 3440 3495 Ταῦτα
3491 3444 3577 3515 μὲν
3605 3438 3647 3491 iv
3679 3442 3737 3506 τῷ
3757 3432 3855 3504 πρὸς

2322 3527 2626 3582 Ἀντωνῖνον
2655 3545 2672 3559 '
2726 3527 2776 3581 ἓν
2838 3526 2897 3582 δὲ
2943 3537 3056 3590 ταῖς
3115 3534 3435 3603 γραφείσαις
3493 3530 3625 3599 αὐτῷ
3670 3523 3855 3593 ἐκλογαῖς

2314 3619 2474 3680 εὐθὺς
2529 3616 2839 3693 ἀρχόμενος,
2906 3618 3195 3691 κατάλογον
3250 3628 3461 3694 πρῶτον
3524 3623 3725 3672 ποιεῖται
3780 3616 3856 3661 τῶν

2321 3706 2742 3781 ὁμολογουμένων
2792 3716 2855 3781 τῇ
2919 3707 3119 3779 παλαιᾷ
3165 3714 3344 3784 Γραφῇ
3425 3708 3631 3783 βίϐλων,
3695 3704 3856 3756 Ὀνησι-

2319 3801 2459 3871 φόρῳ
2502 3801 2605 3849 τινὶ
2662 3802 2757 3856 τὴν
2796 3796 3010 3869 ἐκλογὴν
3062 3806 3384 3872 προσφωνῶν
3416 3818 3429 3831 '
3482 3797 3535 3851 ὃν
3577 3792 3644 3849 δι’
3692 3792 3857 3844 ἐπαίνου

2313 3893 2567 3955 ποιεῖται,
2628 3886 2713 3938 οἶα
2766 3891 2884 3961 περὶ
2927 3890 3022 3945 τὴν
3074 3891 3254 3939 πίστιν
3295 3883 3538 3960 δόκιμον,
3568 3888 3651 3937 καὶ
3686 3882 3745 3932 τὰ
3784 3882 3858 3938 τῆς

2322 3981 2530 4049 Γραφῆς
2587 3972 2779 4028 εἰδέναι
2840 3972 3080 4035 σπουδὴν
3138 3978 3424 4048 τιθέμενον,
3498 3975 3580 4035 Εἰς
3628 3966 3857 4045 Ἱεροσόλυο

2317 4085 2395 4137 μα
2458 4061 2517 4117 δε
2570 4062 2852 4137 ἀφικέσθαι
2897 4063 3054 4136 λέγει,
3112 4070 3204 4117 καὶ
3280 4064 3623 4139 ἠκριϐωκέναι
3670 4051 3857 4125 σπουδῇ.

2322 4159 2423 4207 Καὶ
2480 4153 2633 4214 εὐθὺς
2686 4153 2937 4228 ἀριθμῶν,
2980 4154 3253 4225 καταλέγει
3291 4155 3457 4216 αὐτὰς
3512 4152 3750 4213 ούτως“α
3784 4143 3855 4195 Ὧν

2320 4243 2436 4297 ἔστι
2482 4246 2549 4295 τὰ
2586 4244 2832 4315 ὀνόματα,
2884 4248 3111 4304 Μωσέως
3161 4248 3308 4296 πέντε
3336 4262 3350 4277 ο
3408 4248 3626 4308 Γίνεσις,
3664 4230 3854 4299 Ἐξοδοςν

2320 4334 2587 4407 Ἀριθμοὶ,
2636 4335 2931 4398 Λευῖτικὸν,
2981 4337 3416 4408 Δευτερονόμιον⁹
3473 4334 3667 4391 Ἰησοῦς
3704 4329 3856 4408 Navi"

2242 4403 2284 4457 θ
2322 4403 2529 4494 κριταὶ,
2585 4420 2755 4487 Ῥούθ,
2827 4421 3106 4475 Βασιλιιών
3133 4403 3263 4488 *δ’,ῄ
3309 4422 3748 4495 Παραλειπομένων
3804 4407 3851 4483 β’,

2320 4510 2560 4583 Ψαλμῶν,
2611 4514 2699 4562 καὶ
2744 4510 3038 4582 Σολομῶνος
3094 4515 3402 4583 Παροιμίαι,
3461 4510 3492 4569 ἣ
3546 4514 3631 4562 καὶ
3674 4506 3802 4575 Σοφία
3836 4510 3847 4523 ⁸

2318 4600 2736 4659 Ἐκκλησιαστής
2770 4615 2784 4628 ⁶
2838 4598 3019 4672 ᾊσμα
3046 4598 3294 4672 ᾀσμάτων
3326 4616 3340 4629 ·
3387 4598 3509 4654 Ἰὼϐ
3536 4617 3549 4631 ·
3583 4598 3845 4673 Προφητῦν·

2318 4688 2558 4752 Ἡσαΐου,
2604 4688 2869 4764 Ἱερεμίου,
2930 4697 3030 4741 τῶν
3087 4688 3165 4761 ιβ’
3221 4689 3269 4741 ἐν
3321 4689 3610 4762 μονοϐίϐλῳ
3641 4704 3655 4718 ⁶
3699 4674 3842 4737 Δανιὴλ,

2319 4778 2588 4847 ’Ῑεξεκιὴλ,
2636 4775 2889 4851 Ἔσδρας.
2950 4798 2980 4830 ν
3039 4774 3141 4832 Εἶτ’
3190 4781 3455 4852 ἓπιφέρει’
3504 4799 3533 4831 ι(
3566 4776 3653 4841 Ἐξ
3686 4770 3740 4825 ὧν
3784 4764 3848 4817 καὶ

2319 4871 2413 4929 τὰς
2465 4866 2681 4939 ίκλογάς
2709 4869 3040 4938 ἑποιησάμην
3081 4867 3149 4929 εἰς
3178 4867 3232 4930 ἔξ
3267 4866 3452 4941 βιϐλία
3494 4865 3691 4921 διελών.
3724 4882 3743 4912 ι
3765 4862 3851 4909 του

2325 4964 2460 5010 αὔτα
2484 4953 2551 5015 δή
2584 4976 2702 5008 τινα
2732 4961 2824 5009 καὶ
2852 4958 2918 5008 τὰ
2945 4963 3038 5009 τοῦ
3067 4958 3382 5020 Μελίτωνος.

561 5048 883 5115 clesiastes,
931 5046 1238 5101 Canticum
1287 5044 1703 5111 canticorum;
1752 5044 1911 5110 Job;
1962 5046 2418 5118 Prophetarum,
2474 5046 2659 5116 Isaia,
2713 5045 3000 5112 Jeremiaa,
3025 5050 3083 5101 et
3109 5046 3434 5103 duodecim
3490 5043 3863 5129 prophetarthl

558 5137 747 5196 liber:
780 5136 1004 5201 Daniel,
1054 5132 1337 5199 Ezechiel,
1366 5133 1602 5191 Esdras.
1633 5133 1854 5189 Deinde
1896 5133 2071 5190 infert
2102 5150 2115 5190 :
2154 5157 2175 5185 ι
2210 5137 2292 5192 Ex
2320 5135 2541 5208 quibus
2567 5133 2818 5205 Eclogas
2856 5134 3228 5208 selectasque
3257 5135 3581 5193 sententias
3612 5139 3663 5190 et
3694 5126 3864 5185 doctri-

561 5243 676 5287 nas
706 5226 937 5297 collegi,
969 5225 1028 5282 in
1061 5240 1183 5294 sex,
1206 5223 1391 5281 libros
1419 5223 1701 5295 digestas.
1731 5242 1761 5278 ››
1796 5226 1929 5280 Hinc
1960 5223 2035 5281 de
2061 5223 2357 5283 Melitone.
