4032 6282
93 321 221 383 1001

689 455 931 505 ΚΕΦΔΛ.
974 448 1082 509 IA'.

88 548 233 617 Περὶ
276 544 771 616 Ἀπολλιναρίου
814 552 924 597 τοῦ
961 542 1436 620 Ἱεραπολίτου·
1480 546 1574 597 ἔτι
1613 539 1682 597 δι

151 613 444 688 καὶπερὶ
502 613 871 687 Μουσανοῦ,
923 613 1509 691 καῖ’Βαρδηο-άνου
1575 623 1684 669 τοῦ

149 691 373 762 Σύρου,
413 694 519 743 καὶ
560 698 678 742 τῶν
719 689 1225 765 συγγραφέντων
1264 689 1503 749 αὐτοῖς.

146 793 250 840 Τοῦ
310 782 360 840 δ’
400 787 793 862 Ἀπολλιναρίου
843 786 1006 841 πολλὰ
1067 790 1157 860 μεν
1208 789 1538 862 ἱστοροῦνται
1593 789 1681 839 καὶ

81 874 205 928 ἄλλά
236 893 250 907 ⁶
296 876 410 949 μεθ’
449 874 517 929 ὧν
562 881 652 929 καὶ
705 882 872 930 ταῦτα
917 878 942 929 6
992 880 1123 951 πρὸς
1186 876 1489 932 Ἀντωνῖνόν
1531 875 1683 946 λόγος

79 966 201 1041 ὑπὲρ
252 974 351 1028 τῆς
398 972 621 1029 πίστεως
654 985 670 1000 ο
728 970 819 1019 καὶ
870 968 1019 1040 ἕτερα
1070 970 1215 1019 πέντε
1266 967 1676 1042 συγγράμματα,

80 1058 196 1129 πρὸς
245 1054 495 1117 Ἕλληνας
545 1058 829 1128 ποιούμενα
866 1059 955 1109 τὸν
1010 1051 1254 1128 διάλογον
1289 1072 1302 1086 ο
1352 1058 1425 1108 ἔτι
1471 1051 1531 1108 δε
1586 1057 1679 1108 καὶ

83 1148 187 1215 περὶ
249 1142 497 1207 ἀληθείας
546 1152 749 1219 πρῶτον
796 1150 885 1198 καὶ
954 1141 1195 1220 δεύτερον
1236 1163 1249 1177 ·
1312 1147 1554 1206 ὡσαύτως
1620 1140 1681 1197 δε

80 1238 160 1285 καὶ
195 1237 327 1307 πρὸς
355 1230 646 1297 Ἰουδαίους
675 1237 822 1308 ἔτερα
864 1232 962 1288 δύο
994 1252 1006 1265 ·
1056 1239 1148 1287 καὶ
1189 1234 1225 1286 ἃ
1263 1236 1403 1287 κατὰ
1442 1241 1536 1296 τῆς
1579 1242 1679 1286 τῶν

81 1327 287 1395 Φρύγῶν
345 1325 586 1399 αἱρέσεως
640 1323 972 1390 συνετάξατο,
1024 1325 1132 1395 μετ’
1182 1323 1241 1376 ού
1279 1322 1438 1376 πολὺν
1486 1326 1678 1396 χρόνον

77 1415 560 1486 καινοτομηθείσης,
604 1418 723 1467 τότε
788 1410 839 1467 δ’
906 1409 995 1466 οὖν
1050 1415 1171 1487 ἄρτι
1217 1418 1437 1489 πρώτως
1510 1413 1679 1486 ἠρέμα

78 1503 210 1574 φύειν
275 1501 598 1578 ἀρχομένης,
674 1510 765 1556 τοῦ
821 1509 1090 1557 Μοντανοῦ
1142 1502 1253 1575 ἅμα
1327 1508 1443 1563 ταῖς
1515 1502 1677 1554 αὑτοῦ

74 1588 531 1666 ψευδοπροφήτισι
578 1596 671 1651 τὴν
729 1596 1096 1667 παρεκτροπὴν
1144 1590 1451 1663 ἀρξαμένου.
1500 1596 1679 1644 Ταῦτα

74 1685 156 1733 καὶ
200 1686 321 1757 περὶ
384 1689 475 1735 τοῦ
534 1680 862 1757 ’Ῑεραπόλεως
922 1681 1340 1754 Ἀπολλιναρίου.
1396 1686 1679 1733 Μουσανοῦ

80 1766 152 1837 δε,
182 1771 234 1822 ὃν
272 1771 467 1824 ἄνωθεν
514 1771 539 1823 6
571 1771 726 1843 λόγος
767 1767 994 1835 διέλαϐε,
1042 1775 1134 1823 καὶ
1172 1772 1358 1822 τούτου
1411 1764 1471 1821 δέ
1526 1768 1679 1840 λόγος

76 1859 344 1922 κάλλιστος
398 1863 625 1937 φέρεται,
670 1860 1147 1935 ’Δποτρεπτικὸ
1166 1880 1206 1924 ς,
1266 1862 1395 1933 πρός
1435 1876 1581 1920 τινας
1621 1857 1676 1914 ἀ.

80 1945 282 2022 δελφοὺς
348 1953 494 2021 αὐτῷ
551 1952 823 2022 συντεθεὶς,
886 1950 971 2003 έπὶ
1024 1954 1118 2009 τὴν
1169 1957 1269 2002 τῶν
1328 1949 1677 2021 Ἐγκρατιτῶν

79 2040 269 2111 αἰρεσιν
339 2038 636 2113 ἀλογίστως
713 2038 1101 2107 ύποκλιθέντας,
1168 2042 1256 2091 καὶ
1320 2040 1515 2097 ταύτην
1568 2044 1679 2101 τοῖς

80 2132 187 2182 τότε
224 2134 438 2204 χρόνοις
489 2129 889 2203 έπισπαρεῖσαν,
944 2128 1089 2193 ξένην
1130 2146 1183 2181 τε
1224 2131 1313 2181 καὶ
1364 2128 1679 2202 φθοριμαίαν

80 2214 422 2289 ψευδοδοξίαν
465 2226 539 2290 τῷ
576 2224 760 2291 κόσμῳ
798 2218 1115 2290 εἰσάγουσαν
1140 2239 1153 2251 ·
1204 2218 1266 2280 ἧς
1310 2215 1550 2290 ἀρχηγόν
1592 2236 1679 2288 γε·

84 2308 253 2360 νέσθαι
298 2312 399 2381 πρὸ
449 2315 641 2381 μικροῦ
697 2310 727 2366 ἡ
787 2309 996 2381 ἱστορία
1041 2309 1127 2359 τόν
1176 2310 1430 2361 Τατιανόν
1477 2306 1644 2365 ύπεση

86 2400 272 2468 μήνατο
301 2417 315 2430 ·
369 2398 429 2460 ὃς
468 2403 558 2451 καὶ
599 2404 692 2450 τοῦ
738 2398 1004 2469 μάρτυρος
1062 2397 1351 2450 Ἰουστίνου
1408 2393 1677 2469 ἀκροασά.

89 2504 226 2557 μενος
275 2483 353 2546 ἦν.
408 2486 615 2550 Ηῦξησε
667 2483 727 2539 δε
779 2493 1001 2561 Σευῆρος
1054 2485 1217 2544 αὐτὴν
1252 2485 1507 2558 ὕστερον·
1546 2478 1679 2561 περῖ

93 2570 154 2625 ὧν
196 2580 280 2628 καὶ
330 2576 602 2649 Εἰρηναῖος
648 2571 775 2629 τάδε
831 2578 988 2647 φησίν
1022 2594 1035 2607 ·
1089 2595 1119 2627 (ι
1163 2574 1302 2629 Ἀπὸ
1367 2578 1671 2649 Σατορνίνου

94 2667 180 2715 καὶ
239 2670 534 2739 Μαρκίωνος
602 2666 652 2718 οἱ
711 2664 1017 2737 καλούμενοι
1083 2664 1387 2739 Ἐγκρατεῖς
1449 2662 1681 2735 ἀγαμίαν

103 2749 351 2823 ἰκήρυξαν,
403 2753 687 2815 ἀθετοῦντες
734 2758 829 2810 τήν
878 2758 1089 2827 πρώτην
1142 2753 1333 2806 πλάσιν
1382 2760 1475 2806 τοῦ
1522 2760 1677 2822 Θεοῦ,

104 2843 185 2891 καὶ
237 2841 391 2917 ἠρέμα
432 2850 839 2914 κατηγοροῦντες
898 2849 990 2896 τοῦ
1055 2844 1211 2916 ἄρσεν
1274 2846 1366 2895 καὶ
1423 2841 1552 2901 θῆλυ
1612 2842 1681 2904 εἰς

104 2932 280 2999 γένεσιν
330 2932 604 3007 ἀνθρώπων
654 2935 997 2996 πεποιηκότος
1026 2951 1040 2965 ο
1096 2937 1187 2985 καὶ
1245 2940 1346 2985 τῶν
1397 2932 1679 3004 λεγομένων

97 3019 207 3091 παρ’
254 3020 418 3084 αὐτοῖς
477 3021 736 3095 ἐμψύχων
785 3021 997 3094 ἀποχὴν
1050 3021 1430 3094 εἰσηγήσαντο,
1485 3020 1681 3095 ἀχαρι-

96 3116 306 3175 στοῦντες
344 3121 422 3185 τῷ
474 3113 646 3165 πάντα
693 3118 1003 3171 πεποιηκότι
1053 3119 1167 3183 Θεῷ
1196 3129 1208 3141 ’
1256 3110 1583 3183 ἀντιλέγουσί
1626 3128 1680 3164 τε

92 3204 144 3269 τῇ
185 3208 267 3253 τοῦ
319 3201 738 3275 πρωτοπλάστου
810 3205 1068 3273 σωτηρίᾳ.
1129 3222 1158 3255 ››
1212 3202 1293 3255 Ἐν
1348 3203 1558 3263 τούτοις
1606 3196 1674 3260 δὴ

93 3290 212 3341 καὶό
253 3294 541 3354 Μουσανός.
576 3290 719 3347 Ἔτει
750 3287 809 3344 δε
846 3299 919 3361 τῷ
980 3290 1120 3361 αύτῷ
1170 3298 1266 3353 τῆς
1317 3298 1415 3343 τῶν
1462 3294 1678 3362 Φρυγῶν

91 3379 305 3450 αἱρέσεως
357 3386 457 3436 καὶ
504 3380 668 3434 ἄλλων
709 3385 827 3453 περὶ
885 3384 982 3439 τὴν
1023 3383 1204 3439 Μέσην
1256 3380 1679 3452 πλημμυρούσης

84 3475 167 3519 τῶν
199 3479 464 3539 ποταμῶν,
516 3466 864 3546 Βαρδησάνης
913 3471 940 3522 6
997 3472 1156 3545 Σύρος
1200 3468 1354 3541 ἀνὴρ,
1412 3464 1553 3541 ἴδρις
1586 3474 1677 3541 μεν

82 3564 313 3613 παντοίων
353 3562 544 3632 λόγως,
594 3567 657 3633 τῇ
719 3555 777 3613 δε
829 3561 1002 3633 Σύρων
1060 3566 1197 3631 φωνῇ
1266 3554 1677 3611 διαλεκτικώτα-

79 3661 171 3711 τος,
222 3655 307 3703 καὶ
355 3652 535 3711 ἱκανός
590 3656 697 3711 τοῖς
734 3650 967 3701 τοιοῦτον
1023 3646 1484 3719 ἀντεπεξάγεσθαι,
1547 3649 1676 3718 πρός

79 3752 126 3788 τε
174 3743 461 3812 Μαρκίωνα
526 3742 616 3791 καί
679 3756 820 3799 τινας
906 3736 1089 3797 ἄλλους
1175 3740 1321 3789 πέντε
1410 3731 1675 3807 διαφόρων

78 3833 482 3902 προϊσταμένους
569 3823 847 3899 δογμάτων
926 3829 1189 3898 γενναίους
1278 3824 1675 3896 συστησάμενος

79 3909 354 3989 διαλόγους,
415 3925 475 3990 τῇ
538 3912 653 3989 ἰδίᾳ
700 3912 951 3988 διαλέκτῳ
1003 3912 1222 3978 έξέδωκε
1278 3916 1407 3987 μετά
1453 3918 1543 3966 καὶ
1587 3912 1675 3965 οἶλ-

74 4001 161 4056 λων
215 4010 621 4082 συγγραφέντων
667 4005 920 4059 πλείστων
980 4004 1121 4075 αύτῷ
1152 4024 1165 4037 ·
1239 4004 1329 4065 οὖς
1381 4005 1431 4056 οἰ
1484 4005 1673 4057 τούτου

78 4091 470 4171 ἀκροασάμενοι,
517 4094 695 4149 πολλοὶ
758 4090 817 4148 δε
874 4091 1030 4157 ἦσαν,
1087 4090 1350 4166 ἀνδρικῶς
1403 4099 1476 4163 τῷ
1537 4092 1674 4164 λόγῳ

79 4192 471 4259 προίσταμένου,
524 4185 594 4248 εἰς
648 4188 740 4243 τὴν
780 4179 1005 4237 Ἐλλάδα
1046 4182 1294 4254 γλῶσσαν
1335 4184 1393 4234 in
1436 4189 1533 4243 τῆς
1581 4184 1673 4234 Σύ-

78 4290 169 4347 ρων
209 4282 526 4349 μετήνεγκαν
560 4291 572 4303 ·
633 4272 683 4325 έν
722 4273 799 4334 οἷς
847 4276 933 4325 καὶ
973 4273 1000 4324 6
1038 4274 1164 4344 πρὸς
1211 4271 1511 4325 Ἀντωνῖνον
1554 4275 1673 4343 περὶ

80 4362 374 4438 εἱμαρμένης
425 4367 571 4436 αύτῷ
636 4364 874 4423 πονηθεὶς
930 4363 1112 4422 ἱκανῶς
1166 4364 1253 4413 τὸν
1321 4364 1528 4431 Πατέρα
1581 4368 1671 4413 τοῦ

78 4457 240 4526 Λόγου
289 4453 706 4531 χαρακτηρίξων
748 4452 928 4505 ἐστίν·
978 4450 1106 4504 ἀλλὰ
1137 4447 1204 4509 δὴ
1249 4454 1338 4503 καὶ
1373 4449 1534 4503 τᾶλλα
1571 4451 1673 4503 ὅσα

77 4548 322 4615 προφάσει
371 4550 469 4597 τοῦ
523 4539 763 4614 διωγμοῦ
817 4540 967 4612 λόγος
1026 4542 1139 4612 ἲχει
1193 4547 1375 4593 τοῦτον
1435 4558 1673 4612 συγγρα-

78 4635 226 4701 φέναι.
274 4639 380 4696 Τῆς
430 4630 769 4687 Οὐαλεντίνου
817 4626 867 4683 δ’
915 4629 1067 4692 οὗτος
1104 4636 1356 4705 ταπρῶτα
1392 4624 1673 4702 διατριϐῆς

78 4724 159 4785 ὧν,
203 4726 495 4797 καταγνοὺς
544 4723 728 4774 τούτου
784 4723 873 4773 καὶ
927 4721 1064 4772 κατά
1113 4726 1209 4781 τῆς
1257 4722 1450 4771 ἰκείνου
1511 4719 1673 4791 μυθο-

80 4815 234 4874 ποιίας
291 4812 512 4885 ἔλεγχον
575 4812 746 4863 ἱκανὸν
807 4808 1128 4878 ἀναστήσας,
1199 4803 1346 4861 δοκεῖ
1402 4810 1493 4879 μέν
1564 4825 1673 4868 πως

82 4898 220 4965 αὐτὸς
250 4898 417 4973 έαυτῷ
462 4903 594 4976 πρὸς
620 4904 679 4953 τό
717 4898 904 4953 τέλειον
947 4897 1170 4952 ἀνελθεῖν
1208 4904 1301 4958 τῆς
1340 4895 1621 4969 ὀρθότητος
1656 4912 1668 4926 ·

77 4985 134 5039 οὗ
179 4994 280 5061 μὴν
333 4989 644 5044 παντάπασί
694 5007 754 5060 γε
809 4991 900 5041 καὶ
955 4990 1043 5040 τὸν
1099 4994 1197 5048 τῆς
1243 4984 1472 5048 παλαιᾶς
1522 4985 1671 5050 ἕξεως

66 5074 225 5152 ῥύπον
254 5078 498 5154 ἄμφανῶς
527 5076 850 5142 ἀπεξύσατο.

676 5171 922 5221 ΚΕΦΔΛ.
964 5161 1064 5222 IB'.

75 5259 222 5331 Περὶ
261 5260 457 5331 Γαΐου
496 5259 605 5308 καὶ
642 5254 1137 5331 Τερτυλλιανοῦ,
1168 5252 1272 5306 οἷα
1299 5255 1561 5331 γράφειξ
1593 5253 1673 5331 ως

140 5274 222 5331 ιρι
261 5274 457 5312 Γαίου
496 5274 605 5308 και
642 5274 717 5308 ’.ιέ
771 5274 1137 5321 τυΛΑιανου,
1168 5274 1272 5306 οια
1299 5274 1561 5326 γραφει·
1593 5274 1671 5315 ως

140 5330 238 5405 ἐπὶ
301 5330 568 5405 Μάρκου
631 5274 792 5405 dign
855 5336 990 5405 hic“
1032 5331 1350 5405 στρατιᾶς
1526 5323 1671 5405 ξαλ-

137 5398 310 5463 λίαις
360 5398 832 5472 κατεχομένηνς,
880 5403 1021 5472 τ-αῖς
1059 5401 1293 5468 εὐχαῖς
1346 5404 1463 5448 τῶν
1527 5398 1672 5468 ἡμε-

137 5475 329 5545 τέρων
366 5473 395 5524 6
436 5470 591 5545 936;;
618 5470 863 5524 ἄνωθεν
895 5470 1024 5534 ὗσε,
1066 5475 1176 5522 καὶ
1212 5475 1495 5540 κεραυνῷ
1524 5472 1672 5528 τοὺς

136 5540 484 5613 πολεμίους
524 5540 879 5615 διέφθειρε.

145 5637 248 5688 Καὶ
300 5632 452 5686 ἄλλοι
508 5629 567 5687 δε
615 5631 794 5685 πολλοὶ
850 5635 944 5690 τὴν
1007 5632 1132 5689 ἴσην
1196 5632 1402 5703 ἔχοντες
1462 5636 1673 5702 γνώμην

358 5732 598 5788 Persen.
642 5732 742 5789 Gn.
785 5729 987 5787 CXLV.

1120 314 1691 381 ECCLESIASTICE
1730 317 2087 380 HISTORIA?
2126 319 2265 380 LIB.
2308 321 2403 379 IV.
2500 364 2503 365 ν

1713 450 1761 507 Δ

3295 321 3435 380 1002

2440 448 2669 507 CAPUT
2708 449 2795 508 XI.

1792 539 1878 596 De
1898 539 2240 610 Apollinari
2264 539 2641 609 Hierapolim
2662 556 2680 594 :
2709 541 2847 596 item
2869 539 2942 597 de
2956 540 3212 598 Musano
3225 547 3276 599 et
3291 541 3445 599 Bar-

2056 612 2276 669 desane
2302 612 2481 683 Syro,
2514 616 2567 669 et
2592 613 2665 669 de
2691 611 2926 683 scriptis
2953 628 3176 670 eorum.

1859 782 2219 854 Apollinaris
2274 788 2498 852 autem,
2527 800 2664 842 cum
2713 784 2903 843 multa
2954 786 3094 852 alia,
3128 795 3266 844 tunc
3312 788 3444 845 haec

1787 888 2031 945 quoque
2086 873 2376 932 feruntur.
2406 876 2495 931 Ad
2533 877 2859 933 Antonium
2903 892 3010 949 pro
3051 877 3169 935 ﬁde
3230 877 3443 937 oratio.

1788 963 2063 1035 Quinque
2088 962 2269 1020 libelli
2308 966 2367 1020 in
2416 964 2639 1037 quibus
2689 981 2828 1022 cum
2857 965 3076 1023 Graecis
3116 983 3222 1024 seu
3257 968 3444 1039 genti-

1784 1048 1943 1107 libus
1966 1053 2106 1123 agit.
2134 1052 2215 1109 De
2262 1056 2505 1111 veritate
2543 1054 2695 1111 liber
2742 1071 2895 1111 unus
2936 1061 2993 1113 et
3027 1055 3196 1113 alter.
3222 1056 3312 1113 Ad
3340 1058 3442 1114 Ju-

1785 1141 1950 1197 daeos
1980 1141 2121 1198 item
2148 1143 2283 1199 libri
2313 1143 2517 1211 duo,et
2546 1160 2683 1217 qum
2714 1150 2998 1217 praeterea
3026 1152 3236 1203 contra
3265 1146 3445 1219 Phry-

1786 1243 1932 1299 gum
1962 1230 2240 1288 haresim
2265 1234 2610 1306 composuit
2638 1250 2650 1288 :
2677 1250 2812 1306 qum
2839 1249 2961 1292 non
2987 1234 3166 1306 longe
3195 1240 3440 1309 postres

1784 1332 1977 1376 novas
2003 1320 2064 1376 in
2113 1322 2437 1379 Ecclesiam
2466 1323 2722 1390 induxit,
2752 1328 2878 1380 tum
2936 1325 3195 1395 primum
3238 1331 3461 1384 autem.

1783 1406 2077 1479 pullulare
2142 1409 2342 1482 coepit,
2365 1426 2438 1467 ex
2494 1426 2617 1484 quo
2664 1413 2974 1469 Montanus
3003 1428 3144 1468 cum
3179 1414 3439 1486 pseudo-

1786 1496 2180 1569 prophetissis
2230 1500 2355 1554 suis
2401 1516 2438 1556 a
2478 1515 2616 1557 vera
2658 1500 2799 1557 ﬁdei
2853 1501 2952 1557 via
2990 1501 3332 1559 declinavit.
3362 1504 3443 1559 De

1785 1585 2111 1657 Apollinari
2141 1588 2580 1660 Hierapolitano
2622 1595 2874 1646 tantum.
2930 1591 3158 1648 Musani
3214 1597 3435 1661 autem,

1784 1674 1960 1745 cujus
1992 1682 2167 1733 antea
2196 1677 2605 1744 meminimus,
2638 1678 3073 1751 pulcherrimus
3105 1685 3295 1737 exstat
3324 1682 3444 1738 De-

1709 1806 1753 1863 B
1788 1763 2156 1823 hortatorius
2175 1765 2345 1836 liber,
2367 1767 2444 1823 ad
2466 1768 2767 1840 quosdam
2786 1768 2994 1825 fratres
3009 1768 3087 1824 ab
3106 1784 3177 1825 eo
3198 1786 3443 1843 compo-

1785 1853 1953 1921 situs,
1986 1854 2090 1927 qui
2138 1862 2350 1926 preter
2389 1856 2681 1913 rationem
2724 1858 2801 1914 ad
2851 1864 3075 1915 sectam
3121 1861 3442 1917 Encratita-

1785 1957 1922 1999 rum
1939 1943 2303 2001 deﬂexerant
2325 1962 2338 1998 :
2358 1946 2529 2019 297
2550 1962 2686 2019 quae
2699 1949 2782 2002 eis
2799 1963 3043 2020 quoque
3065 1949 3439 2021 temporibus

1787 2038 2013 2099 exorta,
2045 2049 2266 2091 novam
2297 2038 2816 2108 perniciosamque
2839 2037 3114 2094 hmresim
3133 2039 3441 2110 etopinio-

1788 2136 1927 2178 nem
1967 2122 2026 2177 in
2094 2123 2303 2181 urbem
2325 2124 2541 2181 intulit.
2573 2125 2795 2182 Ducem
2839 2127 2969 2198 ejus
3022 2131 3079 2183 et
3130 2132 3441 2185 auctorem

1788 2210 1991 2279 fuisse,
2048 2212 2298 2269 historia
2349 2219 2556 2271 nostra
2604 2220 2783 2272 antea
2828 2216 3162 2280 Tatianum,
3224 2217 3442 2275 Justini

1790 2301 2071 2373 martyris
2103 2302 2459 2371 auditorem,
2510 2310 2973 2378 propagatorem
3017 2311 3218 2363 autem
3261 2308 3441 2364 Seve-

1788 2405 1946 2460 rum,
1970 2390 2275 2448 indicavit.
2304 2394 2381 2447 De
2412 2392 2723 2449 Encratitis
2781 2393 3037 2450 Irenazus
3080 2410 3324 2468 quoque
3356 2396 3441 2453 ita

1790 2479 1993 2536 scribit
2033 2496 2047 2535 :
2090 2499 2120 2533 α
2162 2482 2207 2536 Α
2258 2482 2579 2538 Saturnino
2621 2487 2679 2539 et
2727 2483 3016 2540 Marcione
3059 2483 3440 2541 Continentes

1789 2568 2231 2635 nominatimon
2244 2571 2719 2628 contrahendum
2744 2573 3191 2630 matrimonium
3218 2574 3442 2631 docue-

1788 2664 1948 2725 runt,
1981 2659 2159 2714 simul
2176 2664 2231 2716 et
2253 2661 2507 2731 primam
2552 2660 2650 2717 Dei
2683 2662 3049 2719 creationem
3080 2663 3438 2737 rejicientes,

1789 2751 1846 2804 et
1870 2748 2043 2804 tacite
2060 2764 2195 2805 eum
2219 2749 2365 2823 quid
2381 2752 2458 2806 ad
2474 2750 2789 2807 hominum
2807 2753 3302 2823 propagationem
3317 2769 3439 2811 ma-

1789 2837 2023 2894 sculum
2068 2842 2127 2894 et
2177 2839 2463 2895 feminam
2521 2846 2795 2907 creasset,
2837 2847 3208 2898 accusantes.
3252 2842 3439 2900 Iidem

1787 2941 2031 2998 quoque
2060 2926 2487 2984 abstinendum
2508 2943 2634 2984 esse
2659 2928 2738 2985 ab
2760 2929 2845 2985 eis
2863 2945 2999 3003 quae
3028 2930 3143 3003 ipsi
3169 2931 3439 2989 animata

1788 3014 2014 3082 dicunt,
2055 3016 2434 3072 instituerunt
2466 3033 2479 3073 :
2510 3016 2734 3075 malam
2785 3019 3105 3077 referentes
3155 3021 3433 3091 gratiam,

1788 3105 1892 3177 qui
1913 3112 2127 3162 cuncta
2156 3106 2397 3176 creaxit,
2434 3109 2570 3163 Deo.
2606 3128 2632 3159 ι
2669 3110 2999 3179 Pernegant
3041 3110 3221 3167 etiam
3260 3110 3440 3181 primi

1786 3193 2050 3250 hominis
2090 3194 2361 3251 salutem.
2395 3198 2529 3252 Haec
2549 3212 2793 3270 quoque
2818 3198 2893 3254 de
2917 3200 3278 3256 Musano.Ea
3308 3200 3440 3273 ipsa

1787 3287 2156 3355 tempestate,
2187 3300 2324 3341 cum
2345 3284 2645 3358 Phrygum
2667 3285 3042 3360 aliorumque
3055 3290 3232 3345 etiam
3253 3288 3439 3346 hare-

1786 3387 1879 3428 ses
1908 3374 1967 3430 in
1998 3373 2431 3446 Mesopotamia
2446 3376 3211 3442 exundarent,Bardesanes
3231 3380 3435 3450 Syrus,

1785 3478 1923 3519 cum
1954 3462 2299 3533 linguarum
2338 3464 2613 3532 aliarum,
2644 3472 2770 3522 tum
2802 3467 2930 3539 Syri
2966 3468 3260 3524 sermonis
3286 3469 3440 3540 peri-

1786 3552 2073 3619 tissimus,
2096 3558 2385 3625 praeterea
2413 3570 2550 3610 vero
2580 3555 2866 3612 haereticis
2896 3556 3236 3613 refellendis
3273 3573 3435 3614 exer-

1784 3640 2187 3707 eitatissimus,
2219 3642 2510 3699 adversus
2560 3644 2914 3701 Marcionem
2957 3650 3014 3701 et
3067 3645 3220 3703 alios
3250 3662 3429 3720 quos-

1783 3730 2221 3804 dam,quinque
2253 3732 2607 3789 variantium
2621 3732 2771 3789 inter
2784 3748 2846 3789 se
2861 3733 3215 3805 dogmatum
3230 3742 3432 3794 aucto-

1782 3834 1896 3883 res,
1929 3826 2166 3876 strenue
2196 3836 2335 3877 cum
2373 3821 2457 3877 eis
2513 3836 2892 3892 congressus,
2930 3822 3225 3894 Dialogos,
3258 3832 3314 3880 et
3346 3825 3433 3881 in-

1783 3925 1963 3982 super
1992 3909 2110 3967 alia
2128 3909 2390 3982 plurima
2411 3910 2651 3984 scripta,
2679 3926 2953 3968 sermone
2977 3928 3087 3968 suo
3112 3914 3433 3972 vernaculo

1782 3998 1965 4057 edidit
1995 4016 2008 4055 :
2038 4000 2364 4072 qum,quod
2390 3999 2616 4057 fortiter
2639 4000 2779 4057 ﬁdei
2811 4002 3055 4057 verbum
3082 4018 3437 4076 propugna-

1781 4095 1932 4155 rent,
1965 4088 2165 4161 plures
2195 4105 2226 4144 e
2246 4105 2314 4144 us
2335 4089 2638 4145 auditores
2687 4089 2750 4145 in
2788 4092 3051 4148 Graecam
3080 4093 3433 4150 transtulere

1778 4177 2073 4247 linguam.
2106 4180 2169 4233 in
2199 4178 2268 4233 iis
2305 4178 2454 4234 liber
2479 4185 2589 4245 est,
2622 4194 2803 4252 quem
2831 4180 2909 4236 ad
2938 4182 3310 4238 Antoninum
3348 4182 3422 4240 de

1782 4267 1901 4324 fato
1948 4266 2323 4339 conscripsit,
2371 4269 2511 4324 satis
2572 4269 2632 4323 in
2654 4284 2725 4324 eo
2752 4272 2981 4326 Patrem
3014 4270 3187 4327 Verbi
3237 4272 3431 4343 expri-

1781 4371 1969 4412 mens.
1998 4355 2119 4415 Sed
2139 4361 2197 4412 et
2228 4355 2347 4413 alia
2376 4356 2671 4428 opuscula
2700 4373 2841 4414 eum
2866 4359 3179 4416 occasione
3208 4376 3279 4415 ex
3302 4376 3433 4432 per-

1780 4446 2082 4501 secutione
2111 4452 2377 4518 accepta,
2401 4445 2660 4502 edidisse
2692 4451 2907 4503 terunt.
2954 4453 3142 4520 Atque
3180 4449 3271 4504 hic
3302 4448 3431 4522 qui-

1779 4533 1919 4590 dem
1961 4534 2254 4590 Valentini
2304 4534 2569 4605 primum
2622 4539 2876 4592 sectator
2906 4537 3013 4593 fuit
3041 4554 3053 4593 :
3080 4554 3261 4610 quem
3290 4554 3430 4594 cum

1779 4622 2201 4695 improbasset,
2242 4623 2670 4697 fabulosasque
2719 4625 2847 4695 ejus
2876 4625 3178 4683 doctrinas
3219 4632 3275 4683 et
3308 4626 3436 4699 opi-

1780 4712 1989 4769 niones
2021 4714 2165 4770 satis
2187 4712 2515 4780 refellisset,
2538 4713 2666 4785 ipse
2722 4714 2966 4786 quidem
2997 4716 3108 4771 sibi
3137 4716 3215 4772 ad
3244 4716 3431 4789 perie-

1780 4801 2038 4858 ctionem
2069 4809 2127 4858 et
2153 4802 2335 4858 tinem
2361 4808 2535 4858 rectae
2566 4801 2699 4858 ﬁdei
2723 4804 3071 4874 pervenisse
3097 4810 3188 4862 est
3221 4806 3384 4862 visus
3418 4822 3432 4862 :

1778 4906 1903 4947 non
1941 4892 2189 4948 omnino
2212 4898 2411 4948 tamen
2444 4892 2655 4947 veteris
2693 4892 2994 4964 opinionis
3026 4911 3171 4962 sum,
3204 4911 3339 4968 quin
3370 4896 3432 4953 in

1780 4979 2056 5038 habitum
2079 4980 2327 5047 abierat,
2356 4979 2566 5037 sordes
2593 4980 2895 5039 abstersit.

2416 5160 2645 5219 CAPUT
2685 5162 2792 5218 Xll.

1780 5250 1868 5307 De
1898 5249 2037 5320 Cajo
2091 5255 2144 5323 ei
2202 5248 2571 5307 Tertulliano
2596 5271 2616 5308 :
2643 5251 2745 5323 qui
2773 5251 3030 5321 scripsit,
3073 5270 3201 5311 cum
3243 5256 3444 5313 Marci

1855 5328 2108 5389 tempore
2118 5322 2180 5376 in
2194 5323 2507 5378 Germania
2520 5322 2808 5379 exercitus
2822 5325 2922 5379 siti
2933 5326 2992 5380 la
3000 5326 3441 5393 borarel,Deum

1854 5392 2124 5461 precibus
2134 5401 2471 5467 nostrorum
2486 5394 2739 5467 militum
2755 5403 3067 5454 exoratum
3096 5392 3443 5467 pluisse,ho-

1854 5472 2084 5537 stesque
2110 5464 2367 5533 fulmine
2395 5466 2740 5524 concidisse.

1858 5626 1976 5683 Sed
2008 5632 2067 5682 et
2095 5625 2193 5682 alii
2242 5624 2443 5698 plures
2485 5625 2702 5699 aequali
2728 5627 2903 5700 plane
2931 5630 3137 5685 animo
3181 5648 3286 5702 pro
3323 5630 3442 5692 ﬁde

3078 5728 3149 5786 32
