4032 6282
81 263 203 321 ίοῶ

1108 255 1682 321 ECCLESIASTICIE
1722 254 2080 317 HISTORLE
2120 261 2259 318 LIB.
2306 256 2403 319 IV.

3264 258 3400 319 l006

78 409 101 439 ε
132 390 353 441 Ποταποὶ
401 386 489 439 οὖν
532 387 581 439 οἰ
637 385 819 458 ἄνομοι
866 384 1031 456 οὗτοι,
1063 390 1113 441 οῖ
1140 388 1257 442 καθ’
1306 391 1451 461 ἡμῶν
1493 392 1645 460 μόνον

1766 386 1900 442 satis
1924 385 2175 442 idoneus
2217 391 2275 444 et
2319 387 2585 460 locuples
2614 387 2743 460 ejus
2772 387 2855 443 rei
2885 385 3055 444 fuerit
3078 387 3266 452 testis,
3294 389 3402 461 qui

76 479 288 542 ἕπονται,
337 474 538 539 ἀσεϐεῖς
594 472 794 542 ἄδικοι,
876 476 1056 549 ὦμοί;
1110 477 1193 539 οὖς
1242 482 1359 531 οὔτε
1407 478 1647 531 Οὐεσπε-

78 570 235 627 σιανός
285 564 494 638 ἐφύλαξε
542 566 639 636 (5),
695 570 867 618 καίτοι
927 585 986 638 γε
1030 563 1318 629 Ἰουδαίους
1374 573 1598 627 νικήσας
1628 584 1642 599 ⁸

74 654 152 717 οὓς
204 660 291 707 καὶ
368 658 622 728 Τραῖανός
697 657 752 707 ἑκ
823 658 1014 729 μέρους
1068 655 1370 719 ὶξουθένησε
1439 656 1645 708 κωλύων

70 745 423 805 ἑπιζητεῖσθαι
470 746 821 818 Χριστιανούς
855 762 868 773 ·
912 744 997 805 οῦς
1045 749 1163 798 οὔτε
1194 742 1495 819 Ἀδριανός,
1531 749 1645 797 καί-

72 853 142 888 τοι
190 853 247 905 γε
300 835 499 886 πάντων
560 835 624 885 τὰ
692 838 940 907 περίεργα
1008 834 1474 909 πολυπραγμονῶν,
1529 838 1647 887 οὔτε

72 925 94 976 ό
138 922 358 984 Εὐσεϐὴς
412 921 708 983 έπικληθεὶς
764 922 1099 995 ἐπεκύρωσε;
1149 944 1178 976 ν
1240 928 1392 986 Γάϊος
1447 920 1506 976 δε
1561 923 1646 977 ἐπὶ

72 1018 354 1087 Ζεφυρίνου,
455 1008 680 1074 διάλεξιν
760 1013 894 1063 κατὰ
989 1011 1224 1084 Πρόκλου
1302 1010 1644 1066 σπουδαστοῦ

76 1108 322 1156 Μοντανόῦ
362 1100 593 1173 γράψας,
628 1096 836 1173 σφόδρα
877 1106 1133 1173 μγίστῆν
1185 1104 1315 1175 ἔσχε
1364 1107 1458 1160 τὴν
1486 1099 1645 1165 δόξαν

76 1192 273 1244 εὐθύνων
340 1193 496 1243 αὐτὸν
552 1195 864 1266 προπετείας
919 1199 1011 1252 τῆς
1068 1199 1252 1255 καινῆς
1307 1196 1644 1266 προφητείας.

74 1285 161 1334 Καὶ
185 1282 248 1333 τὰ
277 1283 366 1353 μεν
388 1284 507 1354 περὶ
534 1282 720 1332 τούτου
747 1286 936 1335 ταῦτα.

1755 475 1992 531 scribit:
2056 495 2084 528 α
2112 476 2289 532 Marci
2322 477 2769 548 prudentissimi
2811 478 3185 549 imperatoris
3215 478 3396 534 etiam

1752 563 1978 619 litteras
1997 565 2308 630 exstitisse,
2339 565 2517 637 299
2543 566 2764 638 quibus
2796 566 2959 622 illam
2980 566 3395 622 Germanicam

1755 652 1934 717 sitim,
1948 653 2352 723 cumjamjam
2364 671 2660 726 aquarum
2678 655 2929 726 penuria
2953 656 3245 710 exercitus
3264 672 3397 727 per-

1753 741 1940 797 iturus
1960 747 2132 807 esset,
2168 742 2639 798 Christianorum
2668 744 2923 799 militum
2956 744 3399 815 precationibus

1754 829 2073 902 impetrato
2117 830 2297 886 imbri
2353 830 2688 888 discussam
2733 837 3114 889 contestatur.
3148 854 3177 887 »
3224 835 3399 890 Eum-

1754 920 2015 991 demque
2072 919 2491 990 imperatorem
2522 920 2731 993 capitis
2775 937 3017 994 quoque
3046 938 3314 994 poenam,
3344 927 3403 980 et

1755 1008 1999 1081 quidem
2027 1009 2323 1065 tetriorem
2361 1011 2735 1066 constituisse
2763 1010 2906 1066 dicit
2933 1012 3402 1068 Christianorum

1755 1098 2223 1154 accusatoribus.
2281 1101 2363 1154 Ac
2400 1098 2684 1171 peinceps
2721 1099 3029 1171 subjungit
3058 1118 3071 1155 :
3105 1120 3135 1155 ‹
3184 1100 3402 1167 Quales

1757 1200 1898 1256 ergo
1926 1186 2089 1257 leges
2146 1188 2292 1251 istae,
2324 1203 2476 1260 quas
2523 1188 2816 1245 adversus
2857 1205 2966 1245 nos
3015 1190 3124 1246 soli
3164 1196 3404 1248 exrcent

1759 1276 1947 1347 impii,
1977 1275 2199 1347 injusti,
2249 1276 2519 1333 crudeles
2549 1276 2578 1331 ?
2629 1294 2777 1349 quas
2832 1279 3231 1351 Vespasianus
3278 1296 3400 1336 non

71 1370 300 1426 servarit
331 1369 431 1441 (l),
462 1369 740 1442 quamvis
771 1369 1117 1426 Judworum
1153 1370 1337 1425 victor
1360 1370 1391 1422 ‘?
1418 1385 1564 1441 quas
1601 1366 1888 1436 Traianus
1922 1380 1995 1420 ex
2033 1370 2199 1437 parte
2232 1365 2546 1422 frustratus
2577 1366 2668 1433 sit,
2701 1367 2956 1423 vetando
2985 1369 3203 1440 inquiri
3245 1370 3400 1426 Chri-

72 1459 282 1515 stianos
303 1458 332 1513 Ὺ
352 1474 503 1531 quas
539 1474 735 1530 neque
763 1458 1083 1527 Adrianus,
1113 1473 1466 1532 quanquam
1517 1455 1928 1512 curiositatum
1965 1455 2239 1511 omnium
2289 1455 2652 1527 explorator,
2682 1472 2876 1530 neque
2929 1459 3029 1530 qui
3061 1459 3397 1531 appellatus

70 1554 147 1605 est
193 1548 330 1603 Pius
389 1545 810 1604 conﬁrmarit?
840 1566 869 1598 ν
902 1546 1079 1620 Cajus
1119 1552 1322 1604 autem
1387 1545 1501 1602 sub
1552 1544 1905 1617 Zephyrino,
1960 1543 2249 1600 adversus
2297 1543 2569 1600 Proclum
2617 1546 2874 1602 Montani
2907 1547 3244 1603 studiosum
3270 1548 3404 1604 dia-

67 1638 191 1708 logo
218 1636 573 1708 composito,
600 1635 662 1691 in
692 1651 813 1708 quo
834 1636 1211 1693 temerariam
1235 1637 1366 1707 ejus
1393 1635 1713 1693 audaciam
1726 1637 1905 1703 taxat,
1926 1632 2090 1705 quod
2111 1648 2335 1690 novam
2352 1632 3395 1707 induxeritprophetiam,maximam

69 1733 146 1784 est
180 1731 538 1784 consecutus
562 1723 803 1781 laudem
830 1730 886 1779 et
913 1724 1190 1795 gloriam.

658 1826 900 1878 ΚΕΦΔΛ.
941 1821 1040 1876 II".

74 1934 211 2001 Περὶ
248 1929 601 1993 Εἰρηναίόυ
637 1936 749 1981 τοῦ
788 1925 1216 2001 Λουγδούνων
1255 1931 1642 1981 ἒπισκόπου·

134 1998 206 2089 (Si;
264 2005 373 2053 καὶ
441 2001 530 2052 ἐπ’
587 2001 790 2053 αὐτοῦ
834 1998 1207 2072 παράδοξοι
1250 2004 1647 2073 θεοσημεῖαι

134 2091 449 2143 εγενοντο.

134 2162 395 2235 Εἰρηναῖος
423 2156 482 2212 δὲ
510 2160 538 2212 ό
586 2168 677 2220 τῆς
723 2156 1068 2232 Λουγδούνων
1103 2165 1385 2235 παροικίας
1430 2179 1647 2235 χρημα-

75 2256 208 2311 τίσας
254 2249 552 2314 ἐπίσκοπος,
608 2247 670 2307 ἣν
712 2246 954 2310 Ῥοδανός
1004 2251 1280 2325 παραρρεῖ,
1327 2246 1644 2321 διαδεξάμε-

76 2360 151 2402 νος
199 2342 450 2407 Ποθεινόν,
506 2337 580 2411 ἐφ’
631 2337 769 2402 ὅλοις
820 2342 984 2392 ἔτεσιν
1029 2339 1355 2399 ἐννενήκοντα
1388 2348 1461 2411 τῷ
1516 2359 1647 2413 μαρ-

78 2434 221 2501 τυρίῳ
250 2433 336 2482 σὺν
372 2434 485 2491 τοῖς
532 2427 581 2479 έν
637 2428 825 2501 Γαλλίᾳ
872 2432 1105 2501 μάρτυσι
1151 2429 1496 2495 τελειωθέντα,
1528 2433 1645 2503 περὶ

80 2518 138 2568 ὧν
164 2515 518 2592 διαληψόμεθα
542 2519 591 2569 ἓν
648 2514 864 2590 βραχεῖ,
925 2517 1189 2581 ἀκουστὴς
1237 2517 1426 2591 ἐγένετο
1473 2518 1644 2572 Πολυ-

84 2609 263 2679 κάρπου
304 2611 436 2660 κατά
491 2610 586 2665 τὴν
627 2605 827 2666 ἁπαλὴν
869 2607 1030 2660 αὐτοῦ
1078 2608 1304 2667 ἠλικίαν.
1361 2612 1462 2661 Καὶ
1500 2607 1646 2669 οὗτος

95 2691 146 2747 δε
166 2695 312 2747 πολλὰ
340 2700 430 2747 καὶ
460 2692 689 2767 διάφορα
725 2702 932 2768 μνήμης
974 2697 1097 2761 ἄξια
1126 2696 1486 2750 καταλέλοιπεν
1519 2698 1647 2749 ὐπο-

99 2787 326 2854 μνήματα.
356 2789 503 2837 Πέντε
534 2781 585 2836 δ’
618 2781 704 2837 οὖν
735 2785 874 2856 αὐτῷ
900 2790 1034 2857 μόνα
1069 2794 1157 2838 νῦν
1189 2791 1393 2862 φέρεται
1442 2802 1454 2814 ·
1496 2784 1531 2837 ἆ
1554 2788 1644 2837 καὶ

99 2871 342 2945 ἐπέγραψεν
369 2873 680 2946 Ἔλεγχον
709 2879 816 2927 καὶ
848 2874 1045 2950 ἆνατρ
1067 2881 1236 2934 σπὴν
1275 2885 1387 2938 τῆς
1414 2871 1647 2947 ψευδω-

94 2963 261 3030 νύμου
287 2969 402 3035 γνὼ
422 2982 598 3023 σεως.
640 2962 720 3016 Ἐν
744 2968 912 3016 τοίνυν
943 2973 1014 3036 τῷ
1046 2961 1270 3036 δευτέρῳ
1320 2966 1648 3035 συντάγματι

85 3049 270 3121 εὐγενῶς
302 3059 653 3127 παρίστησιν,
695 3055 765 3114 ὡς
807 3057 896 3106 καὶ
952 3052 1028 3106 ἐπ’
1075 3058 1234 3106 αὑτοῦ
1292 3056 1366 3106 ἔτι
1411 3060 1525 3115 ταῖς
1571 3052 1651 3104 ἐκ·

2381 1821 2601 1877 CAPUI‘
2643 1822 2778 1877 XIII.

1754 1926 1839 1981 De
1850 1925 2073 2004 Irenfgo
2084 1926 2981 2004 Lugdunensiepisropo,utejus
2994 1947 3222 2004 quoque
3233 1941 3404 1992 aetate

1820 1998 2237 2077 praedictiones
2274 2005 2326 2054 et
2364 1998 3166 2077 rvatp'ciniqdivini’tusfquae
3202 2021 3391 2077 prope

1822 2070 1997 2138 ﬁdem
2024 2070 2392 2136 excederent,
2422 2071 2540 2126 sint
2580 2072 2758 2129 edita.

1824 2157 2112 2213 Caeterum
2155 2157 2433 2225 Irenaeus,
2466 2160 2880 2229 Lugdunensis
2909 2162 3179 2230 civitatis,
3211 2180 3399 2238 quam

1754 2245 2080 2302 Rhodanus
2110 2246 2471 2319 praeterﬂuit,
2506 2248 2850 2322 episcopus,
2880 2251 3129 2319 Pothini,
3161 2256 3265 2325 qui
3296 2271 3401 2311 no-

1753 2336 2005 2405 naginta
2029 2351 2222 2391 annos
2248 2343 2425 2393 natus
2448 2353 2586 2394 cum
2612 2339 2855 2411 reliquis
2886 2340 2945 2396 in
2974 2342 3159 2399 Gallia
3175 2350 3401 2417 marty-

1753 2424 1944 2494 ribus,
1971 2425 2045 2480 de
2090 2424 2312 2495 quibus
2337 2426 2518 2498 paulo
2550 2432 2685 2498 post
2710 2444 2980 2499 agemus,
3014 2432 3192 2488 vitam
3224 2433 3395 2500 ﬁniit,

1754 2529 2097 2570 successor:
2135 2514 2195 2569 in
2223 2519 2425 2571 tenera
2466 2532 2577 2572 sua
2614 2522 2786 2574 aetate
2816 2519 3126 2592 Polycarpi
3164 2522 3402 2580 auditor

1754 2601 1882 2670 fuit,
1914 2609 1970 2658 et
2027 2603 2214 2660 multa
2244 2606 2531 2677 variaque
2582 2607 2875 2665 memoria
2930 2609 3115 2679 digna
3169 2611 3404 2684 reliquit

1756 2698 2166 2749 monumenta.
2202 2692 2314 2749 Sed
2353 2694 2619 2767 quinque
2649 2696 2779 2767 ejus
2817 2705 3052 2755 exstant
3072 2700 3228 2762 libri,
3265 2702 3402 2773 qui-

1752 2779 1867 2836 bus
1894 2782 2127 2837 titulum
2154 2781 2311 2851 fecit,
2341 2782 2686 2853 Confutatio
2711 2792 2767 2842 et
2788 2788 3009 2843 eversio
3027 2789 3191 2859 falso
3218 2793 3406 2847 nomi-

1753 2874 1911 2927 natae
1952 2871 2211 2928 scientia:
2251 2871 2347 2943 (2).
2388 2872 2453 2928 In
2484 2875 2749 2932 secundo
2788 2892 2966 2947 porro
3003 2877 3155 2935 libro
3194 2879 3408 2938 diserte

1757 2960 1988 3026 astruit,
2020 2960 2221 3016 adhuc
2269 2977 2378 3017 suo
2411 2967 2678 3034 tempore
2726 2970 2785 3019 tu
2834 2965 3093 3022 ecclesiis
3144 2967 3405 3040 plurima

1758 3049 2051 3105 exstitisse
2075 3049 2293 3105 divinis
2325 3056 2381 3105 et
2418 3051 2707 3110 miracula
2736 3053 2967 3110 edentis
2998 3056 3225 3114 virtutis
3248 3060 3403 3115 indi-

86 3138 293 3204 κλησίαις
369 3149 479 3203 τῆς
552 3143 688 3202 θείας
766 3147 856 3195 καὶ
911 3138 1336 3214 παραδοξοποιοῦ
1388 3140 1651 3214 δυνάμεως

1766 3138 1873 3195 cia.
1928 3138 2014 3193 Ita
2058 3139 2217 3194 enim
2246 3139 2437 3211 inquit
2465 3157 2478 3195 :
2506 3144 2804 3198 «Tantum
2857 3143 3028 3201 abest
3056 3150 3120 3201 ut
3145 3150 3428 3205 exsusci--

84 3227 270 3283 πλεῖστα
323 3228 466 3290 ἦσαν
523 3232 591 3282 τὰ.
644 3227 1027 3304 ὑποδείγματα.
1090 3236 1245 3302 Λέγει
1291 3234 1389 3306 γὰρ
1438 3232 1602 3292 οὕτως
1635 3247 1648 3261 ⁶

86 3324 366 3373 «Τοσοῦτον
414 3316 707 3371 ἀποδέουσι
758 3327 850 3373 τοῦ
897 3323 1071 3393 νεκρόν
1128 3319 1343 3393 έγεῖραι,
1406 3322 1575 3380 καθὼς
1626 3320 1652 3371 ό

76 3407 245 3480 Κύριος
286 3413 490 3482 ἤγειρε,
538 3414 627 3461 καὶ
674 3411 724 3461 οἱ
764 3407 1047 3462 ἀπόστολοι
1096 3405 1189 3461 διὰ
1232 3418 1539 3484 προσευχῆς
1564 3413 1653 3461 καὶ

74 3497 113 3545 ἓν
139 3505 194 3568 τῇ
248 3495 572 3570 ἀδελφότητι
602 3492 661 3550 δε
705 3496 947 3558 πολλάκις
991 3494 1085 3551 διὰ
1115 3501 1173 3549 τὸ
1219 3496 1527 3569 ἀναγκαῖον·
1560 3505 1656 3559 τῆς

72 3588 192 3637 κατὰ
254 3591 419 3639 τόπον
494 3584 767 3647 ἕκκλησίας
831 3588 1010 3648 πάσης
1081 3587 1457 3659 αἰτησαμένης,
1526 3588 1659 3659 μετὰ

69 3680 291 3738 νηστείας
335 3679 437 3729 καὶ
487 3674 744 3737 λιτανείας
796 3675 1009 3742 πολλῆς,
1056 3674 1339 3751 ἐπέστρεψε
1367 3679 1423 3729 τό
1458 3683 1659 3747 πνεῦμα

70 3772 149 3817 τοῦ
189 3766 611 3824 τετελευτηκότος
647 3786 661 3798 ·
708 3768 799 3817 καὶ
846 3767 1106 3840 ίχαρίσθη
1150 3767 1175 3817 ὁ
1227 3766 1498 3839 ἄνθρωπος
1543 3771 1658 3827 ταῖς

70 3854 239 3925 εὐχαῖς
275 3865 375 3908 τῶν
417 3854 577 3927 ἁγίων
606 3875 634 3907 η
672 3859 772 3908 Καὶ
801 3854 952 3917 αὖθις
983 3872 996 3886 ⁸
1038 3877 1058 3905 ε
1090 3855 1155 3911 Εἰ
1205 3852 1263 3908 δὲ
1310 3860 1399 3907 καὶ
1428 3858 1515 3906 τόν
1561 3857 1659 3908 Κύ-

70 3961 168 4016 ριον
214 3940 597 4017 φαντασιωδώς
640 3946 707 3996 τὰ
748 3951 966 3997 τοιαῦτα
1011 3948 1347 4002 πεποιηκέναι
1378 3948 1656 4016 φήσουσιν,

70 4030 145 4084 ἐπὶ
194 4035 258 4086 τὰ
307 4035 616 4107 προφητικὰ
665 4031 935 4105 ἀνάφοντες
984 4032 1196 4102 αὐτοὺς,
1246 4031 1298 4095 ἐξ
1344 4032 1511 4085 αὐτῶν
1546 4031 1664 4083 έπι-

72 4117 293 4195 δείξομεν
348 4126 528 4176 πάντα
566 4121 728 4183 οὕτως
780 4127 897 4195 περὶ
962 4122 1121 4175 αὑτοῦ
1169 4127 1258 4175 καὶ
1314 4122 1663 4195 προειρῆσθαι

67 4215 151 4263 καὶ
195 4217 461 4284 γεγονέναι
548 4208 786 4283 βεϐαίως,
861 4215 950 4264 καὶ
1002 4211 1157 4264 αὐτόν
1203 4215 1356 4284 μόνον
1410 4208 1538 4263 εἶναι
1576 4213 1663 4261 τόν

68 4302 176 4351 rem.
224 4309 316 4353 τοῦ
368 4306 528 4355 Θεοῦ.
581 4302 668 4352 Διό
723 4304 807 4352 καὶ
867 4299 918 4351 ἐν
971 4308 1043 4371 τῷ
1102 4299 1299 4353 ἐκείνου
1352 4298 1563 4371 ὀνόματι
1616 4301 1664 4351 οἱ

67 4387 260 4452 ἀληθῶς
307 4390 477 4442 αὐτοῦ
508 4391 743 4461 μαθηταὶ
788 4389 910 4462 παρ’
948 4392 1109 4441 αὐτοῦ
1151 4387 1389 4449 λαϐόντες
1444 4391 1536 4447 τὴν
1562 4388 1665 4459 χά-

68 4495 162 4547 ριν,
215 4478 547 4532 ἐπιτελοῦσιν
602 4478 678 4530 έπ’
742 4476 1014 4549 εὐεργεσίᾳ
1064 4484 1127 4550 τῇ
1177 4484 1276 4529 τῶν
1334 4477 1524 4529 λοιπῶν
1582 4474 1666 4528 ἁν-

70 4568 299 4641 θρώπων,
332 4569 514 4627 καθὼς
543 4566 614 4628 εἷς
662 4566 875 4626 ἕκαστος
926 4570 1020 4625 την
1080 4562 1277 4641 δωρεὰν
1321 4565 1492 4636 εἴληφε
1542 4564 1665 4638 παρ’

69 4655 242 4712 αὐτοῦ.
293 4658 362 4710 Οἱ
412 4658 506 4729 μεν
548 4656 650 4727 γὰρ
692 4651 949 4726 δαίμονας
1004 4655 1325 4719 ἐλαύνουσιν,
1382 4656 1431 4707 οἱ
1470 4650 1529 4706 δὲ
1576 4658 1668 4707 καὶ

70 4750 362 4818 πρόγνωσιν
411 4747 605 4818 ἔχουσι
658 4752 758 4796 τῶν
814 4744 1113 4816 μελλόντων,
1155 4748 1245 4796 καὶ
1284 4742 1539 4803 ὀπτασίας
1577 4746 1667 4795 καὶ

70 4833 241 4903 ῥήσεις
288 4834 629 4907 προφητικάς
662 4850 675 4864 ·
709 4832 851 4885 ἄλλοι
885 4830 943 4887 δὲ
990 4838 1108 4894 τοὺς
1136 4836 1421 4906 κάμνοντας
1451 4829 1544 4884 διὰ
1573 4832 1635 4890 τῆ
1647 4851 1668 4893 ς

70 4930 157 4975 τῶν
206 4932 412 4999 χειρῶν
468 4922 746 4984 ἐπιθέσεως
801 4922 995 4992 ἰῶνται,
1052 4927 1143 4975 καὶ
1198 4924 1365 4993 ὑγιεῖς
1413 4921 1668 4974 ἀποκαθι-

68 5022 281 5069 στῶσιν.
341 5008 494 5070 Ἤδη
546 5007 627 5077 δε,
681 5014 750 5075 ὡς
795 5013 1002 5085 ἔφαμεν,
1033 5018 1124 5064 καὶ
1147 5016 1316 5087 νεκροὶ
1346 5012 1666 5085 ἠγέρθησαν,

66 5106 151 5154 καὶ
201 5106 524 5177 παρέμειναν
584 5103 677 5153 σὺν
766 5102 887 5174 ἡμῖν
968 5103 1134 5154 ἔτεσιν
1190 5103 1405 5162 ἱκανοῖς.
1461 5104 1562 5153 Καὶ
1616 5103 1668 5151 τί

63 5193 159 5265 γὰρ
190 5208 205 5258 ;
234 5191 333 5245 οῦκ
364 5192 511 5243 ἑστιν
562 5188 784 5262 ἀριθμὸν
832 5188 990 5243 εἰπεῖν
1052 5197 1152 5242 τῶν
1189 5190 1560 5264 χαρισμάτων,
1602 5188 1670 5239 ὧν

66 5282 200 5334 κατὰ
226 5298 433 5341 παντός
460 5286 551 5332 τοῦ
597 5283 797 5352 κόσμου
827 5280 857 5337 ἡ
906 5277 1191 5336 Ἐκκλησία
1218 5280 1362 5354 παρὰ
1406 5284 1497 5330 τοῦ
1538 5282 1672 5330 Θεοῦ

160 5478 184 5531 l
244 5476 381 5529 οὐκ
410 5476 698 5546 ἐφύλαξε.
732 5476 964 5531 Servari
987 5476 1085 5529 hic
1113 5476 1364 5538 dictum,
1395 5476 1434 5527 si

88 5556 99 5571 ’
135 5476 216 5626 δὲ
245 5547 670 5608 Gnosticorum
696 5545 1115 5604 hisreticorum
1138 5543 1434 5603 videlicet.

1761 3227 2083 3283 tandorum
2102 3233 2477 3284 mortuorum
2496 3230 2676 3296 dono,
2697 3247 2802 3302 per
2819 3234 3171 3301 orationem,
3200 3252 3406 3309 quem-

1763 3316 2092 3372 admodum
2141 3318 2268 3390 ipse
2316 3318 2601 3375 Dominus
2644 3320 2821 3393 300
2865 3328 2922 3378 et
2974 3326 3230 3394 apostoli
3264 3327 3415 3384 fece-

1762 3412 1918 3475 runt,
1978 3405 2261 3477 polleant,
2324 3413 2386 3462 ut
2422 3423 2712 3481 persaepe,
2762 3413 3110 3469 necessitate
3163 3414 3413 3472 interve-

1764 3495 2385 3563 niente,inleri’ratres,
2414 3497 2661 3553 ecclesia
2685 3499 2937 3569 ejusloci
2968 3504 3132 3558 omni
3182 3510 3411 3572 orante,

1766 3583 2075 3654 etjejunio
2105 3582 2421 3639 accedente
2473 3601 2543 3640 ac
2605 3587 3142 3659 supplicationibus
3188 3592 3410 3649 multis.

1768 3671 2008 3743 spiritus
2073 3671 2130 3727 in
2192 3687 2411 3744 corpus
2460 3672 2725 3729 defuncti
2780 3691 3071 3748 reversus,
3108 3679 3414 3754 homoque

1768 3760 2045 3833 precibus
2096 3766 2437 3816 sanctorum
2487 3761 2749 3819 donatus
2815 3764 2962 3820 sit.)
3012 3768 3076 3822 Et
3126 3783 3409 3826 rursum:

1774 3868 1803 3901 (ε
1843 3848 2010 3915 Quod
2038 3850 2450 3921 siperspectra
2467 3854 2718 3920 tantum,
2743 3855 3137 3925 etquasifuco
3155 3857 3414 3930 objecto,

1768 3938 1882 3995 hac
1914 3938 2235 3993 Dominum
2290 3937 2501 3995 fecisse
2554 3939 2770 4008 dicent,
2805 3943 2880 3998 ad
2929 3945 3275 4017 prophetica
3303 3948 3416 4004 illis

1770 4027 1990 4098 scripta
2028 4025 2319 4092 deductis,
2351 4029 2758 4096 ostendemus,
2791 4032 2996 4089 omnia
3020 4034 3133 4091 ista
3155 4035 3234 4092 ita
3250 4037 3323 4093 de
3346 4054 3417 4095 eo

1770 4116 2078 4188 praedicta,
2137 4116 2505 4188 proindeque
2553 4118 2731 4174 etiam
2775 4127 2933 4177 certo
2955 4122 3112 4180 facta
3142 4140 3291 4191 esse,
3333 4129 3421 4200 ip-

1774 4221 2032 4278 sumque
2086 4204 2270 4260 solum
2316 4205 2525 4262 Filium
2580 4223 2708 4263 esse
2759 4210 2879 4265 Dei.
2948 4212 3321 4285 Quapropter
3358 4217 3419 4273 in

1773 4294 1902 4366 ejus
1923 4310 2167 4367 quoque
2200 4295 2445 4350 nomine
2491 4297 2611 4351 veri
2662 4300 3053 4371 germanique
3094 4302 3222 4372 ejus
3242 4304 3419 4361 disci-

1773 4384 1923 4456 puli,
1955 4389 2200 4454 accepta
2224 4382 2302 4438 ab
2319 4400 2389 4439 eo
2419 4386 2626 4454 gratia,
2641 4386 2764 4441 aliis
2791 4388 3135 4445 hominibus
3160 4392 3419 4464 benigne

1776 4473 1987 4538 facere,
2018 4472 2186 4527 sicuti
2216 4472 2295 4528 ab
2343 4488 2413 4528 eo
2460 4474 2712 4547 quisque
2742 4475 2969 4533 donum
3004 4484 3095 4534 est
3142 4496 3420 4538 consecu-

1776 4571 1890 4627 tus,
1924 4567 2323 4633 perseverant.
2368 4564 2514 4617 Nam
2560 4564 2809 4634 quidam
2869 4566 3175 4623 daemones
3224 4570 3421 4639 proﬂi-

1775 4656 1938 4723 gant,
1981 4649 2163 4722 aliqui
2211 4650 2407 4706 futura
2460 4653 2884 4722 praenuntiant,
2932 4656 3312 4728 visionesque
3369 4662 3426 4716 et

1774 4754 2067 4811 responsa
2088 4737 2308 4793 habent
2336 4740 2701 4809 prophetica.
2728 4743 3002 4798 Nonnulli
3024 4746 3262 4812 aegrotis
3285 4747 3425 4802 sub-

1778 4827 2042 4893 veniunt,
2085 4831 2141 4881 et
2181 4841 2475 4881 manuum
2530 4827 2907 4898 impositione
2937 4846 3039 4887 eos
3078 4835 3419 4890 restituunt.

1775 4919 1904 4973 lam
1935 4931 2093 4981 vero,
2137 4914 2305 4970 sicuti
2337 4915 2613 4987 diximus,
2646 4918 2862 4973 mortui
2893 4920 3072 4975 etiam
3091 4923 3422 4979 resuscitati

1778 5010 1934 5071 sunt,
1962 5005 2065 5077 qui
2114 5003 2259 5058 satis
2305 5004 2410 5058 diu
2448 5004 2598 5059 inter
2626 5020 2737 5060 nos
2766 5006 3003 5063 fuerunt
3052 5012 3421 5082 superstites.

1779 5094 1932 5160 Quid
1962 5093 2117 5149 enim
2146 5091 2341 5147 dicam
2365 5092 2392 5147 ?
2417 5108 2555 5147 cum
2612 5108 2931 5151 numerum
2986 5096 3285 5155 donorum
3326 5101 3425 5157 Dei

1779 5184 1926 5239 inire
1957 5196 2075 5238 non
2106 5180 2295 5245 liceat,
2323 5196 2459 5252 quae
2486 5196 2590 5252 per
2617 5183 2825 5239 orbem
2855 5188 3147 5243 terrarum
3174 5203 3420 5247 omnem

1781 5271 2035 5329 Ecclesia
2063 5286 2098 5327 a
2126 5270 2245 5325 Deo
2292 5276 2554 5342 accepta,
2603 5271 2664 5326 in
2712 5273 2955 5330 nomine
3012 5277 3148 5332 Jesu
3188 5275 3425 5348 Christi,

244 5475 381 5529 Οὐκ
410 5473 706 5546 ἐφύλαξε,
732 5472 964 5546 Servari
987 5470 1085 5529 hic
1113 5472 1364 5546 dictum,
1395 5470 1550 5530 sicut
1576 5467 1743 5546 apud
1778 5466 2129 5533 Terentium,
2161 5466 2258 5525 Me
2284 5464 2554 5540 infensus
2579 5473 2801 5527 servat.
