4032 6282
614 234 754 301 1007
1620 274 1625 276 -
1924 236 2313 296 NICEPHORI
2354 237 2673 295 CALLISTI
3843 238 3945 295 {(08
4008 264 4009 317 ι

605 367 720 424 sub
741 367 944 424 Pontio
970 366 1150 423 Pilato
1177 362 1465 432 cruciﬁxi,
1498 365 1763 439 quotidie
1817 365 2057 438 populis
2081 365 2223 422 bene

2335 363 2633 430 .λαϐοῦσα,
2678 362 2727 416 iv
2785 371 2859 436 τῷ
2917 362 3132 437 ὀνόματι
3159 362 3337 423 Ἰησοῦ
3384 369 3638 437 Χριστοῦ
3690 362 3785 415 τοῦ
3834 382 3948 416 nr:-

604 457 881 513 faciendo
908 456 1145 512 exhibet
1172 460 1227 511 et
1247 461 1490 527 praestat
1517 456 1547 510 ‘i
1572 471 1765 527 neque
1798 455 2151 528 quempiam
2164 454 2223 511 dt

2371 456 2627 527 ρωθέντος
2680 456 2765 507 ini
2822 458 3043 507 Ποντίου
3100 452 3329 507 Πιλάτου
3387 453 3627 515 ἑκάστης
3672 455 3865 525 ἡμέρας
3900 454 3949 505 ἐτ’

607 546 917 611 fraudans,
951 561 1145 618 neque
1172 550 1486 617 argentum
1512 560 1866 615 emungens.
1890 544 2073 602 Sicuti
2100 545 2223 600 enir

2370 544 2644 617 εὐεργεσίᾳ
2689 551 2752 617 τῇ
2809 551 2910 596 τῶν
2960 542 3113 597 ἐθνῶν
3172 542 3409 611 ἐπιτελεῖ,
3468 548 3613 615 μήτε

600 636 856 707 gratuito
882 652 918 691 a
957 638 1073 690 Deo
1124 636 1371 707 accepit,
1404 637 1483 691 ita
1523 635 1699 691 etiam
1733 634 1993 705 gratuito
2032 649 2103 690 ea
2136 633 2223 689 dis

2368 652 2532 699 τινας,
2579 637 2713 706 μήτε
2765 633 3227 707 ἑξαργυριζομίνη,
3276 632 3365 695 Ὠς
3411 635 3513 705 γὰρ
3574 629 3797 706 δωρεὰν
3850 632 3953 683 ἕλιξι

599 730 881 797 pensat.»
898 724 1125 780 Similia
1172 740 1417 797 quoque
1432 724 1552 780 alio
1580 724 1709 780 loco
1723 723 1973 796 profert:
1996 743 2024 775 «
2048 723 2223 778 Sicuti

2365 725 2511 796 παρὰ
2563 726 2710 788 Θεοῦ,
2775 718 2974 797 δεωρὰν
3030 727 3120 775 καὶ
3177 718 3432 775 διακονεῖ.
3481 743 3512 772 κ
3570 726 3689 775 Καὶ
3747 720 3797 773 iv

598 814 817 869 multos
834 812 1117 869 audimus
1138 812 1349 868 fratres
1369 814 1428 867 in
1449 813 1705 868 Ecclesia
1724 813 2076 885 prophetica
2097 813 2223 868 don.

2367 806 2586 883 δὶλόγφ
2628 814 2694 864 τὰ
2734 810 3082 887 παραπλήσια
3127 810 3261 882 λέγει
3294 828 3307 841 ο
3341 830 3370 861 α
3414 812 3616 872 Καθὼς
3668 814 3767 862 καὶ

595 902 902 968 habentes,
934 902 1118 957 variis
1148 917 1254 973 per
1287 902 1567 974 Spiritum
1596 902 1812 973 linguis
1841 901 2030 974 loqui,
2062 902 2223 957 homi

2366 899 2617 972 ἀκούομεν
2656 897 2889 973 ἀδελφῶν
2939 900 2988 953 iv
3016 908 3079 973 τῇ
3133 899 3421 973 Ἐκκλησία
3471 903 3807 973 προφητικὰ
3839 920 3944 971 χερί-

594 1007 864 1064 numque
896 991 1127 1047 occulta
1159 993 1216 1045 in
1247 990 1463 1057 lucem,
1499 991 1762 1046 utilitatis
1784 1006 1993 1046 eorum
2035 990 2223 1060 gratia

2366 1008 2541 1062 σματα
2584 990 2834 1062 ἐχόντων,
2889 994 2978 1043 καὶ
3011 986 3376 1052 παντοδαπαῖς
3423 989 3741 1041 λαλούντων
3786 985 3939 1040 duini
4006 985 4009 1019 ἶ

594 1080 879 1153 proferre,
912 1085 970 1135 et
999 1081 1288 1151 mysteria
1310 1094 1650 1150 arcanaque
1684 1078 1783 1135 Dei
1798 1078 2223 1135 consiliadecla

2363 1081 2661 1151 Πνεύματος
2700 1077 2992 1150 γλώσσαις,
3042 1084 3134 1132 καὶ
3181 1081 3248 1131 τὰ
3291 1081 3486 1151 κρύφια
3537 1086 3655 1130 τῶν
3715 1076 3945 1151 ἀνθρώπω

593 1186 746 1228 rare.
776 1191 806 1221 »
848 1169 981 1225 Haec
1001 1169 1317 1225 hactenus.

2361 1168 2434 1230 εἰς
2471 1171 2683 1243 φανερὸν
2720 1167 2947 1240 ἀγόντων
3003 1168 3087 1221 ἐπὶ
3116 1175 3189 1239 τῷ
3245 1171 3598 1242 συμφέροντι,
3646 1172 3749 1220 καὶ
3804 1170 3947 1237 riss-
4008 1230 4009 1239 γ

2362 1261 2558 1331 στήρια
2593 1264 2685 1311 τοῦ
2742 1265 2878 1311 Θεοῦ
2916 1255 3360 1330 ἐκδιηγουμένων,
3398 1278 3424 1309 ι
3456 1262 3661 1311 ταῦτα
3808 1257 3946 1316 οὔτως,
4008 1250 4009 1311 ἓ

2969 1367 3213 1420 ΚΕΦΑΛ.
3256 1363 3352 1419 ῐΔ’.

2358 1467 2564 1533 Ὀπως
2616 1470 2642 1521 6
2690 1469 3037 1544 Εἰρηναῖος
3074 1479 3194 1524 τῶν
3244 1472 3708 1544 θεοπνεύστων
3750 1488 3949 1542 junge-

2429 1542 2885 1617 vn'gsrl‘papabv
2912 1561 2925 1573 '
2983 1548 3094 1596 καὶ
3124 1548 3272 1615 περὶ
3314 1542 3771 1617 τῇςξῐωάννου
3800 1543 3949 1617 Ἀλπε-

2429 1611 2799 1689 καλύψεως’·
2863 1620 2971 1668 καὶ
3034 1611 3309 1689 περὶτῆς
3358 1611 3948 1676 ἔκδόσεωςτῶνἘϐ-

2288 1716 2330 1771 Β
2430 1681 2829 1757 δομήκοντα.

1220 1363 1446 1419 CAPUT
1488 1364 1617 1420 XIV.

604 1473 674 1529 Ut
711 1474 969 1528 Irenaeus
1005 1470 1460 1537 Scripturarum
1498 1471 1773 1527 divinitus
1810 1471 2249 1541 inspiratarum

662 1545 1025 1600 meminerit:
1037 1551 1089 1599 et
1104 1544 1176 1598 de
1189 1544 1557 1613 Apocalypsi
1568 1545 1897 1615 .loannis,et
1911 1545 1983 1601 de
1999 1546 2249 1615 Septua-

660 1617 828 1687 ginta
860 1616 1255 1684 interpretum
1286 1615 1703 1671 translatione.

667 1795 906 1851 Facitis
952 1795 1128 1850 etiam
1179 1810 1484 1850 sacrarum
1520 1794 1958 1866 Scripturarum
1998 1794 2248 1850 mentio-

588 1900 753 1950 nem,
794 1889 852 1940 et
886 1884 1469 1940 testamentariorum
1522 1883 1832 1949 librorum,
1874 1883 2069 1955 primo
2114 1884 2247 1940 loco

587 1982 846 2047 quatuor
868 1974 1188 2043 Evangelia
1232 1974 1663 2039 recensens,ita
1689 1972 1806 2027 fere
1840 1973 2013 2028 sicuti
2046 1989 2156 2029 nos
2187 1973 2246 2028 in

585 2063 705 2119 ﬁne
744 2064 988 2119 secundi
1040 2062 1186 2117 tomi
1236 2061 1651 2132 exposuimus.
1693 2062 1755 2116 In
1789 2062 2001 2134 quinto
2043 2068 2243 2117 autem

586 2151 929 2223 argumenti
960 2153 1087 2221 ejus
1117 2151 1283 2223 quod
1314 2151 1540 2206 dictum
1556 2156 1644 2205 est
1670 2150 1842 2216 libro,
1869 2151 2039 2221 301
2069 2149 2245 2207 Joan-

583 2242 676 2298 nis
703 2257 945 2314 quoque
970 2239 1384 2312 Apocalypsis,
1424 2238 1812 2311 epistolreque
1834 2240 1985 2309 ejus,
2017 2244 2073 2294 et
2101 2239 2241 2294 item

583 2332 727 2387 Petri
754 2330 1016 2402 epistolae
1042 2329 1331 2384 meminit.
1356 2330 1433 2383 De
1464 2328 1828 2401 Apocalypsi
1858 2344 1999 2384 vero
2030 2334 2085 2383 et
2114 2329 2243 2385 hmc

589 2420 793 2476 scribit
826 2438 838 2474 :
878 2438 905 2470 «
934 2422 1061 2474 Haec
1088 2418 1170 2473 sic
1192 2417 1628 2489 habent,atque
1650 2418 1709 2471 in
1728 2416 2030 2473 ominibus
2045 2433 2242 2472 emen-

581 2509 736 2564 datis
761 2515 816 2564 et
846 2508 1111 2579 antiquis
1141 2507 1588 2579 exemplaribus
1622 2522 1903 2563 numerus
1945 2508 2051 2562 iste
2079 2506 2241 2563 inve-

578 2598 757 2654 nitur.
790 2596 1203 2653 Testiﬁcantur
1228 2596 1344 2651 hoc
1383 2595 1560 2651 etiam
1591 2594 1671 2650 illi
1696 2596 1798 2667 qui
1824 2597 2121 2651 Joannem
2161 2596 2237 2652 de

576 2685 727 2743 facie
755 2686 1035 2742 viderunt
1069 2702 1081 2739 :
1116 2685 1417 2756 verbaque
1468 2685 1712 2756 insuper
1749 2686 1881 2756 ipsa
1928 2684 2237 2742 declarant

577 2792 901 2832 numerum
967 2775 1227 2830 nominis
1284 2773 1491 2829 bestiae
1543 2774 1645 2845 (1),
1689 2775 1861 2845 juxta
1895 2776 2232 2830 Graecorum

578 2865 895 2929 calculum,
927 2880 1032 2936 per
1053 2880 1154 2920 eas
1193 2879 1328 2935 quae
1368 2863 1427 2917 in
1459 2878 1532 2916 ea
1561 2869 1698 2917 sunt
1725 2862 1947 2918 litteras
1975 2879 2107 2918 esse
2136 2880 2234 2919 ex-

577 2969 876 3026 pressum.
910 2973 938 3005 »
975 2955 1041 3007 Et
1080 2968 1317 3007 rursum
1350 2967 1363 3005 :
1398 2972 1422 3002 α
1465 2954 1589 3007 Non
1616 2952 1895 3022 equidem
1923 2968 2045 3007 non
2074 2953 2232 3024 peri-

2428 1790 2622 1844 Μνείαν
2671 1787 2731 1844 δε
2760 1795 2849 1843 καὶ
2900 1790 3053 1853 οὗτος
3103 1799 3204 1844 τῶν
3252 1793 3395 1844 θείων
3443 1798 3699 1844 ποιεῖται
3751 1796 3929 1864 Γραγῶ,

2354 1884 2445 1932 καὶ
2492 1888 2592 1932 τῶν
2631 1876 2955 1939 ἑνδιαθὴκων
3002 1882 3201 1943 ταύτης
3239 1877 3453 1952 βιϐλίων
3494 1897 3511 1910 ’
3569 1885 3673 1933 καὶ
3724 1900 3935 1954 προηγω-

2353 1972 2517 2040 μίνως
2566 1971 2657 2041 μὲν
2715 1977 2816 2021 τῶν
2866 1971 3135 2044 τεσσάρων
3203 1969 3535 2041 Εύαγγελίων
3597 1977 3839 2022 ποιεῖται
3878 1987 3935 2019 ιιι

2353 2057 2590 2129 τάλογον,
2633 2061 2701 2120 ὡς
2731 2055 2801 2117 δὴ
2842 2064 2933 2111 καὶ
2970 2062 3096 2130 ἡμῖν
3129 2056 3327 2131 σχεδὸν
3357 2060 3408 2111 iv
3432 2068 3507 2129 τῷ
3551 2059 3699 2113 τέλει
3741 2066 3831 2112 τού
3855 2056 3936 2111 δεδ-

2352 2151 2501 2221 τίρου
2558 2152 2720 2220 τόμου
2762 2144 3064 2206 διείληπται
3100 2150 3186 2200 ’ἓν
3242 2144 3302 2200 δέ
3341 2166 3400 2219 γε
3453 2156 3528 2218 τῷ
3590 2154 3817 2222 πέμπτῳ
3870 2155 3935 2205 τες

2350 2236 2514 2289 αὐτοῦ
2544 2238 2837 2299 ὑποθέσεως
2875 2245 2972 2299 τῆς
3012 2237 3249 2291 Ἰωάννου
3300 2242 3477 2309 μνείαν
3534 2238 3781 2290 ποιεῖται
3819 2238 3931 2291 ’Δεδ-

2348 2324 2637 2396 καλύψεως,
2667 2331 2757 2378 καὶ
2816 2333 2914 2387 τῆς
2942 2326 3218 2388 ἐπιστολῆς
3250 2329 3410 2379 αύτοῦ
3446 2332 3545 2379 καὶ
3600 2335 3702 2380 τοῦ
3754 2331 3931 2399 Πέτρον.

2350 2416 2475 2490 Περὶ
2521 2410 2580 2467 δὲ
2605 2423 2700 2477 τῆς
2746 2414 3150 2487 Ἀποκαλύψεως
3196 2419 3286 2468 καὶ
3332 2422 3503 2468 ταῦτα
3554 2414 3701 2487 λέγει
3738 2438 3752 2450 ο
3782 2434 3809 2465 α
3837 2418 3933 2469 T96-

2346 2523 2444 2556 των
2475 2505 2640 2567 οὕτως
2686 2506 2913 2576 ἑχόντων
2950 2509 3041 2558 καὶ
3080 2504 3129 2557 iv
3164 2511 3300 2558 πᾶσι
3345 2512 3455 2567 τοῖς
3508 2502 3831 2566 σπουδαίοις
3861 2513 3933 2557 καὶ

2346 2591 2595 2667 ἀρχαίοις
2647 2602 2748 2646 τῶν
2801 2593 3128 2669 ἀντιγράφων
3180 2602 3273 2648 τοῦ
3328 2593 3566 2667 ἀριθμοῦ
3620 2600 3797 2649 τούτου
3844 2615 3930 2648 κει·

2343 2687 2520 2755 μένου,
2589 2687 2674 2736 καὶ
2732 2687 3136 2759 μαρτυρούντων
3194 2685 3360 2738 αὐτῶν
3408 2684 3627 2738 ἐκείνων
3692 2695 3781 2738 τῶν
3828 2690 3921 2736 κατ’

2342 2770 2461 2842 ὄψιν
2501 2775 2589 2824 τὸν
2649 2771 2890 2831 Ἰωάννην
2928 2775 3246 2847 ἑωρακότων,
3300 2778 3389 2825 καὶ
3447 2781 3548 2827 τοῦ
3608 2775 3756 2847 λόγον
3789 2770 3913 2826 διδέ.

2342 2879 2558 2924 σκοντος
2587 2863 2727 2934 ἡμᾶς
2774 2863 2855 2915 ὅτι
2882 2863 2909 2914 6
2941 2860 3162 2935 ἀριθμὸς
3209 2869 3302 2915 τοῦ
3341 2862 3607 2936 ὀνόματος
3644 2872 3724 2917 τοῦ
3752 2866 3900 2934 θηρίον

2336 2952 2475 3003 κατά
2515 2954 2611 3009 τὴν
2662 2949 2910 3009 Ἑλλήνων
2954 2950 3127 3024 ψῆφον
3177 2947 3271 3004 διὰ
3308 2960 3409 3003 τῶν
3441 2954 3493 3003 iv
3540 2953 3669 3023 αύτῷ
3686 2951 3881 3021 κεκριμέ-

578 3042 919 3097 clitabimur
949 3042 1017 3095 de
1058 3041 1300 3095 nomine
1330 3038 1673 3094 Antichristi
1706 3040 2040 3112 quidquam
2067 3046 2223 3097 certo

2335 3057 2433 3091 των
2487 3040 2805 3111 ἐμφαίνεται.
2859 3062 2887 3091 ε(
2912 3040 3017 3095 Καὶ
3071 3039 3227 3093 πάλιν
3250 3056 3266 3070 ·
3295 3060 3325 3092 ι(
3353 3039 3543 3113 Ἡμεῖς
3560 3042 3632 3094 sv’v
3654 3039 3729 3092 οὐκ
3767 3036 3877 3088 ἁπο-

579 3146 913 3188 asseverare
941 3137 997 3184 et
1025 3130 1404 3184 confirmare.
1435 3128 1607 3193 Quod
1643 3129 1688 3182 si
1721 3127 1879 3183 enim
1915 3129 2028 3184 hac
2058 3136 2226 3187 aetate

575 3236 796 3277 nomen
839 3220 967 3290 ejus
999 3219 1314 3290 propalam
1355 3217 1742 3288 praedicatum
1774 3223 2092 3286 oporteret,
2122 3235 2227 3290 per

576 3326 713 3365 cum
738 3309 795 3363 id
828 3308 1156 3364 indicatum
1198 3307 1426 3374 fuisset,
1458 3307 1559 3377 qui
1586 3305 2006 3377 Apocalypsim
2048 3313 2105 3363 et
2132 3324 2223 3363 re-

572 3398 927 3454 velationem
954 3398 1147 3467 ipsam
1175 3395 1340 3450 vidit.
1369 3398 1495 3450 Non
1520 3395 1601 3449 ita
1627 3394 1857 3449 dudum
1893 3410 2154 3467 namque
2176 3397 2223 3451 is

572 3489 738 3543 visus
765 3493 872 3551 est,
907 3491 1107 3541 nostra
1149 3500 1338 3557 prope
1384 3489 1575 3547 aetate,
1630 3484 1858 3538 circiter
1913 3486 2224 3541 Domitiani

573 3576 806 3648 imperii
850 3574 1053 3629 ﬁnem.
1089 3593 1117 3625 »
1154 3574 1507 3630 Mentionem
1565 3572 1740 3628 etiam
1788 3575 2045 3628 lrenaeus
2085 3574 2224 3631 facit

577 3665 889 3737 Sapientiae
924 3662 1280 3720 Salomonis.
1327 3662 1807 3734 Recipitquoque
1837 3678 1976 3718 eum
2007 3664 2109 3735 qui
2138 3664 2223 3718 di-

573 3755 723 3809 citur
749 3753 1012 3809 Pastoris
1050 3752 1291 3816 librum,
1317 3753 1487 3821 cujus
1524 3750 1622 3805 illo
1668 3752 1847 3807 utitur
1884 3752 2221 3808 testimonio

571 3847 630 3898 et
693 3844 1043 3898 auctoritate
1101 3857 1115 3894 :
1176 3844 1347 3896 Recte
1412 3840 1592 3910 igitur
1659 3840 1959 3911 Scriptura
2017 3841 2156 3896 dicit
2204 3857 2219 3895 :

572 3952 601 3984 cr
643 3932 826 3987 Crede
858 3933 915 3985 in
956 3930 1166 4001 primis
1207 3945 1394 3984 unum
1446 3945 1576 3983 esse
1637 3932 1841 3994 Deum,
1876 3929 1979 4000 qui
2012 3930 2221 3986 omnia

575 4022 793 4075 creavit
822 4025 878 4075 et
906 4019 1167 4090 perfecit.
1208 4039 1236 4068 ν
1258 4017 1507 4074 Meminit
1555 4020 1695 4073 item
1745 4019 2078 4090 presbyteri
2113 4034 2220 4074 cu-

562 4110 807 4180 jusdam
835 4108 1178 4180 apostolicae
1209 4107 1345 4161 vitae
1375 4108 1505 4176 viri,
1537 4107 1709 4177 cujus
1741 4122 1962 4162 nomen
1978 4123 2100 4162 non
2122 4123 2219 4163 ex-

563 4200 781 4272 primit.
818 4199 936 4268 Ego
968 4202 1168 4253 autem
1192 4198 1482 4252 Joannem
1500 4195 1751 4251 alterum
1782 4212 1913 4250 esse
1943 4198 2215 4269 puto,qui

562 4288 777 4360 Ephesi
830 4287 952 4357 fuit,
987 4286 1300 4358 presbyter
1349 4285 1433 4340 ita
1500 4285 1945 4356 cognominatus
1988 4306 2000 4339 :
2043 4287 2213 4357 cujus

560 4379 739 4433 etiam
794 4376 1200 4432 enarrationes
1252 4380 1308 4429 et
1358 4374 1519 4429 dicta
1567 4374 1983 4430 memorabilia
2027 4376 2215 4433 multa

559 4467 791 4538 scriptis
839 4466 962 4521 suis
1003 4464 1223 4519 inserit.
1268 4462 1531 4520 Meminit
1554 4469 1840 4534 praeterea
1896 4462 2213 4521 Clementis

558 4562 614 4614 et
641 4557 878 4625 Justini,
909 4569 1237 4625 eorumque
1264 4553 1397 4608 loca
1425 4553 1708 4624 quaedam
1741 4552 2133 4624 allegat.Quae
2164 4556 2213 4610 is

553 4654 753 4703 autem
777 4646 851 4700 de
883 4643 1273 4715 Septuaginta
1295 4642 1683 4714 interpretum
1714 4642 2101 4699 translatione
2124 4644 2212 4699 di-

551 4737 772 4791 vinitus
804 4735 1226 4806 inspiratarum
1249 4731 1690 4803 Scripturarum
1712 4732 2207 4805 scribat,asquum

549 4826 744 4880 visum
760 4824 1047 4895 estipsius
1074 4822 1269 4877 verbis
1290 4821 1525 4877 referre.
1558 4844 1585 4871 «
1612 4826 1818 4892 itaque
1851 4821 2005 4877 Deus
2024 4822 2207 4879 homo

546 4913 741 4971 factus
774 4922 884 4981 est,
920 4920 975 4968 et
1000 4914 1126 4985 ipse
1166 4912 1450 4967 Dominus
1497 4910 1746 4965 salvavit
1782 4926 1917 4979 nos,
1953 4910 2205 4981 virginis

548 5005 721 5076 signo
749 5002 1047 5059 exhibito:
1079 5009 1132 5055 et
1170 5016 1292 5055 non
1328 5000 1500 5055 sicuti
1538 5000 1787 5072 quidam
1810 4998 2037 5064 dicunt,
2073 5015 2206 5072 per-

541 5108 751 5167 peram
784 5092 1096 5147 transferre
1122 5090 1485 5163 Scripturam
1514 5088 1643 5145 ausi
1664 5107 1676 5144 :
1694 5089 1846 5145 Ecce
1873 5090 2204 5146 adolescen-

544 5183 672 5241 tula
700 5190 932 5239 uterum
961 5180 1231 5251 gestabit,
1260 5186 1314 5236 et
1343 5178 1539 5248 pariet
1566 5176 1762 5246 ﬁlium
1790 5180 1910 5235 :ita
1934 5186 1995 5234 ut
2020 5180 2205 5235 Theo-

537 5270 702 5327 dotio
717 5270 1032 5343 Ephesius,
1052 5273 1109 5325 et
1124 5268 1369 5341 Aquilas
1390 5268 1688 5334 Ponticus,
1706 5268 1734 5322 J
1744 5268 1895 5324 udaai
1917 5267 2202 5341 proselyti

603 5414 759 5487 (l)ln
780 5415 1027 5487 Irenaeo,
1054 5413 1129 5487 de
1159 5412 1545 5487 inquisitione
1574 5412 1807 5467 numeri
1834 5416 1891 5487 et
1915 5410 2196 5487 nominis

530 5483 868 5542 Antichristi
884 5485 1074 5540 timide
1088 5483 1323 5539 simulet
1337 5483 1580 5540 sollicite
1596 5485 1993 5554 agente,circa
2011 5483 2197 5554 tinem

528 5555 668 5616 libri
690 5557 903 5631 quinti,
926 5555 1074 5613 illud
1088 5554 1351 5613 maxime
1372 5553 1842 5621 observandum,
1861 5554 2029 5628 quod
2055 5553 2198 5614 fati-

2333 3125 2698 3201 κινδυνεύομεν
2759 3132 2877 3201 περὶ
2946 3135 3040 3181 τοῦ
3109 3128 3363 3202 ὀνόματος
3412 3138 3513 3182 τοῦ
3565 3130 3885 3202 Ἀντιχρίστον

2335 3217 2733 3290 ἀποφαίνόμενοι
2787 3215 3157 3291 βεϐαιωτικῶς.
3217 3219 3276 3272 Εἰ
3325 3222 3431 3291 ’γὰρ
3493 3218 3603 3274 ἔδει
3646 3212 3894 3291 haec?”

2334 3314 2406 3377 τῷ
2444 3313 2532 3357 νῦν
2562 3315 2728 3381 καιρῷ
2781 3310 3135 3381 κηρύττεσθαι
3186 3310 3418 3379 τοῦνομα
3467 3308 3654 3374 αὐτοῦ,
3699 3304 3761 3360 δι’
3798 3304 3906 3357 ἑκεί-

2330 3414 2419 3447 νου
2452 3394 2511 3445 ἂν
2541 3394 2719 3469 ἒρῥίθη
2770 3404 2866 3448 τοῦ
2922 3401 3017 3455 τὴν
3084 3396 3445 3469 Ἀποκάλύψιν
3500 3398 3796 3471 ἑωρακότος.
3846 3393 3909 3446 03

2330 3486 2432 3557 γὰρ
2462 3488 2563 3559 πρὸ
2590 3485 2777 3537 πολλοῦ
2817 3491 3014 3559 χρόνον
3046 3486 3271 3559 ἑωράθη,
3315 3485 3444 3538 ἀλλὰ
3489 3484 3699 3558 σχεδὸν
3745 3485 3818 3538 ἐπὶ
3839 3492 3913 3543 τῆς

2331 3574 2580 3646 ἡμετέρας
2632 3580 2828 3644 γενεᾶς,
2857 3579 2987 3650 πρὸς
3038 3583 3112 3646 τῷ
3164 3576 3296 3629 τελει
3342 3583 3440 3637 τῆς
3487 3582 3799 3649 Δομετιανοῦ
3841 3572 3915 3625 ἀο-

2330 3670 2459 3733 χῆς.
2496 3682 2520 3714 ν
2580 3667 2853 3735 Μέμνηται
2895 3665 2922 3716 6
2986 3664 3263 3739 Εἰρηναῖος
3317 3670 3405 3717 καὶ
3474 3674 3569 3726 τῆς
3628 3666 3916 3737 Eulogium:

2331 3757 2531 3824 Σοφίας.
2566 3749 2921 3826 Ἀποδέχεται
2972 3749 3032 3806 δὲ
3069 3759 3160 3806 καὶ
3189 3759 3283 3813 τὴν
3310 3762 3400 3807 τοῦ
3432 3760 3753 3828 Ποιμίνος
3794 3753 3915 3824 λεγο-

2329 3844 2485 3912 μένην
2515 3837 2714 3914 βίϐλον,
2746 3848 3018 3914 χρώμενος
3064 3842 3223 3905 αὐτῆς
3266 3848 3356 3896 καὶ
3410 3846 3583 3917 ταύτῃ
3635 3850 3707 3917 τῇ
3747 3861 3911 3916 μαρτν-

2328 3934 2419 4003 ρίᾳ
2459 3947 2472 3961 ⁸
2535 3930 2715 3992 Καλῶς
2770 3928 2859 3983 οὖν
2910 3934 2941 3991 ἠ
3006 3936 3183 4005 Γραφὴ
3232 3934 3261 3992 ἡ
3321 3932 3571 4004 λέγουσα,
3634 3953 3667 3985 α
3734 3940 3912 4006 Πρῶτον

2326 4020 2530 4072 πάντων
2610 4024 2914 4087 πίστευσον,
2986 4022 3068 4074 ὅτι
3140 4018 3215 4084 εἷς
3283 4020 3424 4075 ἔστιν
3473 4024 3500 4075 6
3578 4026 3737 4089 Θεὸς,
3792 4024 3814 4075 ὁ
3862 4024 3911 4072 τὰ

2324 4110 2496 4161 πάντα
2560 4114 2750 4172 κτίσας
2828 4115 2919 4162 καὶ
2996 4115 3339 4186 καταρτίσας.
3386 4132 3410 4163 ν
3490 4114 3772 4184 Μέμνηται
3839 4113 3909 4161 καὶ

2325 4197 2676 4272 πρεσϐυτέρου
2736 4202 2876 4261 τινὸς
2926 4197 3277 4254 ἂποστολικοῦ
3329 4204 3417 4253 τὸν
3467 4198 3585 4274 βίον
3627 4197 3909 4275 ἀνδρὸς,οὗ

2323 4289 2382 4339 τὸ
2410 4290 2569 4359 ὄνομα
2600 4286 2659 4339 ού
2691 4284 2846 4346 δηλοῖ
2878 4304 2891 4318 °
2921 4287 3020 4360 ἐγὼ
3053 4284 3111 4341 δε
3141 4290 3289 4362 οἶμαι
3339 4292 3426 4342 τὸν
3476 4286 3731 4365 δεύτερον
3764 4290 3905 4343 Ἰωάν-

2323 4394 2414 4433 νην
2454 4377 2583 4429 εἶναι
2633 4380 2721 4428 τὸν
2778 4376 2826 4428 iv
2865 4377 3081 4450 Ἐφέσῳ,
3136 4377 3487 4452 πρεσϐύτερον
3545 4380 3689 4433 δύτω
3743 4378 3899 4432 καὶδύο

2322 4481 2470 4537 μενον
2509 4481 2524 4494 ⁶
2558 4465 2619 4518 οὗ
2643 4470 2733 4518 καὶ
2758 4466 3035 4538 ἐξηγήσεις
3084 4472 3176 4520 καὶ
3226 4468 3747 4543 ἀπομνημονεύματα
3768 4465 3895 4521 πολλᾶ

2320 4560 2431 4615 ταῖς
2463 4553 2624 4607 αὐτοῦ
2656 4563 2879 4630 γραφαῖς
2923 4559 3291 4629 παρατίθεται.
3348 4558 3466 4612 Ἐτι
3523 4554 3589 4611 δε
3644 4565 3736 4613 καὶ
3782 4554 3888 4610 Kli-

2318 4660 2501 4715 μεντος
2529 4648 2619 4697 καὶ
2658 4645 2945 4698 Ἰουστινου
2988 4650 3165 4719 μνείαν
3217 4654 3461 4713 ποιεῖται,
3513 4652 3610 4701 καὶ
3647 4665 3756 4701 τινι
3791 4644 3886 4697 τώ·

2318 4752 2418 4786 των
2445 4734 2583 4809 ῥητὰ
2630 4736 2865 4807 γράφων.
2933 4741 3057 4810 Περὶ
3112 4731 3172 4789 δε
3218 4744 3315 4799 τῆς
3353 4739 3490 4789 κατὰ
3519 4742 3644 4799 τοὺς
3688 4737 3728 4790 o’
3760 4735 3894 4808 ἑρμη·

2316 4827 2455 4884 νείας
2518 4831 2617 4876 τῶν
2671 4826 3021 4877 θεοπνεύστων
3077 4828 3291 4898 Γραφῶν
3364 4826 3450 4879 οἷα
3498 4825 3660 4899 λέγει,
3720 4824 3903 4880 δίκαιον

2316 4912 2503 4975 αὐταῖς
2550 4912 2746 4976 λέξεσιν
2794 4917 2985 4967 εκείνου
3036 4912 3261 4971 ἀκούειν.
3290 4935 3319 4968 α
3348 4922 3407 4969 Ὀ
3439 4919 3573 4979 Θεὸς
3605 4914 3699 4970 οὖν
3739 4918 3905 4991 ἀνθρα-

2314 5021 2412 5064 πος
2461 5001 2675 5073 ἐγένετο,
2711 5008 2802 5055 καὶ
2854 5003 3007 5065 αὐτὸς
3037 5005 3063 5056 6
3121 5005 3311 5081 Κύριος
3365 5007 3558 5058 ἔσωσεν
3606 5007 3775 5079 ἡμᾶς,
3803 5002 3901 5063 δοὺς

2313 5094 2371 5144 τὸ
2425 5098 2519 5153 τῆς
2576 5093 2832 5165 παρθένου
2879 5099 3098 5165 σημεῖον
3134 5109 3148 5124 ⁸
3196 5093 3305 5146 ἀλλ’
3358 5093 3461 5166 οὐχ
3514 5096 3588 5156 ὡς
3628 5098 3763 5149 ἔνιοί
3798 5109 3900 5168 φασι

2311 5188 2413 5234 τῶν
2500 5188 2591 5233 νῦν
2658 5181 2960 5255 τολμώντων
3021 5184 3413 5257 μεθερμηνεύειν
3466 5187 3565 5243 τήν
3634 5188 3844 5260 Γραφῇ
3886 5196 3899 5212 ⁸

2308 5266 2479 5325 Ἰδοὺ
2504 5271 2535 5329 ἠ
2563 5277 2772 5333 νεᾶνις
2801 5274 2860 5325 iv
2888 5278 3132 5349 γαστρὶ
3156 5272 3302 5339 ἕξει,
3325 5276 3433 5326 καὶ
3463 5272 3730 5337 τέξεται
3758 5277 3905 5328 νὶὀνδ

2308 5412 2443 5469 dico
2456 5412 2664 5488 spiritu
2671 5413 2953 5488 ,exempli
2970 5415 3419 5488 gratia,triaista
3432 5415 3701 5474 nomina
3714 5429 3906 5474 nume-

2306 5496 2443 5561 rum
2465 5484 2589 5561 ὅϐβ,
2605 5484 3091 5561 reprgesentantia
3110 5487 3311 5561 lectori
3325 5489 3638 5561 proponit,
3661 5488 3907 5561 λατιῑνρς,

2305 5558 2497 5627 mrsu,
2510 5556 2694 5619 devii.
2711 5558 2838 5617 Non
2849 5556 3005 5618 enim
3015 5556 3589 5631 hacinsignica'rent
3608 5556 3911 5636 mysterio.
