4032 6282
13 309 226 368 1009

1168 312 1736 372 ECCLESIASTICE
1774 313 2130 371 HISTORL—E
2180 314 2318 370 LIB.
2362 314 2463 373 IV.

3350 316 3487 371 1010

13 441 102 501 ὡς
206 434 549 493 Θεοδοτίων
597 439 920 512 ἡρμήνευσεν
964 440 991 491 ό
1044 440 1292 513 Ἐφέσιος,
1355 446 1445 494 καὶ
1490 441 1673 496 ’Δκύλο

1820 440 2005 496 ambo
2059 445 2355 498 verterunt
2414 460 2426 497 :
2473 458 2629 515 quos
2683 441 3006 498 consectati
3058 440 3364 506 Ebionitae,
3420 457 3486 498 ex

13 528 42 580 ό
75 532 437 593 Ποντικὸς,
487 527 768 602 ἀμφότεροι
815 525 1064 582 Ἰουδαῖοι
1113 530 1438 603 προσήλυτοι
1471 549 1483 561 ·
1515 532 1587 592 οἷς
1617 550 1709 585 κα-

13 618 597 679 τακολουθήσαντες
630 620 679 671 οἱ
714 617 1025 684 Ἐϐιωναῖοι,
1068 618 1122 683 ἑξ
1176 620 1367 691 Ἰωσὴφ
1415 620 1571 673 αὐτὸν
1620 640 1707 692 γε-

13 710 397 779 γεννῆσθαι
438 710 728 781 φάσκουσι.
758 726 789 759 is
828 711 1044 771 Τούτοις
1096 711 1226 781 μετὰ
1273 708 1487 784 βραχέα
1537 714 1704 783 φησί.

14 819 49 847 κ
122 800 283 871 ῐῐρό
342 805 433 850 τοῦ
469 800 571 872 γὰρ
622 796 903 869 Ῥωμαίους
955 806 1206 871 κρατῦναι
1259 803 1350 858 τήν
1404 798 1577 872 ἀρχὴν
1618 800 1708 852 αύ-

13 893 174 951 τῶν,
268 888 371 939 ὅτι
424 894 524 938 τῶν
594 882 905 939 Μακεδόνων
953 892 1049 945 τήν
1115 889 1302 942 Ἀσίαν
1354 894 1701 960 κατεχόντων,

16 974 426 1047 Πτολεμαῖος
486 975 513 1026 ὁ
570 976 768 1045 Λάγου,
831 974 1254 1047 φιλοτιμούμενος
1305 981 1397 1035 τὴν
1439 978 1565 1049 ὑπερ
1615 976 1706 1029 αύ-

14 1072 135 1115 τοῦ
254 1068 768 1136 κατεσκευασμένην
827 1062 1169 1136 βιϐλιοθήκην
1216 1064 1264 1117 έν
1343 1062 1706 1140 Ἀλεξανδρείᾳ

18 1161 383 1225 κοσμῆσαι
409 1159 518 1215 τοῖς
546 1155 750 1206 πάντων
801 1153 1082 1229 ἀνθρώπων
1124 1156 1555 1229 συγγράμμασιν,
1604 1157 1705 1209 ὅσα

14 1262 86 1314 γε
138 1238 474 1295 σπουδαῖα
511 1244 750 1318 ὑπῆρχεν
797 1244 1036 1315 ᾐτήσατο
1080 1247 1224 1317 παρά
1275 1253 1374 1297 τῶν
1422 1244 1703 1317 Ἱεροσολυ-

20 1340 261 1404 μιτῶν,
338 1331 416 1394 εἰς
484 1336 580 1391 τὴν
644 1332 936 1391 Ἑλληνικὴν
1019 1328 1285 1387 διάλεκτον
1346 1337 1487 1405 ἔχειν
1544 1338 1701 1387 αὑτὸν

16 1419 552 1493 μεταϐεϐλημένας
599 1424 694 1484 τὰς
742 1424 965 1496 Γραφάς,
1024 1425 1089 1475 Οἱ
1148 1420 1227 1489 δε,
1283 1424 1545 1482 ὑπήκουον
1594 1426 1696 1500 γὰρ

24 1513 114 1564 in
150 1518 301 1573 τοῖς
346 1507 645 1575 Μακεδόσι,
687 1516 804 1564 τότε
849 1516 967 1573 τοὺς
1018 1514 1138 1586 παρ’
1172 1512 1350 1575 αὐτοῖς
1387 1516 1700 1588 ἆμπειροτά-

23 1619 168 1661 τους
265 1608 394 1652 τῶν
455 1606 666 1673 Γραφῶν
739 1606 830 1654 καὶ
886 1600 1184 1676 ἀμφοτέρων
1240 1612 1338 1655 τῶν
1414 1599 1697 1656 διαλέκτων

28 1687 471 1762 ἑϐδομήκοντα
556 1688 937 1764 πρεσϐυτέρους
1045 1691 1278 1763 ἔπεμψαν
1371 1692 1692 1765 Πτολεμαίῳ,

1814 530 2074 601 Josepho
2108 545 2246 586 enm
2278 538 2638 602 prognatum
2678 547 2811 588 esse
2846 531 3071 586 dicunt.
3115 550 3143 582 »
3186 533 3253 585 Et
3301 530 3486 602 paulo

1817 625 1946 692 post
1987 620 2180 691 inquit
2221 638 2233 675 :
2282 639 2311 671 «
2359 622 2713 693 Priusquam
2758 620 3010 676 Romani
3050 619 3373 690 imperium
3424 621 3486 676 in

1815 708 2054 764 Judaaos
2082 709 2391 774 haberent,
2419 716 2474 765 et
2504 711 2851 766 Macedones
2898 709 3096 766 adhuc
3138 708 3338 765 Asiam
3380 710 3487 765 ob-

1816 797 2086 863 tinerent,
2106 798 2460 854 Ptolemaeus
2477 799 2617 869 Lagi
2635 798 3077 867 bibliothecam,
3099 798 3275 868 302
3293 814 3483 869 quam

1814 886 2182 942 Alexandriae
2226 887 2542 956 magniﬁce
2583 888 2965 953 instruxerat,
3010 889 3235 957 ingenti
3280 887 3480 944 studio

1812 976 2008 1031 omnis
2039 977 2271 1041 generis
2300 976 2602 1032 bonorum
2627 976 2927 1033 librorum
2960 977 3137 1047 copia
3184 992 3477 1032 exornare

1812 1070 2026 1120 conten
2042 1064 2193 1130 lens,
2210 1081 2246 1120 a
2263 1065 2817 1138 Hierosolymitanis
2832 1066 3011 1137 petiit,
3036 1065 3220 1120 ntsibi
3249 1066 3473 1121 habere

1809 1152 2009 1209 liceret
2031 1154 2091 1209 in
2113 1154 2665 1223 Grascamlingnam
2692 1171 2901 1211 eorum
2929 1155 3257 1225 Scripturas
3280 1161 3472 1210 trans-

1808 1242 1981 1299 latas.
2016 1245 2153 1299 Tum
2193 1244 2295 1312 illi,
2328 1245 2491 1315 quod
2523 1244 2947 1300 Macedonibus
2972 1243 3173 1299 adhuc
3224 1244 3476 1315 subjecti

1808 1338 2026 1399 essent,
2066 1349 2135 1387 ex
2169 1332 2506 1389 senioribus
2536 1333 2663 1389 suis
2694 1333 3134 1404 Scripturarum
3165 1349 3473 1390 sacrarum

1807 1426 1864 1475 et
1922 1421 2232 1494 utriusque
2302 1424 2597 1478 sermonis
2637 1422 3029 1494 peritissimos
3085 1422 3471 1494 septuaginta

1810 1509 1967 1565 viros
1993 1511 2071 1566 ad
2091 1527 2228 1567 eum
2256 1512 2567 1580 miserunt,
2596 1512 2716 1567 Deo
2744 1512 2858 1567 hoc
2885 1513 2967 1567 sic
2994 1511 3374 1582 disponente,
3406 1516 3472 1568 ut

1807 1598 2064 1655 volebat.
2100 1601 2449 1656 Ptolemaeus
2479 1607 2680 1657 autem
2713 1617 2921 1656 eorum
2953 1601 3203 1655 seorsim
3232 1599 3468 1672 pericu-

1803 1686 1928 1743 lum
1952 1687 2145 1744 facere
2177 1690 2381 1745 volens
2423 1692 2521 1761 (t),
2556 1690 2855 1761 simulque
2883 1690 3095 1745 timens
3121 1704 3195 1744 ne
3221 1704 3293 1744 ex
3324 1704 3469 1744 con-

29 1785 422 1840 ποιήσοεντος
473 1786 566 1832 τού
621 1786 753 1833 Θεοῦ
796 1781 918 1853 ὄπιρ
984 1779 1252 1840 ἠϐούλετο.
1298 1780 1356 1834 '0
1413 1778 1491 1847 δε,
1552 1779 1673 1835 ἰδία

1805 1777 2099 1844 ventione,
2134 1794 2233 1850 per
2259 1779 2596 1835 versionem
2621 1795 2819 1849 suam,
2844 1779 3283 1849 Scripturarum
3314 1779 3471 1834 veri-

25 1877 249 1942 ·πεῖροιν
330 1868 511 1921 αὐτῶν
562 1867 734 1921 λαϐεῖν
789 1869 1033 1937 θελήσας,
1088 1870 1387 1931 εὐλαϐηθεὶς
1452 1875 1525 1944 μή
1584 1892 1694 1933 πως

33 1961 155 2033 ἄρα
227 1960 559 2023 συνθέμενοι
617 1958 967 2031 ἀποκρύψωσι
1009 1968 1104 2019 τῆν
1179 1959 1229 2012 ἑν
1287 1968 1403 2023 ταῖς
1462 1967 1693 2034 Γραφαῖς

32 2044 142 2100 διὰ
219 2055 335 2108 τῆς
407 2046 683 2122 ἑρμηνείας
730 2046 995 2115 ἀλήθειαν,
1045 2054 1289 2123 χωρίσας
1354 2050 1545 2112 αύτούς
1601 2048 1691 2102 ἀπ’

40 2136 336 2202 ἀλλήλων,
386 2135 623 2189 έκέλευσε
672 2140 795 2200 τοὺς
830 2139 1025 2199 πάντας
1076 2143 1170 2196 τὴν
1217 2138 1380 2197 αὐτὴν
1420 2139 1689 2213 ἑρμηνείαν

40 2229 315 2300 γράφειν.
381 2231 486 2279 Καὶ
533 2225 674 2279 τοῦτ’
706 2226 789 2280 έπὶ
818 2229 1023 2281 πάντων
1050 2236 1149 2280 τῶν
1182 2226 1403 2301 βιβλίων
1452 2228 1685 2287 έποίησε.

48 2316 437 2370 Συνελθόντων
491 2311 552 2369 δε
602 2315 771 2368 αύτῶν
806 2318 890 2369 επὶ
932 2320 991 2369 τό
1045 2316 1171 2369 αὐτὸ
1208 2320 1351 2390 παρά
1387 2326 1458 2388 τῷ
1509 2318 1687 2371 Πτολε-

47 2411 233 2478 μαίῳ,
270 2409 368 2458 καὶ
425 2404 928 2459 συναντιϐαλλόντων
968 2406 1191 2459 ἑκάστου
1243 2411 1337 2466 τὴν
1376 2406 1561 2460 ἑαυτοῦ
1608 2407 1686 2480 ἑρο

59 2501 317 2567 μηνείαν,
369 2496 397 2546 ὀ
444 2498 535 2566 μεν
567 2498 697 2555 Θεὸς
736 2491 999 2558 έδοξάσθη
1031 2516 1045 2529 ο
1077 2498 1132 2549 αἱ
1170 2492 1229 2549 δι
1278 2502 1478 2571 Γραφαὶ
1522 2497 1687 2559 οὕτως

62 2587 211 2636 θεῖαι
257 2584 629 2655 ἑγνώσθησαν,
662 2592 761 2637 τῶν
808 2588 1012 2637 πάντων
1065 2588 1131 2638 τὰ
1178 2585 1311 2638 αύτά
1349 2593 1465 2647 ταῖς
1500 2586 1685 2649 αὑταῖς

62 2672 253 2735 λέξεσι
289 2678 389 2725 καὶ
424 2681 530 2735 τοῖς
574 2673 744 2734 αὐτοῖς
792 2674 1039 2746 ὀνόμασιν
1089 2674 1546 2748 ἀναγορευσάντων
1592 2673 1682 2727 ἀπ’

78 2760 268 2833 ἀρχῆς
321 2765 485 2833 μέχρι
535 2762 712 2825 τέλους
753 2781 767 2795 ·
822 2765 953 2817 ὥστε
1008 2768 1100 2816 καὶ
1158 2766 1224 2816 τά
1278 2768 1508 2835 παρόντα
1561 2766 1678 2824 ἔθνη

79 2870 303 2920 γνωναι,
336 2852 417 2903 ὅτι
459 2851 571 2904 κατ’
619 2856 888 2905 ἐπίπνοιαν
936 2848 1028 2905 τοῦ
1083 2858 1210 2907 Θεοῦ
1250 2853 1383 2906 εἰσιν
1425 2855 1681 2928 ἡρμηνευ-

76 2942 232 3010 μέναι
262 2942 319 2992 αἱ
343 2946 569 3014 Γραφαί.
604 2946 701 2995 Καὶ
750 2939 901 2995 ούδὶν
934 2944 1234 3015 θαυμαστὸν
1264 2946 1351 2995 τὸν
1382 2947 1509 2996 Θεὸν
1536 2945 1677 2996 τοῦτ’

69 3026 421 3101 ἐνηργηκέναι
461 3047 475 3062 ·
524 3032 578 3093 ὃς
616 3050 676 3102 γε
716 3037 806 3084 καὶ
845 3030 926 3084 έπὶ
968 3040 1031 3104 τῇ
1065 3040 1157 3085 τοῦ
1200 3030 1677 3107 Ναϐουχοδονόσορ

67 3117 426 3192 αἰχμαλωσίᾳ
475 3127 569 3172 τοῦ
651 3119 777 3173 λαού
838 3116 1225 3196 διαφθαρεισῶν
1286 3130 1383 3173 τῶν
1438 3128 1671 3196 Γραφῶν,

64 3211 149 3258 καὶ
200 3210 341 3279 μετά
399 3210 447 3260 o'
492 3210 580 3267 ἔτη
627 3216 726 3260 τῶν
784 3205 1049 3262 Ἰουδαίων
1105 3208 1412 3262 ἀνελθόντων
1461 3210 1534 3273 εἰς
1580 3215 1674 3268 τὴν

65 3300 240 3367 χώραν
307 3298 517 3364 αὐτῶν,
576 3300 753 3351 ἔπειτα
804 3299 854 3351 έν
906 3305 1010 3359 τοῖς
1056 3302 1273 3371 χρόνοις
1326 3299 1671 3373 Ἀρταξέρξου

58 3392 144 3436 τοῦ
213 3393 449 3462 Περσῶν
506 3384 764 3459 βασιλέως
820 3386 1111 3441 ἐνέπνευσεν
1166 3386 1377 3461 ’Ἑσδρᾳ
1425 3397 1497 3459 τῷ
1551 3391 1675 3462 ἱερεῖ

56 3470 107 3523 ἔκ
152 3483 241 3537 τῆς
290 3476 474 3549 φυλῆς
513 3480 640 3529 Λευὶ
677 3481 799 3538 τόύς
829 3481 1207 3552 προγεγονότας
1255 3486 1354 3529 τῶν
1392 3486 1670 3550 προφητῶν

52 3564 246 3626 πάντας
295 3564 675 3629 ἀνατάξασθαι
720 3566 922 3637 λόγους,
972 3572 1061 3619 καὶ
1109 3566 1549 3626 ἀποκαταστῆσαι
1597 3576 1669 3638 τῷ

52 3648 155 3722 λαῷ
205 3658 306 3713 τὴν
364 3652 473 3708 διὰ
523 3658 752 3718 Μωσέως
792 3658 1120 3728 νομοθεσίαν.
1181 3676 1209 3708 »
1263 3660 1364 3710 Καὶ
1411 3661 1529 3730 περὶ
1576 3659 1668 3729 μεν

50 3748 146 3792 τῶν
169 3744 322 3797 θείων
354 3751 537 3797 ταῦτα
556 3743 693 3816 λέγει
722 3750 964 3819 Γραφῶν.

679 3839 897 3888 ΚΕΦΔΛ
912 3878 926 3892 .
963 3833 1061 3889 ΙΕ’.

54 3937 232 4014 Οζαό
295 3940 516 4014 αὐτὸς
578 3944 721 4014 περὶ
771 3948 881 3993 τοῦ
947 3938 1310 4012 καταλόγου
1374 3947 1492 3993 τῶν
1552 3949 1665 4014 τῆς

116 4008 360 4083 Ῥώμης
432 4008 801 4064 έπισκόπων
854 4014 1131 4084 ἱστορεῖ·
1182 4008 1289 4066 καὶ
1359 4014 1435 4084 ὡς
1496 4014 1545 4065 οί
1605 4012 1664 4065 έν

120 4087 344 4158 βιέννῃ
456 4083 779 4158 θεοφιλεῖς
868 4082 1206 4158 μάρτυρες,
1268 4090 1350 4153 τῷ
1425 4082 1664 4157 Ῥώμης

120 4153 496 4230 Ἐλευθέρῳ
535 4153 892 4227 Εἰρηναῖον
930 4153 1422 4230 παρατίθενται.

1805 1870 1983 1922 tatem
2013 1869 2271 1925 celarent
2299 1876 2357 1925 et
2386 1869 2851 1941 supprimerent,
2887 1869 3186 1933 seiunctos
3214 1883 3316 1923 eos
3348 1883 3384 1923 a
3404 1882 3468 1923 se

1798 1954 2074 2023 invicem,
2131 1959 2412 2014 eumdem
2452 1959 2672 2014 librum
2722 1973 2933 2013 omnes
2983 1964 3205 2013 vertere
3254 1957 3457 2028 jussit.

1800 2044 1984 2117 quue
2014 2047 2073 2101 in
2096 2049 2380 2103 omnibus
2404 2048 2571 2104 libris
2596 2047 2755 2103 fecit.
2781 2046 3002 2102 Deinde
3034 2062 3171 2101 cum
3196 2046 3277 2101 illi
3302 2046 3466 2118 apud

1801 2135 2184 2192 Ptolemaeum
2236 2139 2295 2193 in
2342 2154 2530 2193 unum
2581 2136 2994 2207 convenirent,
3049 2140 3108 2191 et
3155 2136 3462 2191 versiones

1798 2237 1938 2279 suas
1970 2227 2120 2281 inter
2147 2243 2209 2281 se
2248 2226 2604 2293 conferrent,
2653 2226 2834 2281 simul
2876 2230 2933 2281 et
2971 2228 3124 2280 Deus
3164 2230 3251 2280 est
3290 2224 3464 2295 glori-

1796 2310 2029 2379 ﬂcatns,
2070 2320 2126 2371 et
2157 2316 2473 2386 Scripturaa
2505 2331 2576 2371 eo
2617 2314 2800 2371 modo
2841 2316 2920 2370 ad
2949 2314 3228 2370 notitiam
3266 2320 3322 2369 et
3362 2330 3463 2370 co-

1798 2401 2124 2469 gnitionem
2154 2404 2465 2460 hominum
2499 2407 2923 2476 pervenerunt.
2954 2403 3157 2458 Evenit
3186 2403 3361 2472 enim,
3393 2406 3460 2460 ut

1794 2504 2006 2546 omnes
2030 2495 2303 2549 omnium
2330 2494 2751 2552 translationes
2774 2509 2811 2549 a
2846 2492 3140 2564 principio
3162 2492 3238 2547 ad
3271 2492 3451 2548 ﬁnem

1796 2594 1984 2652 usque
1996 2582 2222 2638 eisdem
2244 2583 2647 2638 locutionibus
2677 2586 2736 2637 et
2753 2582 2950 2637 verbis
2972 2582 3089 2637 sint
3105 2588 3413 2653 concepta:
3438 2597 3457 2648 ;

1792 2672 1967 2740 adeo,
2012 2679 2073 2728 ut
2112 2672 2289 2728 hodie
2319 2688 2558 2744 quoque
2599 2678 2807 2741 gentes
2846 2687 3059 2727 omnes
3090 2686 3453 2743 persuasum

1790 2763 2078 2827 habeant,
2108 2762 2177 2816 de
2201 2761 2452 2817 consilio
2480 2761 2578 2816 Dei
2610 2761 2780 2831 ipsus
2802 2776 3005 2815 versas
3034 2776 3162 2815 esse
3187 2760 3455 2831 Scriptu-

1789 2868 1912 2909 ras.
1970 2854 2171 2923 Neque
2213 2850 2558 2905 mirandum
2611 2855 2721 2915 est,
2774 2851 2960 2905 Deum
2998 2847 3114 2904 hoc
3163 2847 3249 2904 ita
3305 2848 3458 2903 ordi-

1788 2957 1988 3006 nasse,
2030 2940 2344 3013 quietiam
2384 2938 2705 3010 Scripturis
2737 2938 2798 2993 in
2845 2938 3050 3010 populi
3109 2937 3450 3009 captivitate

1790 3031 1903 3087 sub
1959 3029 2515 3086 Nabuchodonosor
2577 3028 2834 3094 amissis,
2890 3043 3028 3083 cum
3067 3032 3203 3099 post
3256 3042 3450 3082 annos

1788 3120 2163 3193 septuaginta
2214 3117 2399 3174 Judaei
2459 3118 2520 3173 in
2578 3123 2797 3173 terram
2857 3133 3053 3179 suam,
3110 3115 3447 3171 Artaxerxis

1785 3209 2100 3266 Persarum
2130 3208 2286 3279 regis
2325 3208 2717 3279 temporibus,
2749 3206 2963 3261 reversi
2994 3212 3206 3270 essent,
3243 3205 3445 3260 Esdraa

1784 3299 2081 3356 sacerdoti
2134 3314 2166 3354 e
2207 3297 2361 3353 tribu
2407 3296 2540 3352 Levi
2589 3296 2917 3369 inspiravit,
2964 3300 3026 3350 ut
3078 3310 3288 3350 omnes
3341 3295 3446 3366 qni

1780 3387 2207 3445 interciderent
2237 3386 2666 3458 prophetarum
2690 3384 2874 3440 libros
2897 3385 3098 3439 denuo
3120 3399 3446 3454 compone-

1776 3481 1887 3540 ret,
1927 3483 1985 3532 et
2019 3477 2180 3546 leges
2220 3475 2511 3531 Mosaicas
2543 3474 2771 3545 populo
2800 3475 3157 3529 restitueret.
3193 3493 3221 3525 »
3255 3478 3442 3544 Atque

1777 3566 1902 3624 haec
1929 3565 2175 3638 quidem
2205 3565 2279 3621 de
2309 3563 2527 3620 divinis
2560 3563 2873 3634 Scripturis
2898 3561 3061 3617 dixit.

2416 3828 2642 3885 CAPUT
2675 3828 2762 3883 XV
2775 3868 2787 3883 .

1777 3940 1917 4008 Quz
1952 3937 2100 3995 idem
2131 3938 2204 3994 de
2255 3938 2528 4006 catalogo
2571 3938 2978 4008 Romanorum
3024 3934 3433 4003 episcoporum

1844 4011 2170 4079 scripserit,
2198 4015 2248 4065 et
2281 4016 2342 4063 ut
2370 4010 2486 4064 Deo
2512 4007 2716 4063 dilecti
2744 4006 3100 4063 Viunnenses
3133 4012 3432 4076 martyres

1834 4078 2129 4139 Irenavum
2152 4080 2473 4138 Eleuthero
2498 4081 2764 4136 Romano
2785 4078 3047 4150 episcopo
3070 4079 3434 4135 commenda-

1844 4156 1989 4210 rint.

1845 4244 1911 4300 1n
1936 4242 2102 4298 tertio
2130 4246 2329 4297 autem
2358 4241 2659 4297 Adversus
2690 4240 2936 4295 haereses
2958 4238 3112 4294 libro
3137 4254 3243 4310 per
3269 4242 3434 4295 cata-

128 4240 207 4294 Ἐν
258 4241 321 4297 δὲ
375 4248 534 4319 τρίτη
594 4251 693 4296 τῶν
734 4248 900 4319 Πρὸς
937 4247 1045 4305 τὰς
1093 4246 1381 4319 αἱρέσεις
1417 4252 1516 4296 τῶν
1569 4254 1664 4307 τῆς

54 4325 252 4401 Ῥώμης
302 4332 610 4387 ἐπισκόπων
654 4336 740 4386 τὸν
791 4332 1078 4405 κατάλογον
1122 4340 1349 4386 ποιεῖται
1396 4334 1531 4406 ἄχρι
1590 4331 1658 4394 δὴ

1795 4347 1976 4401 ognm
2038 4332 2353 4402 episcopos
2409 4332 2713 4385 Romanos
2768 4334 3056 4392 recenset,
3110 4344 3300 4399 usque
3353 4328 3432 4384 ad

56 4416 372 4496 Ἐλευθέρου,
405 4424 465 4485 ὃς
507 4425 639 4495 μετὰ
691 4425 776 4474 τὸν
819 4430 1035 4497 Σωτῆρα
1085 4424 1357 4496 ἱερατεύει.
1415 4418 1659 4475 Δωδέκα-

1795 4421 2167 4485 ilentherum,
2244 4419 2348 4491 qui
2418 4418 2603 4474 Soteri
2673 4417 2979 4472 successit.
3051 4417 3429 4472 Eleutherum

57 4522 136 4557 τον
166 4505 215 4561 δ’
273 4510 330 4564 έκ
379 4521 481 4574 τῆς
530 4519 629 4563 τῶν
679 4510 981 4563 ἀποστόλων
1012 4508 1282 4583 διαδοχῆς
1310 4514 1398 4563 τόν
1432 4511 1661 4565 Ἐλεύθεο

1795 4525 1951 4565 iorro
1991 4508 2405 4564 duodecimum
2435 4522 2534 4579 per
2564 4506 3004 4561 successionem
3035 4506 3108 4560 ab
3143 4505 3430 4576 apostolis

1770 4599 1929 4655 facit.
1965 4599 2139 4670 303
2186 4598 2502 4653 Ennmerat
2534 4600 2735 4651 autem
2768 4611 2893 4659 eos,
2935 4595 3102 4649 sicuti
3146 4610 3256 4649 nos
3289 4609 3433 4655 quo-

1770 4701 1887 4761 que
1918 4688 2082 4759 prius
2122 4686 2179 4741 in
2222 4684 2678 4741 nomenclatura
2726 4700 2934 4738 eorum
2990 4684 3426 4738 recensuimns.

1772 4778 1878 4833 Ubi
1936 4792 2077 4832 vero
2136 4776 2209 4830 de
2264 4776 2557 4830 Clemente
2616 4772 2888 4844 pluribus
2944 4774 3085 4841 agit,
3120 4771 3430 4826 seditionis

1769 4867 1950 4921 etiam
1989 4864 2301 4920 Corinthia:
2360 4869 2417 4918 et
2454 4862 2719 4933 epistolas
2768 4861 3080 4916 Clementis
3122 4860 3421 4917 meminit.

1770 4974 1799 5006 «
1843 4954 2192 5022 Pen-longam
2232 4952 2410 5015 enim,
2457 4950 2672 5022 inquit,
2714 4950 2975 5005 ecclesiae
3017 4949 3274 5004 Corinthi
3304 4949 3429 5021 epi-

1770 5044 1985 5099 stolam
2036 5042 2296 5097 Ecclesia
2348 5044 2619 5097 Romana
2668 5039 2921 5111 scripsit,
2970 5039 3046 5093 ad
3100 5054 3311 5109 pacem
3370 5042 3431 5094 et

1769 5132 2154 5188 concordiam
2170 5129 2523 5185 dissidentes
2542 5128 2853 5191 reducens,
2871 5127 3175 5199 ﬁdemque
3192 5143 3423 5195 eorum,

1770 5228 1826 5277 et
1860 5237 2046 5294 quam
2076 5220 2154 5275 ab
2184 5219 2351 5274 initio
2384 5218 2462 5273 ab
2483 5216 2767 5289 apostolis
2799 5216 3125 5287 accepisset
3160 5215 3429 5271 traditio-

1771 5326 1909 5365 nem
1940 5324 2254 5365 renovans.
2287 5329 2315 5360 »
2377 5309 2568 5363 Unum
2598 5321 2794 5376 porro,
2847 5310 2986 5375 post
3040 5304 3424 5371 Clementem,

1770 5415 1842 5455 ex
1869 5399 2154 5454 Romanis
2186 5397 2483 5468 episcopis
2510 5394 2955 5466 Telesphorum,
2986 5408 3212 5463 magna
3238 5394 3428 5465 gloria

58 4612 138 4665 ρον
165 4608 410 4675 παριστᾴ
434 4620 447 4631 ·
493 4605 582 4654 καὶ
626 4603 973 4676 παρατίθεται
1020 4603 1247 4665 τούτοις,
1281 4603 1350 4663 ὡς
1392 4605 1480 4653 καὶ
1512 4603 1661 4671 ἡμεῖς

61 4680 104 4733 ἓν
146 4696 216 4758 τῷ
262 4692 546 4762 καταλόγῳ
600 4694 843 4762 πρότερον
892 4686 1185 4761 διεθέμεθα.
1245 4689 1364 4741 Ἐπὶ
1414 4686 1473 4741 δε
1526 4690 1663 4748 Κλή-

69 4792 251 4848 μεντος,
297 4781 360 4833 οὗ
415 4780 573 4834 πολύν
619 4780 771 4852 λόγον
825 4785 1127 4845 πεποίηται,
1181 4785 1271 4831 καὶ
1323 4787 1419 4841 τῆς
1470 4780 1519 4831 έν
1570 4786 1663 4833 Κο-

66 4867 211 4937 ρίνθῳ
262 4875 533 4943 μέμνηται
586 4872 841 4937 στάσεως,
874 4875 963 4922 καὶ
1008 4877 1103 4931 τῆς
1136 4868 1429 4940 Κλήμεντος
1457 4871 1665 4922 ἑπιστο..

60 4948 158 5013 λῆς.
194 4978 224 5005 κ
280 4958 635 5017 ’ἱκανωτάτην
690 4962 815 5033 γὰρ,
870 4964 1023 5032 φησὶ,
1078 4962 1282 5031 γραφὴν
1335 4965 1397 5030 τῇ
1456 4957 1505 5009 έν
1564 4965 1665 5012 Ko-

63 5044 215 5116 ρίνθῳ
262 5049 291 5106 ἡ
356 5048 407 5100 έν
462 5048 630 5122 Ῥώμη
676 5048 963 5107 Ἐκκλησία
1028 5047 1342 5111 ἀπέστειλεν,
1393 5047 1462 5108 εἰς
1527 5048 1664 5120 εἰρὴο

62 5145 146 5185 νην
179 5134 622 5207 συμϐιϐάζουσαν
647 5137 859 5205 αύτούς,
894 5141 983 5188 καὶ
1013 5135 1326 5189 ἀνανεοῦσαν
1354 5140 1449 5195 τὴν
1482 5141 1661 5187 πίστιν

69 5216 250 5290 αὐτῶν,
299 5230 392 5278 καὶ
434 5226 495 5284 ἣν
532 5231 717 5279 νεωστὶ
756 5228 900 5299 παρά
945 5233 1046 5278 τῶν
1086 5224 1387 5278 ἀποστόλων
1429 5221 1663 5299 παραδο-

71 5322 147 5356 σιν
198 5310 411 5387 εἰλήφει.
474 5336 499 5367 ι
554 5314 680 5369 Ἐνα
738 5311 798 5367 δε
854 5322 955 5368 τῶν
1004 5314 1299 5367 έπισκόπων
1354 5315 1486 5386 μετά
1526 5313 1659 5373 Κλή-

72 5412 221 5463 μεντα
247 5404 334 5454 τόν
362 5404 677 5479 Τελεσφόρον
717 5408 807 5457 καὶ
856 5392 1077 5466 ἐνδόξως
1126 5408 1256 5476 φησὶ
1297 5410 1657 5477 μαρτυρῆσαι,

1771 5540 1998 5609 scribit,
2042 5555 2164 5596 non
2202 5538 2617 5611 prophetasse,
2672 5538 2912 5595 Aristeas
2950 5540 3007 5595 et
3058 5536 3295 5610 Iosephi
3334 5552 3426 5594 se-

137 5537 550 5624 (i_l_.ﬂieron,in
580 5545 932 5624 prmfatione
950 5546 1010 5602 in
1030 5544 1663 5624 Pentatenchumﬂnna
1771 5540 1998 5624 scribit,
2042 5555 2193 5624 non.

1770 5620 1943 5672 cutus
1969 5619 2403 5671 auctoritatem.

79 5602 313 5675 Basilica
348 5602 698 5692 inter-ﬁctas
714 5602 725 5603 ί
884 5602 891 5603 ί
902 5602 1299 5691 congregatos
1338 5602 1661 5676 contulisse
