4032 6282
697 230 829 292 1011

1996 232 2386 293 NICEPHORI
2422 232 2745 293 CALLISTI
3803 242 3874 299 tOll

696 358 1053 434 martyrium
1096 359 1349 417 subiisse
1396 361 1634 435 inquit:
1670 364 1725 419 et
1771 368 2073 435 postremo
2102 361 2278 418 infert

2316 378 2333 418 τ
2365 373 2405 429 Α
2445 366 2535 415 καὶ
2577 362 2867 416 τελευταῖον
2917 362 3096 435 ἓπάγει
3128 381 3141 396 ο
3192 381 3223 416 α
3264 369 3371 419 Νῦν
3424 361 3483 419 δὶ
3542 361 3769 438 δωδεκάτῳ
3804 372 3878 439 τότε

700 468 728 502 α
762 453 926 507 Nunc
968 454 1165 506 autem
1207 451 1568 508 duodecimo
1614 452 1748 509 loco
1773 452 1851 508 ab
1888 451 2173 526 apostolis
2215 452 2336 523 epi-

695 544 979 612 scopatus
1010 543 1226 595 sortem
1279 540 1488 596 ordine
1531 548 1589 598 et
1640 541 1913 597 doctrina
1960 557 2070 596 sua
2107 540 2336 598 obtinet

695 628 1053 693 Eleutherus,
1082 633 1138 684 et
1170 628 1578 700 apostolorum
1617 630 1678 686 in
1708 630 1965 686 Ecclesia
2010 630 2248 685 traditio
2278 633 2336 685 et

686 716 952 773 veritatis
1009 717 1351 789 praedicatio
1399 718 1478 774 ad
1524 735 1635 774 nos
1676 735 1918 791 quoque
1956 719 2242 791 pervenit.
2303 739 2333 771 »

689 805 818 871 Quo
850 810 1048 862 autem
1080 807 1292 862 ardore
1317 822 1455 878 erga
1486 807 1669 863 ﬁdem
1704 809 2091 880 divinamque
2112 806 2336 878 profes-

688 895 917 950 sionem
962 894 1134 951 fuerit
1168 898 1446 962 lrenseus,
1478 897 1720 953 abunde
1773 902 2015 953 testatur
2062 895 2329 969 epistola,

690 1000 874 1057 quam
912 986 1275 1042 Viennenses
1299 992 1356 1042 et
1394 987 1824 1057 Lugdunenses
1852 992 2164 1058 martyres,
2192 1001 2331 1040 cum

690 1074 886 1129 adhuc
924 1077 983 1129 in
1014 1090 1249 1130 carcere
1274 1075 1483 1131 inclusi
1508 1075 1928 1148 afﬂigerentur,
1962 1075 2037 1131 ad
2068 1073 2333 1129 Eleuthe-

685 1177 821 1219 rum
866 1166 1068 1219 Romas
1091 1164 1459 1236 episcopum,
1495 1170 1549 1221 et
1588 1165 1898 1231 Irenaeum,
1932 1165 1993 1220 ui
2039 1169 2165 1220 tum
2204 1178 2333 1235 pre-

688 1251 909 1325 sbyteri
956 1252 1244 1323 dignitate
1292 1252 1575 1323 fulgebat.
1605 1254 2099 1310 commendantes
2151 1251 2336 1308 dede-

688 1346 845 1397 runt.
876 1342 1325 1399 Commendatio
1362 1358 1435 1397 ea
1491 1344 1575 1398 sic
1609 1343 1790 1399 habet
1830 1365 1841 1397 :
1895 1366 1924 1393 «
1976 1342 2215 1399 Salvere
2255 1345 2330 1405 te,

690 1430 991 1502 rebusque
1030 1430 1311 1486 omnibus
1340 1447 1578 1504 semper
1606 1432 1793 1487 laetari
1830 1437 2131 1503 optamus,
2168 1435 2336 1501 pater

688 1518 1017 1576 Eleuthere.
1052 1520 1293 1576 Litteras
1348 1520 1527 1577 hasce
1574 1527 1809 1578 nostras
1866 1526 1926 1578 ut
1975 1521 2053 1577 ad
2105 1526 2159 1576 te
2202 1535 2337 1592 per-

691 1609 886 1675 ferret,
941 1609 1107 1667 fratri
1153 1614 1208 1666 et
1255 1610 1524 1684 participi
1584 1615 1790 1668 nostro
1830 1612 2049 1666 Irenaeo
2092 1624 2337 1681 persua-

689 1699 898 1755 simus.
950 1699 1139 1765 Quem
1202 1713 1513 1769 rogamus,
1568 1704 1633 1756 ut
1694 1700 1797 1756 tibi
1840 1698 2332 1756 commendatum
2366 1728 2410 1784 Β

687 1788 940 1853 habeas,
968 1788 1273 1860 egregium
1295 1789 1514 1845 scilicet
1542 1790 1880 1846 testamenti
1910 1789 2125 1845 Christi
2152 1804 2336 1844 amu-

686 1877 957 1934 latorem.
1013 1878 1185 1944 Quod
1245 1881 1291 1933 si
1346 1880 1651 1945 sciremus,
1698 1896 1771 1936 ex
1822 1879 1954 1935 loco
2004 1885 2061 1935 et
2110 1878 2337 1934 honore

688 1967 892 2039 aliquo
921 1968 1164 2038 justitim
1210 1968 1453 2025 laudem
1492 1970 1773 2043 cuiquam
1812 1970 2011 2042 parari
2053 1988 2068 2028 :
2103 1973 2168 2024 ut
2207 1983 2338 2039 pre-

691 2056 985 2129 sbytirum
1026 2058 1319 2123 Ecclesiae,
1364 2060 1467 2132 qui
1510 2059 1637 2132 ipse
1689 2064 1795 2125 est,
1838 2075 1974 2114 eum
2019 2059 2081 2114 in
2128 2057 2337 2130 primis

689 2146 795 2203 tibi
866 2147 1455 2204 commendaremus.
1516 2170 1537 2198 ι
1600 2149 1682 2204 Fit
1721 2153 1777 2205 et
1830 2148 2084 2204 aliorum
2133 2146 2334 2202 Irenaai

687 2235 1076 2308 pulchrorum
1101 2252 1352 2309 operum
1398 2238 1639 2303 mentio,
1676 2243 1738 2294 ut
1765 2242 1903 2293 sunt
1932 2236 2212 2309 quadam
2258 2234 2335 2291 ad

688 2326 969 2391 Blastum,
1011 2330 1069 2382 et
1125 2326 1444 2392 Florinum,
1488 2335 1543 2382 et
1572 2328 1934 2384 Marcianum
1968 2326 2232 2398 scripta:
2280 2329 2337 2381 et

686 2414 1163 2487 disputationum
1182 2414 1350 2471 liber.
1380 2416 1447 2470 Et
1484 2416 1623 2472 item
1649 2416 1752 2488 qui
1783 2416 1862 2471 ab
1897 2431 1969 2470 eo
2016 2415 2337 2486 inscriptus

688 2508 797 2570 est,
828 2505 913 2562 De
942 2505 1187 2561 scientia
1214 2505 1295 2561 ad
1319 2506 1568 2572 Graecos,
1602 2505 1936 2562 admodum
1965 2503 2335 2560 necessarius

687 2593 837 2650 liber
866 2611 881 2660 ;
905 2598 962 2651 et
995 2610 1065 2651 ea
1096 2610 1230 2667 quae
1255 2597 1329 2651 de
1358 2595 1634 2651 Paschate
1674 2595 1753 2651 ab
1778 2610 1849 2651 so
1874 2599 2013 2650 sunt
2037 2594 2217 2661 dicta,
2259 2592 2336 2648 de

687 2683 908 2755 quibus
946 2688 1159 2757 postea
1187 2684 1321 2741 loco
1372 2700 1482 2741 suo
1525 2684 1819 2741 dicemus.
1860 2686 1993 2740 Haec
2022 2683 2097 2739 de
2129 2681 2337 2739 divino

686 2772 933 2830 Irenaeo.

1320 2864 1542 2919 CAPUT
1572 2862 1711 2918 XVI.
1768 2932 1771 2937 η

693 2970 780 3027 De
805 2976 1148 3026 sanctorum
1173 2975 1509 3039 martyrum
1540 2970 1604 3025 in
1644 2969 1845 3026 Gallia
1877 2968 2088 3025 litteris
2116 2986 2135 3023 :
2167 2972 2220 3024 et
2264 2967 2338 3025 de

758 3041 1046 3107 maxima,
1078 3057 1196 3113 qua
1220 3042 1303 3097 ibi
1323 3040 1539 3111 afﬂicti
1562 3048 1721 3109 sunt,
1750 3042 2175 3112 persecutione.

761 3147 1264 3221 Quandoquidem
1307 3153 1505 3204 autem
1563 3149 1766 3205 Irenaei
1808 3155 1863 3203 et
1910 3146 2331 3203 Viennensium

692 3237 1250 3310 Gallicanorumque
1269 3242 1594 3309 martyrum
1616 3237 1853 3293 fecimus
1865 3237 2216 3291 mentionem
2233 3235 2329 3307 (1),

687 3342 928 3399 equum
976 3325 1171 3382 visum
1222 3332 1327 3392 est,
1379 3328 1453 3382 de
1497 3327 1831 3383 constantia
1871 3324 2334 3397 fortitudineque

685 3432 894 3472 eorum
926 3432 1122 3487 pauca
1150 3415 1386 3473 referre.
1422 3416 1692 3472 Decimus
1724 3416 2018 3488 septimus
2048 3413 2336 3485 agebatur

694 3505 928 3578 imperii
954 3505 1429 3579 Antonini304
1456 3506 1763 3571 Piiannus,
1797 3521 1933 3560 cum
1960 3505 2019 3560 in
2051 3504 2334 3560 omnibus

690 3599 860 3651 terra
912 3596 1182 3667 partibus
1223 3596 1560 3652 turbulento
1586 3596 2012 3669 persecutionis
2052 3592 2334 3651 Christia-

684 3698 779 3738 nae
836 3683 1096 3755 spirante
1152 3689 1349 3750 vento,
1404 3684 1767 3757 populisque
1825 3699 1931 3755 per
1989 3683 2334 3738 universum

688 3773 897 3829 orbem
927 3772 1217 3845 praecipiti
1250 3774 1507 3830 audacia
1543 3774 1833 3829 adversus
1865 3788 1975 3828 nos
2023 3773 2338 3842 insurgen-

695 3859 876 3929 tibus,
906 3861 1165 3933 plurima
1194 3867 1527 3934 martyrum
1564 3862 1744 3917 millia
1774 3866 2014 3932 propter
2036 3860 2335 3917 Christum

701 3956 952 4005 mortem
984 3950 1185 4007 obiere
1233 3971 1245 4010 :
1297 3952 1467 4007 sicuti
1513 3951 1628 4007 hoc
1661 3950 1828 4007 facile
1866 3956 1956 4007 est
1997 3950 2170 4006 exiis
2199 3964 2335 4023 quas

696 4039 859 4110 apud
890 4046 1081 4097 certas
1105 4045 1311 4109 gentes
1339 4046 1479 4096 sunt
1498 4040 1676 4109 facta,
1698 4040 2039 4111 conjectura
2069 4038 2332 4111 assequi.

692 4128 1074 4185 Testanturid
1094 4145 1337 4202 quoque
1355 4131 1573 4201 scripta
1600 4144 1687 4193 ea,
1720 4130 1779 4184 in
1796 4144 1933 4202 quas
1958 4134 2078 4184 tam
2097 4128 2336 4198 egregia

694 4216 931 4273 illorum
962 4224 1304 4291 aeternaque
1334 4218 1624 4274 memoria
1648 4218 1831 4287 digna
1847 4218 2175 4273 certamina
2199 4221 2337 4272 sunt

692 4305 899 4364 relata.
929 4308 1145 4363 Verum
1186 4309 1487 4363 enimvero
1518 4307 1667 4363 alius
1716 4308 2066 4379 quisquam,
2091 4305 2338 4362 historia

2443 455 2530 504 τὸν
2559 461 2651 513 τῆς
2680 452 2971 515 ἐπισκοπῆς
3009 452 3110 505 ἀπὸ
3166 461 3265 507 τῶν
3312 453 3597 507 ἀποστόλων
3640 458 3880 528 κατέχαιὶῇ

2441 560 2531 616 ρον
2570 541 2862 615 Ἐλεύθερος
2888 551 2950 616 τῇ
2993 543 3149 595 αὐτοῦ
3181 543 3323 606 τάξει
3361 548 3449 597 καὶ
3484 553 3541 617 τῇ
3572 546 3706 597 αὐτοῦ
3728 542 3880 617 διδεχξι

2444 632 2474 688 ἦ
2520 650 2573 684 τε
2616 630 2717 683 ἀπὸ
2768 640 2868 684 τῶν
2920 630 3220 685 ἀποστόλων
3266 630 3313 684 ἰν
3357 641 3419 706 τῇ
3474 633 3719 705 Ἐκκλησία
3745 632 3884 707 περίδο-

2445 738 2544 785 σις,
2593 726 2682 773 καὶ
2719 723 2778 773 τό
2833 728 2923 783 τῆς
2978 720 3221 784 ἀληθείας
3267 727 3527 798 κήρυγμα,
3572 729 3819 781 κατήντηκεν
3850 726 3884 785 si;

2443 811 2596 881 ἡμᾶς.
2631 832 2658 859 »
2709 815 2803 872 Τίς
2849 808 2910 864 δε
2946 815 3035 864 τόν
3064 812 3192 885 ὑπερ
3226 812 3317 872 τῆς
3358 814 3496 874 θείας
3531 816 3720 875 πίστεως
3760 812 3882 873 ζῆλσιί

2441 898 2729 972 Εἰρηναῖος,
2773 899 2981 974 ἀρκέσει
3020 897 3087 959 δή
3129 906 3386 975 παριστᾷν
3412 903 3443 960 ἡ
3478 901 3715 963 ἑπιστολή,
3740 902 3781 959 ἦν
3814 901 3881 953 oi's

2443 991 2616 1061 Βιέννη
2657 994 2746 1041 καὶ
2804 985 3124 1062 Λουγδούνῳ
3158 992 3434 1066 μάρτυρες,
3468 990 3513 1042 ἒν
3542 990 3736 1065 εἱρκταῖς
3773 993 3884 1042 Enr:-
3914 985 3915 1019 ἦ

2440 1076 2872 1150 λαιπωρούμενοι,
2974 1078 3251 1153 Ἐλευθέρῳ
3351 1088 3425 1150 τῷ
3487 1078 3663 1152 Ῥώμης
3723 1078 3882 1147 iam

2444 1175 2782 1228 συνιστῶντες
2818 1167 2972 1220 αὐτὸν
3012 1167 3419 1234 έπιστιλλουσιν,
3452 1171 3524 1221 ἔτι
3554 1177 3609 1241 τῇ
3640 1176 3722 1220 ’τοῦ
3756 1167 3883 1239 quasi;

2443 1259 2591 1329 τέρου
2648 1253 2883 1329 καθέδρα
2935 1256 3392 1329 ένσεμνυνόμενονο
3425 1256 3455 1316 ἣ
3509 1253 3571 1316 δή
3620 1256 3760 1320 λέξιως
3797 1257 3885 1316 ait»;

2445 1342 2558 1417 εἶχε
2590 1361 2603 1375 ·
2641 1366 2667 1397 ε
2699 1350 2913 1420 Χαίρειν
2954 1346 3003 1399 έν
3033 1355 3147 1417 Θεῷ
3185 1366 3241 1400 σε
3282 1353 3441 1400 πᾶσιν
3483 1347 3715 1419 εὐχόμεθα
3741 1351 3802 1397 καὶ
3834 1348 3885 1405 ἀεὶ,

2444 1436 2605 1506 πάτερ
2663 1434 2939 1510 Ἐλεύθερε.
2988 1438 3166 1489 Ταῦτά
3214 1454 3299 1489 σοι
3342 1438 3407 1488 τὰ
3448 1438 3704 1509 γράμματα
3746 1453 3887 1507 spec?!-

2445 1523 2657 1595 ψάμεθα
2717 1527 2803 1577 τὸν
2860 1521 3079 1597 ἀδελφὸν
3126 1527 3271 1597 ἡμῶν
3326 1530 3418 1578 καὶ
3468 1528 3685 1577 κοινωνὸν
3722 1522 3887 1593 Hiemi”

2449 1608 2764 1685 διακομίσαι
2794 1631 2807 1644 ⁸
2868 1618 2958 1667 καὶ
3013 1614 3409 1688 παρακαλοῦμεν
3455 1616 3586 1685 ἔχειν
3648 1631 3698 1665 σε
3735 1612 3886 1663 αὐτότὸ

2445 1704 2748 1776 παραθέσει,
2801 1702 3039 1763 ζηλωτὴν
3076 1707 3198 1756 ὄντα
3238 1711 3335 1766 τῆς
3381 1700 3626 1764 διαθήκης
3653 1701 3886 1773 Χριστοῦ-ό

2444 1793 2545 1864 γάρ
2602 1787 2815 1864 ᾔδειμεν
2868 1796 3025 1845 τόπον
3076 1794 3195 1844 τινόι
3256 1788 3586 1852 δικαιοσύνης
3635 1789 3883 1862 περιποιεῖσὲε

2445 1882 2513 1941 ὡς
2553 1880 2896 1953 πρεσϐύτερον
2947 1880 3243 1947 ἐκκλησίας,
3292 1883 3416 1954 ὅπερ
3458 1880 3586 1935 ἔστὶν
3637 1878 3701 1933 ἐπ’
3731 1878 3882 1945 αὐτῷ,ιι

2446 1974 2668 2044 πρώτοις
2703 1969 2765 2021 ἆν
2801 1972 3145 2044 παρεθέμεθα.
3185 1993 3206 2020 ι
3244 1975 3346 2025 Καὶ
3377 1970 3503 2023 ἄλλα
3529 1967 3582 2023 δι
3608 1977 3686 2030 τῆς
3718 1967 3884 2040 Εἰρηνιὶν

2445 2058 2745 2130 φιλοκαλίας
2795 2062 3170 2131 μνημονεύεται
3205 2073 3218 2087 ⁸
3262 2061 3328 2112 τά
3378 2079 3433 2113 τε
3483 2062 3600 2133 πρὸς
3647 2056 3813 2110 Βλάστον
3842 2060 3883 2103 ut

2445 2146 2698 2222 Φλωρῖνον
2739 2153 2829 2201 καὶ
2875 2153 3174 2223 Μαρκιανον
3204 2167 3343 2213 τινα,
3394 2146 3581 2223 βίϐλίον
3619 2166 3663 2199 τε
3706 2142 3882 2204 διαλέξειρ.

2442 2234 2559 2288 Ἔτι
2575 2233 2636 2289 δὲ
2661 2242 2750 2289 καὶ
2780 2238 2806 2289 ό
2836 2243 2990 2310 Περὶ
3030 2241 3360 2311 ἐπιστήμη
3380 2259 3403 2301 ς
3431 2239 3793 2309 ἐπιγεγραμμένος
3811 2233 3881 2282 εἱδτὺ

2441 2328 2569 2398 πρὸς
2604 2324 2907 2389 ’Έλληνας
2942 2327 3111 2399 λόγος,
3166 2326 3604 2399 ἀναγκαιότατος·
3648 2328 3718 2376 καί
3757 2324 3800 2373 τὰ
3823 2323 3883 2387 περὶ

2442 2422 2536 2468 τοῦ
2588 2417 2789 2489 Πάσχα
2816 2416 2957 2488 αὐτῷ
2988 2417 3230 2491 εἰρημένα
3252 2433 3266 2447 ’
3318 2422 3439 2492 περὶ
3489 2414 3552 2469 ὧν
3587 2413 3799 2487 ἔμπροσϐιν
3826 2413 3883 2465 τάς

2443 2509 2777 2578 προσήκουσι
2817 2502 3144 2579 διαλήψομαι
3192 2510 3399 2568 τόποις.
3459 2512 3664 2559 Τοιαῦτα
3697 2504 3759 2573 μιν
3777 2498 3885 2549 καὶτὰ

2442 2596 2579 2647 κατὰ
2602 2598 2690 2648 τόν
2718 2596 2988 2649 θεσπέσιον
3014 2595 3309 2670 Εἰρηναῖον.

3037 2864 3280 2920 ΚΕΦΑΛ.
3314 2863 3437 2940 ις.

2444 2973 2599 3043 Περὶ
2675 2977 2785 3030 τῆς
2850 2969 2913 3043 ἐκ
2977 2956 3846 3043 Ιάλλιιὶινᾼὲπιστολῆμςδείγτό⁷

2513 3037 2724 3094 ἐκεῖσε
2760 3042 3100 3114 γενόμενον
3141 3039 3599 3117 σφοδρότατον
3628 3037 3804 3104 διωγμὸν·

2510 3148 2654 3202 Ἐπεὶ
2704 3144 2753 3200 δ’
2785 3148 3062 3220 Εἰρηναίου
3093 3154 3183 3202 καὶ
3226 3158 3325 3202 τῶν
3376 3153 3427 3204 ἓν
3461 3150 3659 3206 Γαλλίως
3680 3146 3732 3193 ιιῖ
3751 3136 3857 3200 ml

2440 3240 2713 3313 μαρτύρων
2759 3236 3108 3310 ἕμνόσθημεν,
3171 3235 3378 3292 δίκαιον
3448 3237 3587 3313 οἶμαι
3618 3240 3678 3289 καὶ
3708 3230 3780 3298 πιρὶ

2440 3326 2607 3379 αὐτῶν
2672 3331 2948 3400 καρτερίας
2998 3325 3210 3403 βραχέα
3257 3324 3547 3382 διαλαϐεῖν.
3599 3325 3705 3381 Ἔτος
3822 3327 3874 3360 ⁵³⁷

2441 3413 2663 3489 ἕϐδομον
2718 3420 2845 3489 πρὸς
2911 3425 2983 3488 τῷ
3044 3413 3248 3490 δεκάτῳ
3336 3418 3660 3493 αὐτοκράτορι
3706 3404 3878 3462 Ἀντωνίνῳ

2444 3509 2554 3579 Πίῳ
2608 3505 2795 3579 Ούήρῳ
2850 3502 2931 3570 ἧν,
2965 3505 3013 3557 έν
3146 3507 3284 3559 κατά
3319 3526 3440 3560 τινα
3487 3511 3605 3582 μέρη
3630 3508 3699 3560 τῆς
3723 3502 3792 3582 Ὶῧς⁸
3810 3502 3881 3556 ’Ψ

2444 3577 2575 3668 δροῦ
2630 3577 2748 3647 καθ’
2800 3596 2942 3667 ἡμᾶς
2993 3599 3314 3659 πνεύσαντος
3377 3577 3618 3670 διωγμόή
3668 3597 3737 3676 τῆν
3776 3577 3879 3676 δὲμὴ

2442 3687 2567 3758 ἡμῖν
2618 3683 2787 3756 ἀλόγῳ
2828 3686 3008 3757 θράσει
3057 3684 3498 3760 ἐπανισταμένων,
3540 3675 3746 3758 μυριάδας
3769 3675 3882 3763 μεθ’

2442 3783 2562 3848 ρὼν,
2604 3776 2674 3835 ὡς
2703 3782 2997 3846 στοχασμῷ
3050 3774 3277 3842 εἰκάσαι,
3318 3775 3421 3830 ἀνὰ
3466 3782 3620 3829 πᾶσαν
3644 3774 3713 3827 τὴν
3744 3762 3882 3825 0W?"

2441 3883 2533 3922 νην
2574 3865 2815 3935 γενέσθαι
2843 3883 2857 3898 ο
2898 3866 2963 3924 ὡς
2993 3861 3095 3917 ἀπὸ
3146 3872 3246 3917 τῶν
3298 3866 3418 3919 καθ’
3456 3868 3649 3920 ἕκαστον
3691 3857 3787 3910 ἔθνος
3807 3861 3881 3912 "1"

2444 3952 2639 4005 ϐάντων
2696 3956 2805 4006 ἔστι
2846 3956 3210 4029 τεκμήρασθαι
3234 3971 3248 3984 ⁸
3302 3955 3338 4007 ἂ
3397 3961 3485 4009 καὶ
3520 3958 3669 4026 γραφῇ
3696 3944 3881 4025 περιπλεῖν

2445 4041 2673 4100 ἀλήστου
2717 4050 2807 4103 τῆς
2862 4048 3089 4115 μνήμης,
3142 4043 3265 4106 ἄξιά
3301 4063 3365 4115 γε
3411 4049 3547 4098 ὄντα.
3577 4038 3723 4094 ’Ἄλλος
3837 4038 3880 4071 9W

2443 4132 2504 4183 ἄν
2568 4151 2649 4194 τις
2723 4133 3015 4203 ἱστορικαῖς
3093 4131 3434 4204 ιῖσηγήσεσιν
3498 4132 3730 4205 ἐπιτρέπων
3767 4122 3882 4209 tum:

2444 4219 2504 4273 ἂν
2535 4228 2595 4293 τῇ
2642 4228 2919 4295 συγγραφῇ
2961 4217 3256 4295 παρεδίδου
3287 4228 3437 4287 νίκας
3474 4242 3524 4275 τε
3550 4225 3629 4272 καὶ
3649 4212 3872 4295 τρόπιιιιξτ

2447 4308 2673 4384 ἐχθρῶν,
2725 4307 2995 4383 ἀριστείας
3036 4329 3091 4362 τε
3134 4321 3466 4383 στρατηγῶν,
3519 4313 3596 4362 καὶ
3650 4300 3802 4356 ὁπλιτῶν
3835 4303 3879 4333 εν·

690 4396 1027 4468 scribenda,
1051 4397 1131 4453 ad
1157 4398 1509 4453 memoriam
1539 4397 1920 4468 posteritatis,
1950 4395 2103 4468 stylo
2140 4395 2282 4451 indu

2290 4394 2339 4450 l—
2367 4438 2414 4494 D
2448 4382 2767 4470 δραγαθίας,
2823 4399 2948 4471 ὑπὲρ
2999 4395 3204 4453 παίδων
3250 4382 3353 4453 καὶί
3380 4396 3621 4474 πατρίδος
3662 4382 3876 4494 ﬂgiti:

689 4499 857 4555 gens,
892 4486 1261 4542 transmittat
1289 4487 1562 4543 victorias
1595 4492 1652 4543 et
1675 4486 2011 4558 triumphos
2049 4486 2128 4541 ab
2156 4484 2339 4540 hosti-

684 4572 802 4632 bus
826 4574 1076 4631 devictis
1101 4581 1451 4648 reportatos,
1472 4576 1889 4647 imperatorias
1911 4574 2134 4631 ducum
2157 4579 2333 4639 artes,

686 4663 1057 4737 consilioque
1109 4665 1290 4721 simul
1334 4670 1391 4721 et
1421 4681 1604 4721 manu
1646 4680 1737 4721 res
1768 4664 2091 4736 prudenter
2127 4668 2184 4719 et
2224 4663 2337 4719 for-

688 4753 821 4811 titer
832 4759 1052 4826 gestas,
1076 4770 1146 4811 ac
1158 4759 1537 4811 strenuorum
1553 4754 1805 4811 militum
1821 4770 1931 4826 pro
1952 4755 2083 4823 conj
2096 4753 2332 4823 ugibus,

685 4842 888 4899 liberis
920 4848 975 4899 et
1003 4845 1197 4915 patria
1224 4844 1356 4916 ipsa
1379 4845 1705 4900 certamina
1735 4842 1920 4908 obita,
1954 4844 2333 4913 sanguinem-

689 4947 806 5003 que
858 4948 967 5005 pro
1030 4932 1218 4989 salute
1267 4948 1475 4989 eorum
1543 4932 1745 4989 multis
1812 4932 2027 5005 praeliis
2090 4930 2332 4987 abunde

681 5021 1015 5095 profusum.
1070 5024 1270 5080 Oratio
1319 5029 1522 5079 autem
1583 5028 1791 5079 nostra
1843 5022 1917 5077 de
1963 5021 2234 5078 moribus
2276 5026 2334 5076 et

681 5111 962 5167 institutis
1006 5112 1141 5168 vita
1190 5117 1246 5167 et
1284 5112 1587 5181 religionis
1641 5111 1987 5171 Christiana:
2032 5115 2327 5183 suscepta.

682 5201 1082 5257 constantiam
1112 5201 1173 5257 in
1212 5202 1637 5258 certaminibus
1668 5217 1778 5275 pro
1811 5202 2053 5257 veritate
2095 5216 2332 5271 suscep-

686 5289 781 5360 tis,
810 5294 869 5347 et
896 5291 1280 5363 pacatissima
1308 5292 1685 5364 egregiarum
1716 5291 2055 5348 animarum
2104 5289 2330 5363 praslia,

758 5452 838 5533 (ᾖ)
897 5451 1009 5533 Alii
1072 5451 1540 5533 hascmartyria
1594 5451 1654 5532 i_n
1703 5454 2016 5533 tempora“
2053 5449 2331 5508 divorum

685 5519 936 5583 fratrum
966 5523 1096 5581 Veri
1125 5528 1180 5580 et
1201 5519 1502 5589 Antonini,
1531 5522 1753 5580 oriente
1785 5519 1939 5583 bello
1970 5526 2334 5583 Marcoman-

2449 4492 2666 4559 σμένων,
2715 4489 2907 4560 αἱμασί
2953 4507 3008 4540 τε
3058 4489 3184 4562 ὑπὲρ
3243 4498 3383 4562 σφῶν
3438 4489 3597 4542 αὐτῶν
3641 4480 3744 4535 κατά
3775 4462 3875 4593 πελλέξ

2678 4580 2688 4593 ο
2800 4577 2873 4593 nn
2997 4579 3009 4593 ι
3124 4586 3143 4593 ..
3345 4582 3394 4593 ιι.
3605 4576 3616 4586 ο
3662 4567 3702 4593 9‘.
3736 4569 3787 4593 ,δ’
3808 4567 3843 4593 ιι

3736 4569 3787 4617 ri;
3808 4567 3843 4598 ιε

2447 4580 2750 4649 περιουσίαν
2785 4577 2952 4629 οῖθλων
2994 4579 3182 4641 ἱκανῶς
3210 4582 3519 4650 μιανθέντων
3545 4593 3557 4606 .
3597 4576 3618 4626 ὁ
3654 4567 3703 4623 δι
3736 4567 3859 4691 mgni:

2447 4666 2583 4691 Lux-
2622 4665 2880 4691 __\-_-:~-
2937 4662 3044 4691 ΔΜ---
3067 4672 3233 4691 _1__,,-
3279 4668 3351 4691 \_-,
3383 4688 3395 4691 -
3422 4690 3429 4691 ,
3485 4670 3568 4691 -.ιη
3615 4663 3717 4691 ,⁸...ιλ
3745 4648 3794 4691 ἰὴ
3817 4649 3871 4688 ςιιῗ

3745 4648 3872 4701 ἀλύξας

2446 4666 2583 4737 ἡμᾶς
2619 4665 2880 4727 πολιτείας
2933 4662 3234 4738 διηγήσεως
3279 4668 3431 4740 λόγος
3482 4670 3568 4724 τὴν
3615 4663 3717 4730 ὑπὶρ

2445 4757 2704 4819 ἔνστασιν,
2738 4760 2827 4807 καὶ
2858 4760 2979 4816 τοὺς
3025 4759 3159 4809 κατά
3194 4756 3379 4829 ψυχήν
3419 4746 3878 4831 εἰρηνικωτάτονςπωὶ-

2443 4862 2588 4915 μους,
2639 4850 2727 4896 καὶ
2758 4848 2851 4903 τὴν
2889 4846 3126 4918 ὑπερφυᾶ
3182 4851 3449 4920 καρτερίαν
3484 4853 3573 4898 τῶν
3621 4840 3724 4909 ὑπερ
3752 4833 3810 4883 τίς
3833 4833 3883 4920 ,θ’

2445 4931 2647 4994 σιϐείας
2682 4932 2873 5005 μᾶλλον
2902 4934 2932 4993 ἢ
2995 4943 3093 4987 τῶν
3133 4935 3386 5007 φιλτάτων
3426 4930 3775 5007 ἀνδρισαμένωνν
3804 4918 3877 4961 ⁷³⁷⁸

2440 5026 2683 5093 τρόπαια,
2717 5027 2806 5074 καὶ
2843 5026 2932 5084 τάς
2978 5023 3093 5076 κατ’
3126 5023 3410 5077 ἀντιπάλων
3463 5022 3670 5096 ἀοράτων
3694 5015 3810 5096 νίκαμςι
3838 5012 3877 5044 ³³³

2440 5114 2553 5172 τοὺς
2603 5109 2686 5164 ἐπὶ
2736 5116 2871 5164 πᾶσι
2911 5116 3111 5175 τούτοις
3163 5117 3442 5187 στεφάνους
3471 5112 3533 5174 εἰς
3572 5108 3740 5161 αἰώνιον
3775 5102 3876 5179 an”?

2439 5200 2583 5274 ρῦξη
2612 5205 2819 5273 μνήμην
2854 5224 2868 5236 °
2900 5199 2984 5255 οἶά
3014 5222 3129 5256 τινα
3168 5205 3363 5263 στήλην
3408 5203 3497 5256 οὐκ
3539 5199 3629 5252 ἀπὸ
3654 5188 3807 5266 xtl")
3837 5188 3876 5223 ’ω

2438 5288 2607 5355 λίθου,
2664 5289 2770 5343 ἀλλ’
2802 5287 3157 5364 ἀδαμαντίνην
3201 5292 3484 5367 ἀναγράφει
3526 5296 3590 5359 τῷ
3628 5283 3746 5337 αἰῶνι
3782 5280 3876 5336 7“?"

2438 5450 2711 5583 333.13?
2758 5452 2921 5525 Ψιοά
2970 5430 3035 5511 ⁸6
3074 5454 3258 5514 δωδο
3292 5455 3652 5529 imperatores
3676 5422 3881 5516 parabant.
