4032 6282
35 258 228 341 ista

1177 266 1740 343 ECCLESIASTICE
1779 277 2134 341 HISTORIA:
2174 284 2310 341 LIB.
2351 285 2440 341 Iv.

3338 276 3492 338 ειυιι

53 407 323 474 διδούς.
381 387 445 466 Ἦ
618 409 706 466 οὖν
731 388 914 487 ’χώρα
953 396 1072 465 καθὁ
1121 396 1194 473 ἦν’
1233 417 1358 474 τέως
1395 412 1631 488 λαμπρὸν
1660 414 1720 463 τὸ

1840 411 2378 484 admirandamque
2405 415 2462 466 et
2497 423 2738 466 omnem
2771 410 3001 464 naturae
3033 407 3278 480 captum
3306 423 3490 480 supe-

50 498 334 554 ’στοξδιον
408 505 809 575 συγκεκρότητο,
850 501 1044 556 Γαλλία
1090 498 1150 561 ἦν
1179 518 1192 532 ⁸
1237 499 1295 564 ἧς
1325 497 1604 560 διαϐόητοι
1633 505 1721 554 καὶ

51 589 215 644 πολὺ
265 598 399 643 τῶν
436 590 625 644 λοιπῶν
671 595 1003 665 προέχουσαι
1039 591 1384 665 μητροπόλεις
1415 592 1518 644 εἰσὶ
1554 597 1725 661 Λουγ-

55 676 288 743 δοῦνος
362 685 464 732 καὶ
517 685 694 734 Βιέννα
732 700 747 714 ο
791 677 866 734 δι’
918 678 986 732 ὧν
1045 679 1344 752 ἀμφοτέρων
1401 684 1495 740 τήν
1547 686 1723 732 πᾶσαν

51 773 282 843 χώραν
342 768 527 840 πολλῷ
563 777 635 840 τῷ
661 770 883 845 ῥεύματι
919 768 1196 845 περιρρέων
1227 771 1252 821 ό
1288 765 1531 830 Ῥοδανός
1583 766 1617 822 δ
1623 769 1725 832 ιέξ-

51 857 205 912 ἐισι.
264 862 404 917 Τὴν
434 866 559 930 γοῦν
606 867 703 912 τῶν
752 861 1027 934 μαρτύρων
1090 857 1393 934 ἀναγραφήν
1447 861 1502 912 αἱ
1531 861 1580 910 ἓν
1608 865 1723 921 ταῖς

53 947 426 1020 εἰρημέναις
467 947 651 1001 πόλεσι
697 945 966 1020 διαφανεῖς
999 947 1274 1006 ἐκκλησίαι
1317 955 1423 1009 τοῖς
1469 947 1518 1000 έν
1563 949 1724 1020 Ἀσίᾳ

58 1041 163 1089 καὶ
227 1042 471 1110 ⁴Ινρυγίςι
522 1033 907 1110 διαπέμπονται
959 1039 1152 1090 οὑτωσὶ
1205 1037 1673 1110 προοιμιαζόμεναι
1706 1054 1720 1068 ’

71 1145 103 1178 (ε
157 1127 240 1180 Οἱ
301 1128 365 1179 ἓν
420 1130 591 1200 Βιέννη
647 1131 736 1180 καὶ
785 1123 1104 1199 Λουγδούνῳ
1151 1134 1242 1187 τῆς
1291 1125 1510 1188 Γαλλίας
1539 1144 1724 1200 παροι-

59 1210 314 1277 κοῦντες
377 1211 565 1268 δοῦλοι
619 1222 712 1268 τοῦ
761 1223 996 1288 Χριστοῦ
1047 1222 1165 1278 ταῖς
1209 1217 1342 1268 κατά
1392 1219 1486 1273 τήν
1539 1214 1724 1270 Ἀσίαν

62 1309 170 1356 καὶ
232 1308 500 1379 Φρυγίαν
578 1309 673 1362 τήν
756 1308 920 1363 αὑτήν
975 1312 1072 1368 τῆς
1137 1303 1539 1379 ἀπολυτρώσεως
1599 1305 1724 1376 ἡμῖν

65 1399 277 1447 πίστιν
332 1399 441 1447 καὶ
470 1391 658 1447 έλπίδα
687 1396 908 1466 ἔχουσιν
953 1391 1196 1468 ἀδελφοῖς
1230 1395 1405 1470 εἰρήνη
1442 1399 1532 1446 καὶ
1561 1396 1724 1468 χάρις

66 1487 172 1537 καὶ
229 1479 273 1536 δ
277 1483 400 1546 ἄξοι
450 1481 550 1536 ἀπὸ
609 1491 744 1538 Θεοῦ
785 1486 981 1558 πατρὸς
1018 1489 1107 1537 καὶ
1149 1489 1343 1558 Κυρίου
1384 1483 1562 1542 Ἰησοῦ
1594 1491 1723 1558 Χρι-

73 1581 221 1626 στοῦ
300 1579 416 1626 τοῦ
494 1577 691 1648 Κυρίου
767 1575 936 1645 ήμῶν.
991 1595 1020 1624 ν
1071 1570 1198 1628 Εἶτα
1259 1572 1583 1635 ίπιϐαλόντες
1650 1579 1724 1642 τῷ

68 1665 381 1736 προοιμίῳ
439 1666 531 1714 καὶ
564 1663 731 1734 ἔτερα,
787 1663 951 1725 οὕτως
995 1667 1356 1736 κατάρχονται
1391 1679 1404 1692 ·
1456 1685 1482 1712 κ
1532 1666 1602 1715 Τὸ
1635 1665 1726 1734 μὲν

1832 492 2061 558 rantem
2082 501 2429 574 patientiam
2448 505 2504 556 et
2518 498 2927 556 fortitudinem
2945 514 3151 554 eorum
3173 498 3275 570 qui
3295 498 3491 568 magis

1831 606 1942 662 pro
1968 591 2182 663 pietate
2221 604 2484 663 veroque
2515 589 2616 646 Dei
2653 588 2831 652 cultu,
2865 603 3051 660 quam
3078 602 3187 658 pro
3213 587 3489 643 charissi-

1835 681 1947 736 mis
1995 680 2106 736 sibi
2167 680 2464 750 capitibus
2515 694 2640 734 rem
2691 683 2928 733 strenue
2978 682 3310 746 gesserunt,
3372 681 3488 733 tro-

1832 784 2087 842 pmaque
2134 776 2192 826 et
2238 769 2513 826 victorias
2560 767 2850 824 adversus
2897 765 3228 822 invisibiles
3284 766 3486 822 hostes

1833 865 2440 932 partas,coronasque
2457 856 2846 930 triumphales
2863 860 3254 929 persequetur
3271 872 3284 909 :
3302 860 3484 927 atque

1832 965 1904 1004 ea
1940 949 2146 1004 omnia
2187 948 2363 1004 veluti
2413 948 2473 1003 in
2522 947 2826 1012 columna,
2875 960 2998 1001 non
3047 960 3203 1000 aerea
3240 945 3341 1000 illa
3380 947 3486 1000 aut

1835 1053 2192 1108 marmorea,
2223 1038 2326 1092 sed
2358 1037 2752 1092 adamantina
2774 1049 3022 1107 prorsus
3054 1033 3370 1106 insculpet,
3405 1033 3486 1089 ad

1835 1125 2189 1182 memoriam
2227 1125 2588 1198 posteritatis
2627 1124 2826 1180 omnis
2867 1123 3318 1194 sempiternam.
3361 1123 3489 1178 Exi-

1835 1217 2024 1270 mium
2058 1231 2236 1286 purro
2266 1230 2338 1270 ea
2368 1217 2717 1284 tempestate
2741 1212 3007 1284 martyrii
3039 1217 3328 1284 tanquam
3365 1220 3488 1268 sta-

1833 1305 1999 1360 dium
2024 1303 2213 1360 Gallia
2244 1303 2554 1375 provincia.
2579 1306 2705 1358 erat
2731 1320 2744 1357 :
2769 1301 2828 1357 in
2852 1317 2975 1373 qua
2999 1305 3216 1373 praeter
3241 1306 3484 1357 caeteras

1835 1393 2097 1450 celebres
2130 1392 2266 1449 duas
2307 1397 2444 1448 sunt
2483 1389 2959 1462 metropolitanee
3000 1390 3204 1454 urbes,
3249 1389 3487 1460 Lugdu—

1834 1498 1982 1540 num
2039 1487 2096 1539 et
2147 1483 2391 1550 Vienna,
2449 1497 2602 1553 quas
2655 1479 2888 1552 reliqua
2942 1493 3150 1534 eorum
3212 1479 3484 1535 locorum

1835 1573 2076 1643 regione
2132 1587 2397 1636 emensa,
2452 1570 2674 1626 ﬂuvius
2729 1568 3055 1625 Rhodanus
3110 1570 3479 1640 perstringit.

1836 1665 1972 1719 Mart
1979 1661 2250 1734 yriorum
2271 1667 2468 1716 autem
2481 1675 2686 1716 eorum
2704 1657 3230 1724 commentarium,
3249 1658 3489 1716 urbium

73 1749 176 1805 οὖν
220 1751 470 1824 μέγεθος
505 1759 602 1812 τῆς
655 1749 838 1805 ἓνθάδε
886 1751 1127 1823 θλίψεως,
1182 1757 1272 1804 καὶ
1314 1756 1408 1810 τήν
1464 1753 1727 1809 τοσαύτην

1840 1767 2045 1807 earum
2083 1750 2347 1806 ecclesia
2386 1749 2662 1814 illustres,
2694 1746 2954 1804 ecclesiis
2995 1762 3131 1818 quae
3166 1747 3227 1802 in
3258 1749 3397 1804 Asia
3433 1753 3490 1806 et

76 1848 190 1893 τῶν
227 1839 411 1892 ἐθνῶν
457 1839 530 1901 εἰς
571 1843 693 1902 τοὺς
737 1839 919 1913 ἁγίους
959 1841 1143 1914 ὀργήν,
1194 1845 1284 1894 καὶ
1323 1841 1424 1893 ὅσα
1453 1841 1727 1912 ὑπέμειναν

87 1932 140 1982 οἱ
203 1931 492 2004 μακάριοι
549 1931 827 2004 μάρτυρες,
880 1929 959 1982 ἐπ’
1025 1927 1236 2003 ἀκρίδες
1284 1930 1395 1982 οὔθ’
1448 1931 1594 2002 ἡμεῖς
1655 1929 1729 1982 εἰ-

85 2026 209 2072 πεῖν
256 2021 469 2085 ἱκανοὶ,
527 2021 644 2071 οὔτε
691 2023 794 2092 μήν
823 2026 997 2092 γραφῇ
1047 2019 1428 2094 περιληφθῆναι
1481 2015 1726 2076 δυνατόν.

91 2105 274 2161 Παντὶ
331 2109 448 2180 γὰρ
507 2108 674 2159 σθένει
725 2105 1006 2178 ἐνέσκηψεν
1046 2109 1071 2159 ό
1123 2106 1490 2180 ἀντικείμενος,
1553 2127 1726 2180 προοι·

95 2200 436 2270 μιαζόμενος
495 2192 604 2255 ἤδη
657 2199 752 2256 τήν
797 2193 964 2259 ἀδεῶς
1011 2196 1296 2269 μέλλουσαν
1348 2199 1563 2249 ἔσεσθαι
1599 2217 1731 2272 παρ-

104 2290 305 2338 ουσίαν
362 2285 536 2338 αὖτοῦ
562 2301 576 2316 ·
610 2289 701 2337 καὶ
747 2281 844 2339 διὰ
889 2287 1094 2338 πάντων
1147 2282 1355 2344 διῆλθεν
1391 2287 1577 2346 ἐθίζων
1610 2290 1731 2348 τοὺς

105 2375 326 2441 ἑαυτοῦ,
357 2379 457 2428 καὶ
489 2375 872 2449 προγυμνάζων
899 2378 1037 2428 κατὰ
1065 2383 1164 2428 τῶν
1205 2373 1401 2428 δούλων
1429 2383 1522 2427 τοῦ
1551 2380 1679 2428 Θεοῦ
1709 2392 1728 2412 ο

97 2465 253 2517 ’ὥστε
299 2468 371 2537 μή
406 2469 569 2537 μόνον
595 2465 772 2516 οἰκιῶν
817 2469 908 2517 καὶ
947 2462 1226 2539 βαλανείων
1259 2469 1349 2516 καὶ
1398 2463 1591 2540 ἀγορᾶς
1631 2467 1731 2537 εῖρ-

109 2556 332 2624 γεσθαι,
362 2553 501 2606 ἀλλὰ
528 2558 619 2606 καὶ
650 2557 710 2606 τὸ
745 2554 971 2607 καθόλου
1011 2555 1282 2626 φαίνεσθαι
1312 2555 1457 2626 ἡμῶν
1495 2573 1612 2606 τινα
1641 2553 1732 2605 αῦ-

117 2648 234 2704 τοίς
291 2641 621 2719 ἀπειρῆσθαι
671 2645 721 2696 ἓν
778 2640 1142 2715 ὁποιῳδήποτε
1201 2647 1362 2714 τόπῳ.
1421 2643 1732 2717 Ἀντεστρα-

129 2729 282 2801 τήγει
333 2729 392 2784 δὲ
445 2735 478 2791 ἡ
525 2734 690 2804 χάρις
729 2740 820 2785 τοῦ
851 2739 985 2786 Θεοῦ
1017 2753 1031 2765 ·
1087 2736 1178 2784 καὶ
1205 2735 1326 2794 τοὺς
1364 2735 1454 2804 μεν
1497 2731 1731 2796 ἀσθενεῖς

136 2817 413 2894 ξρῥὼννυτο
434 2839 450 2852 ·
541 2821 1018 2894 ἀντιπαρετάσσετο
1088 2817 1148 2874 δί
1201 2820 1420 2884 στύλους
1487 2818 1733 2894 ἑδραίους

138 2888 443 2979 δυναμένους
479 2906 578 2963 διὰ
613 2916 704 2971 τᾶς
735 2888 1015 2982 ’ὑπομονῆς
1065 2915 1240 2962 πᾶσαν
1287 2914 1382 2968 τήν
1421 2888 1589 2982 ὁρμήν
1637 2917 1730 2963 τοῦ

126 3005 352 3071 πονηροῦ
400 2999 475 3061 εἰς
511 2998 726 3060 ἑαυτοὺς
756 2999 968 3052 ἑλκύσαι
1009 3015 1022 3028 ⁶
1066 2997 1114 3050 οἱ
1166 3002 1254 3050 καὶ
1285 2999 1445 3070 ὁμόσε
1475 3001 1728 3073 ἐχώρουν,

119 3090 224 3136 ’πᾶν
275 3084 418 3150 εἶδος
471 3084 782 3160 ὀνειδισμοῦ
832 3092 923 3140 καὶ
980 3087 1240 3149 κολάσεως
1290 3086 1596 3160 ἀνεχόμενοι
1626 3107 1640 3122 ’
1683 3087 1730 3140 οἳ
1769 3127 1809 3182 C

119 3178 206 3226 καὶ
252 3178 320 3228 τὰ
356 3177 538 3230 πολλὰ
588 3176 740 3248 ὀλίγα
789 3178 1084 3249 ἡγούμενοι,
1126 3173 1378 3229 ἔσπευδον
1418 3181 1548 3250 πρὸς
1603 3186 1732 3250 Χρι-

125 3267 264 3330 στὸν,
324 3270 499 3328 ὄντως
545 3262 977 3338 έπιδεικνύμενοι,
1028 3267 1109 3319 ὅτι
1147 3265 1242 3317 οὐκ
1280 3265 1406 3328 ἄξια
1452 3269 1517 3318 τὰ
1565 3269 1732 3326 παθή-

117 3370 256 3422 ματα
283 3362 380 3406 τοῦ
421 3362 523 3407 νῦν
560 3361 747 3427 καιροῦ
787 3358 912 3428 πρὸς
949 3358 1042 3412 τήν
1074 3353 1360 3426 μέλλουσαν
1393 3350 1572 3417 δόξαν.
1632 3361 1733 3409 Καὶ

120 3449 322 3513 πρῶτον
370 3447 472 3516 μεν
527 3440 770 3516 σωρηδὸν
809 3440 1074 3515 πανδημεὶ
1131 3445 1198 3495 τὰ
1232 3445 1574 3516 ίπιφερόμενα
1629 3443 1731 3496 ἀπὸ

115 3536 208 3581 τοῦ
260 3531 430 3603 ὄχλου
491 3533 736 3604 ὑπέμενον
765 3551 778 3564 ·
836 3531 1156 3600 ἐπιϐοήσεις,
1213 3538 1301 3584 καί
1359 3532 1582 3604 πληγὰς,
1643 3537 1734 3586 καὶ

120 3625 373 3691 συρμοὺς,
400 3618 714 3694 διαρπαγὰς
759 3627 846 3674 καὶ
874 3621 1030 3674 λίθων
1061 3618 1220 3694 βολὰς
1265 3625 1350 3674 καὶ
1387 3621 1728 3692 συγκλείσεις,

118 3709 401 3762 καὶπάνθ’
461 3711 568 3762 ὃσα
615 3711 921 3783 ἠγριωμένῳ
978 3708 1162 3767 πλήθει
1215 3711 1285 3770 ὡς
1339 3715 1464 3782 πρὸς
1503 3713 1731 3785 ᾶχθροὺς

117 3802 205 3849 καὶ
242 3797 538 3871 πολεμίους
575 3797 708 3871 φιλεῖ
733 3801 990 3870 γίνεσθαι.
1023 3817 1052 3849 »

1837 1840 2099 1912 Phrygia
2127 1839 2310 1905 fuere,
2347 1839 2577 1902 misere,
2605 1836 2704 1893 tali
2732 1834 3081 1908 praefatione
3113 1852 3235 1892 usas
3265 1856 3278 1896 :
3313 1855 3343 1888 ‹‹
3377 1839 3490 1904 Qui

1837 1929 2084 1986 Vienna:
2142 1934 2199 1984 et
2263 1927 2534 1999 Lugduni
2600 1926 2660 1981 in
2723 1925 2922 1982 Galliis
2981 1925 3276 1994 habitant,
3333 1927 3490 1984 servi

1839 2018 2065 2084 Christi,
2098 2019 2158 2072 in
2188 2017 2326 2072 Asia
2356 2023 2410 2071 et
2439 2016 2696 2087 Phrygia
2724 2015 3002 2070 eamdem
3040 2014 3365 2072 nobiscum
3398 2032 3488 2073 re-

1838 2108 2199 2180 demptionis
2235 2106 2418 2162 ﬁdem
2467 2112 2525 2160 et
2571 2119 2739 2176 spem
2777 2103 3142 2160 habentibus
3181 2103 3485 2171 fratribus,

1839 2212 1978 2268 pax,
2020 2203 2075 2252 et
2113 2195 2324 2264 gratia,
2367 2201 2423 2250 et
2461 2193 2651 2266 gloria
2685 2209 2721 2249 a
2763 2194 2883 2249 Deo
2923 2193 3095 2248 Patre
3134 2201 3188 2249 et
3229 2193 3486 2250 Domino

1837 2286 1974 2340 Jesu
2005 2285 2252 2351 Christo,
2284 2284 2536 2340 Domino
2563 2287 2789 2338 nostro.
2830 2302 2856 2333 ν
2893 2281 3116 2338 Deinde
3145 2283 3485 2354 praefationi

1840 2375 2156 2446 ejusmodi,
2184 2374 2314 2429 aliis
2336 2373 2704 2445 quibusdam
2726 2371 2920 2427 verbis
2941 2371 3180 2438 additis,
3206 2372 3320 2428 tale
3343 2373 3487 2428 scri-

1838 2464 2020 2520 bendi
2043 2463 2274 2519 initium
2297 2463 2550 2518 faciunt:
2579 2483 2606 2512 α
2625 2460 3028 2517 Aﬂlictionum
3053 2469 3490 2518 aarumnarum-‘

1839 2570 1955 2627 que
1985 2559 2323 2609 nostrarum
2349 2551 2848 2621 magnitudinem,
2881 2555 2937 2606 et
2967 2555 3194 2606 tantam
3221 2552 3489 2620 gentium

1839 2644 2128 2700 adversus
2158 2647 2396 2697 sanctos
2425 2641 2598 2706 iram,
2631 2645 2813 2712 atque
2839 2655 2940 2694 eas
2961 2654 3114 2710 quas
3143 2639 3303 2695 beati
3336 2657 3495 2697 mar-

1842 2739 1997 2806 tyres
2023 2734 2431 2787 sustinuerunt
2454 2729 2842 2794 calamitates,
2878 2743 3072 2800 neque
3095 2744 3206 2784 nos
3230 2729 3488 2786 dicendo

1840 2826 2114 2878 accurate
2156 2821 2508 2892 exprimere,
2557 2833 2664 2872 nec
2711 2816 2897 2872 ullum
2940 2816 3260 2873 scribendo
3310 2834 3488 2890 posse

1840 2909 2153 2982 complecti
2178 2915 2480 2981 putamus.
2515 2907 2693 2979 305
2727 2905 3018 2963 Omnibus
3044 2906 3206 2962 enim
3238 2909 3360 2963 suis
3391 2924 3486 2964 co-

1840 3001 1955 3072 piis
2002 3000 2062 3054 in
2099 3014 2208 3053 nos
2238 2997 2403 3052 irruit
2430 2997 2809 3051 adversarius
2851 3011 2866 3059 ;
2901 3001 2956 3050 et
2982 2995 3042 3050 in
3077 2995 3245 3051 initio
3284 2999 3486 3053 statim

1842 3089 1975 3160 ipso
2004 3087 2301 3159 apparuit,
2333 3085 2478 3141 nihil
2509 3085 2632 3140 fore
2663 3084 2866 3140 terrori
2900 3083 3075 3140 nobis
3109 3086 3490 3155 praesentiam

1842 3178 1990 3248 ejus,
2037 3176 2209 3248 quasi
2260 3174 2605 3246 prolusione
2635 3172 2904 3246 quadam
2949 3189 3128 3228 suum
3164 3173 3491 3232 adventum

1843 3265 2127 3322 audacter
2170 3263 2435 3320 futurum
2483 3262 2914 3334 praenuntians,
2960 3266 3017 3316 et
3074 3277 3252 3318 omne
3300 3278 3492 3333 genus

1840 3353 2270 3425 persecutionis
2327 3357 2506 3424 atque
2555 3349 2890 3406 aﬂlict‘ionis
2938 3349 3234 3406 adhibens
3282 3368 3491 3408 assue-

1841 3444 1977 3501 fecit
2017 3448 2073 3498 et
2119 3443 2377 3498 exercuit
2425 3457 2570 3496 suos
2625 3440 2916 3496 adversus
2971 3441 3070 3494 Dei
3115 3440 3420 3496 ministros
3471 3457 3486 3496 :

1843 3533 2140 3605 siquidem
2187 3546 2309 3586 non
2359 3529 2592 3585 aedibus
2644 3534 2898 3595 tantum,
2958 3529 3191 3584 balneis
3256 3534 3313 3584 et
3362 3529 3489 3586 foro

1841 3621 2041 3688 nobis,
2061 3620 2168 3676 sed
2185 3619 2426 3692 publico
2442 3633 2686 3690 quoque
2705 3618 3194 3689 prorsus,necubi
3216 3623 3485 3675 nostrum

1841 3711 2165 3784 quisquam
2195 3713 2505 3780 appareat,
2538 3706 2990 3764 interdixerunt.
3034 3709 3248 3761 Verum
3281 3713 3490 3766 contra

1843 3815 1946 3856 eos
1977 3813 2086 3870 pro
2115 3799 2290 3853 nobis
2316 3797 2506 3866 gratia
2535 3796 2630 3850 Dei
2652 3796 3032 3866 depugnans,
3059 3796 3326 3851 infirmos
3355 3798 3494 3869 qui-

117 3883 252 3941 dem
284 3887 698 3952 conﬂrmavit,
730 3886 972 3943 stabiles
1001 3892 1199 3944 autem
1231 3887 1316 3942 eis
1347 3887 1630 3958 opposuit
1657 3888 1972 3944 columnas
2005 3903 2019 3941 :
2061 3902 2163 3942 eos
2195 3885 2463 3941 videlicet
2491 3884 2787 3950 homines,
2819 3883 2924 3956 qui
2956 3899 3062 3955 per
3107 3884 3487 3942 tolerantiam

116 3987 359 4032 omnem
411 3977 562 4032 mali
598 3975 760 4030 illius
801 3975 1096 4048 impetum
1142 3976 1202 4031 in
1243 3976 1479 4046 seipsos
1522 3977 1932 4047 pertraherent
1977 3993 1991 4029 :
2037 3976 2260 4047 quique
2295 3973 2560 4031 conferre
2600 3973 2837 4045 pedem,
2885 3988 3065 4029 omne
3107 3974 3486 4031 contumelias

112 4066 164 4115 et
192 4063 483 4135 supplicii
512 4079 702 4134 genus
733 4065 1042 4129 sustinere,
1075 4070 1130 4120 et
1158 4079 1293 4136 quas
1321 4063 1582 4136 plurima
1611 4071 1829 4132 essent,
1853 4080 2159 4137 perpauca
2187 4070 2244 4120 et
2267 4065 2487 4133 exigua
2511 4078 2641 4118 esse
2666 4062 2884 4118 ducere
2919 4068 3178 4133 possent,
3213 4067 3269 4118 et
3299 4064 3381 4119 ita
3409 4064 3490 4120 ad

116 4149 416 4209 Christum
470 4153 669 4209 venire
714 4152 1060 4210 festinarent
1104 4169 1117 4208 :
1173 4153 1350 4209 rebus
1392 4154 1540 4224 ipsis
1585 4154 1970 4210 ostendentes
1999 4156 2068 4220 δι,
2116 4169 2238 4209 non
2284 4168 2418 4208 esse
2460 4151 2794 4223 condignas
2837 4153 3146 4224 passiones
3195 4154 3485 4224 temporis

115 4235 294 4309 hujus
323 4242 407 4297 ad
444 4241 714 4298 futuram
753 4241 1028 4310 gloriam.
1065 4241 1326 4297 Primum
1356 4243 1582 4314 quippe
1626 4243 1937 4299 confertim
1975 4243 2252 4307 universi,
2300 4258 2436 4314 quas
2481 4242 2566 4297 eis
2610 4257 2648 4297 a
2690 4241 3066 4296 multitudine
3106 4240 3488 4310 inferrentur,

115 4328 432 4397 pertulere,
475 4330 943 4387 contumeliosas
991 4330 1466 4395 inclamationes,
1508 4333 1776 4397 verbera,
1824 4332 2239 4397 volutationes,
2280 4331 2545 4402 rapinas,
2599 4329 3000 4401 lapidationes
3056 4334 3113 4386 et
3153 4346 3422 4387 carceres
3475 4337 3489 4370 τ

115 4417 319 4474 omnia
355 4419 581 4493 enique
620 4419 762 4483 alia,
798 4434 936 4492 ques
977 4419 1281 4476 ferocienti
1317 4420 1682 4477 multitudini
1719 4426 1930 4478 contra
1966 4421 2244 4477 inimicos
2284 4426 2341 4476 et
2378 4421 2581 4476 hostes
2623 4418 2817 4475 facere
2872 4419 2935 4474 in
2981 4423 3244 4476 mentem
3285 4421 3486 4476 venire

120 4503 327 4562 solent.
353 4526 384 4559 ν

734 4602 976 4650 ΚΕΦΑΛ.
1019 4594 1115 4651 IZ'.
1755 4599 1800 4653 D

125 4683 272 4804 Πιίἰ
319 4684 645 4770 Οὐετίουη
694 4687 1007 4756 Σάγκτου,
1051 4687 1384 4752 Ποθεινοῦ,
1424 4686 1722 4768 Ἀλεξάν-

237 4772 370 4804 nou.
419 4753 796 4804 Βιϐλιαδου-
845 4762 953 4804 καὶ
994 4754 1369 4804 Βλανδίνηι-
1437 4763 1548 4804 καὶ
1590 4762 1722 4804 κτέ-

234 4772 370 4824 ρου,
419 4753 801 4824 Βιϐλιάδους
845 4762 953 4810 καὶ
993 4754 1370 4821 Βλανδίνης,
1437 4763 1548 4810 καὶ
1590 4758 1722 4810 έτέ-

231 4845 329 4901 ων,
373 4829 454 4901 ὡΑς
493 4831 598 4879 τόν
639 4829 793 4901 ὑπὲρ
853 4836 1140 4901 Χριστοῦ
1198 4824 1392 4882 ἆθλον
1451 4828 1540 4882 ἐν’
1572 4830 1724 4882 Γαλ-

188 4842 329 4946 ρων,
373 4846 454 4887 ως
493 4842 598 4879 τον
639 4847 793 4901 υπερ
856 4842 900 4882 x
956 4842 1140 4882 ιστοῦ
1198 4842 1392 4882 αυ).ον
1451 4842 1508 4882 εν
1572 4842 1724 4882 Γαλ-

201 4895 784 4980 ’ίαιςνδιήνεγκανο
819 4849 1017 4952 xc:va
1047 4909 1128 4972 τῷ
1161 4909 1426 4973 ποταμῷ
1457 4901 1724 4976 ὕστερον

192 4969 675 5042 ἀπερρίφησαν.

191 5049 320 5107 Εἶτα
367 5052 617 5120 διέξεισιν
644 5059 674 5117 ή
710 5055 989 5130 διήγησις,
1023 5061 1090 5120 ὡς
1151 5078 1176 5110 ε
1229 5059 1329 5112 ὑπό
1379 5063 1465 5113 τὸν
1510 5061 1724 5134 χιλίαρ-

1913 5061 2129 5116 Deinde
2160 5061 2448 5132 scriptum
2478 5059 2538 5114 id
2565 5059 2928 5131 exsequitur,
2966 5078 2994 5107 «
3027 5063 3267 5114 sanctos
3310 5074 3345 5115 a
3386 5059 3488 5114 tri-

127 5151 222 5206 χον
275 5144 555 5212 ἤχθησαν,
606 5149 696 5198 καὶ
742 5144 1095 5220 ἀνακριθέντες
1143 5148 1542 5221 καθείρχθησαν
1576 5166 1590 5179 ·
1636 5152 1727 5200 καὶ

1840 5150 2002 5206 buno
2043 5149 2298 5205 militum
2361 5148 2674 5212 abductos,
2727 5153 2905 5219 atque
2955 5147 3376 5216 interrogatos,
3423 5148 3486 5203 in

127 5237 240 5278 τινα
296 5229 512 5284 Οὖέτιον
564 5232 876 5303 Ἐπάγαθον,
935 5241 1008 5286 τῶ
1072 5239 1248 5306 χρόνῳ
1311 5237 1581 5304 νεάζοντα,
1639 5241 1727 5289 καὶ

1840 5254 2136 5294 carcerem
2176 5239 2472 5310 conjectos
2513 5252 2661 5291 esse.
2708 5238 2898 5308 Atque
2929 5237 3080 5291 inter
3110 5252 3212 5292 eos
3246 5237 3484 5292 Vetium

129 5320 188 5384 τῇ
241 5321 422 5372 πίστει
480 5326 571 5374 καὶ
619 5322 770 5375 πλέον
808 5331 914 5384 τοῖς
959 5328 1121 5376 πᾶσιν
1170 5322 1390 5395 ἀγαθοῖς
1429 5334 1529 5378 τῶν
1569 5329 1727 5401 ἔργων

1840 5328 2169 5400 quemdam
2197 5326 2596 5397 Epagathum,
2621 5341 2758 5380 cum
2780 5325 2969 5381 astatis
2997 5324 3140 5380 flore
3165 5325 3485 5394 vigentem,

137 5398 456 5474 ἀκμάζοντα,
513 5419 604 5464 τοῦ
675 5412 903 5473 πλήθους
965 5413 1556 5486 ὑπεραγανακτήσαντα,
1591 5398 1727 5470 ’ἀποε

1842 5398 1967 5472 tum
1984 5415 2101 5472 fide
2121 5415 2410 5489 omnique
2431 5415 2729 5472 bonorum
2750 5430 2999 5488 operum
3023 5429 3238 5486 genere
3260 5413 3492 5487 pollen-

2459 4595 2682 4651 CAPUT
2711 4595 2870 4652 XVII.

1831 4688 1917 4743 De
1957 4686 2132 4751 Velio,
2174 4686 2408 4749 Sancto,
2452 4684 2728 4751 Pothino,
2770 4685 3144 4749 Alexandro,
3181 4684 3478 4753 Bibliade,

1904 4759 2235 4820 Blandina,
2251 4765 2303 4813 et
2321 4758 2457 4814 aliis
2484 4775 2502 4810 .·
2521 4763 2584 4811 ιιι
2607 4757 2827 4812 scilicet
2850 4763 3148 4811 certamen
3172 4773 3288 4826 pro
3313 4757 3486 4812 Chri-

1905 4829 2442 4956 stolsustinuerint,
2467 4834 2520 4885 et
2559 4827 2824 4900 deinceps
2851 4827 2912 4884 in
2939 4827 3192 4897 ﬂuvium
3222 4830 3340 4884 sint
3380 4829 3482 4884 ab-

1897 4916 1994 4971 ]ec
2023 4917 2061 4955 ι.

148 5590 160 5599 ’
199 5583 265 5632 ιη
290 5587 459 5649 Rom.
488 5598 610 5660 VIII,
637 5592 720 5650 18.
