4032 6282
539 240 687 303 1015

1839 239 2229 303 NICEPHORI
2268 239 2595 302 CALLISTI

3767 235 3909 296 1016

528 381 675 438 tem,
707 372 936 429 tantam
966 368 1411 468 multitudinem
1441 366 1660 468 abduci
1688 385 1843 444 aagre
1874 371 2100 437 tulisse,
2128 375 2170 427 e1

2293 368 2479 440 λογίαν
2530 366 2659 443 ίρεῖν
2688 382 2701 397 ⁶
2755 367 2846 421 καὶ
2904 365 2999 427 τὸν
3052 363 3214 426 καλὴν
3271 362 3545 420 ἀνειπόντα
3598 360 3903 436 ὁμολογίαν,

530 477 593 518 se
634 462 715 518 ad
753 460 1165 517 defensionem
1198 460 1603 533 perorandum
1630 476 1840 518 eorum
1871 461 2181 526 obtulisse,

528 556 708 625 atque
746 549 826 607 ob
870 555 992 606 tam
1039 549 1353 621 pulchram
1394 550 1833 623 professionem
1869 567 2009 607 cum
2047 550 2182 606 aliis

529 640 711 697 simul
736 639 1053 712 abreptum
1087 654 1235 694 esse.
1266 641 1475 695 Decem
1508 655 1649 696 vero
1674 640 1923 712 periculi
1956 638 2186 709 magni-

527 729 731 787 tudine
785 729 996 794 victos,
1050 729 1341 801 martyrio
1387 731 1758 786 renuntiasse
1810 746 1822 785 :
1866 735 1923 785 et
1964 727 2182 786 sanctis

529 818 801 877 timorem
830 819 1131 891 ingentem
1164 818 1496 891 reliquisse,
1534 818 1866 875 admodum
1909 824 2182 875 metuen-

527 908 689 965 tibus
717 914 961 981 propter
988 907 1238 965 dubium
1278 908 1457 964 futuri
1490 924 1665 964 casus
1693 909 1943 977 exitum,
1970 924 2044 964 ne
2071 907 2185 964 sci—

526 997 663 1055 licet
716 996 791 1054 de
841 1012 913 1054 eo
964 1013 1209 1070 quoque
1266 997 1765 1070 periclitarentur,
1828 1002 1890 1056 ut
1952 997 2183 1053 Christo

527 1085 889 1143 exciderent.
913 1088 1132 1143 Eorum
1153 1091 1355 1143 tamen
1377 1102 1695 1143 numerum
1724 1085 1872 1143 alios
1893 1085 2182 1159 paulatim

530 1176 883 1249 explevisse.
926 1176 1194 1247 Optimos
1236 1191 1511 1249 quosque
1551 1191 1623 1232 ex
1651 1180 1902 1249 utraque
1932 1174 2184 1233 ecclesia

526 1264 805 1335 delectos,
838 1268 896 1320 et
924 1280 1062 1321 cum
1094 1264 1459 1338 martyribus
1482 1266 1629 1338 ipsis
1658 1281 1728 1321 ex
1757 1266 2037 1335 gentibus
2066 1280 2182 1321 ser-

524 1366 637 1409 vos
688 1368 812 1409 una
862 1353 1356 1426 comprehensos,
1389 1369 1611 1427 eosque
1659 1353 1989 1424 ﬂagrorum
2040 1352 2096 1408 vi
2126 1355 2183 1409 et

524 1442 884 1500 necessitate
937 1450 1198 1506 coactos,
1252 1448 1463 1499 contra
1515 1458 1627 1499 nos
1682 1442 1996 1498 ementitos
2047 1457 2181 1498 esse

524 1532 791 1604 Thyestis
808 1548 1011 1588 coenas
1032 1537 1090 1588 et
1112 1532 1319 1605 (Εάὶρὶ
1341 1532 1715 1598 concubitus,
1740 1532 1919 1605 306
1942 1531 2180 1604 aliaque

523 1622 666 1678 item
696 1620 962 1694 plurima
998 1620 1299 1691 vulgasse,
1338 1637 1475 1695 quae
1506 1636 1701 1693 neque
1749 1623 1955 1678 auditu
1986 1635 2179 1693 neque

2294 456 2624 531 ἀνάρπαστον
2680 461 2925 531 γεγονότα
2956 472 2970 489 °
3012 452 3143 510 δέκα
3197 453 3259 511 δέ
3309 474 3453 517 τινας
3500 457 3629 529 πρὸς
3692 456 3754 506 τό
3813 456 3905 526 μέο

2290 549 2441 619 γεθος
2504 555 2603 600 τῶν
2678 545 2933 600 κινδύνων
3019 544 3501 619 ἀπαγορεύσαντας,
3583 545 3900 611 ἡττηθῆναι,

2292 641 2383 689 καὶ
2431 632 2548 698 δέος
2600 640 2849 709 μέγιστον
2888 642 2999 696 τοῖς
3030 634 3204 706 ἀγίοις
3240 633 3565 696 καταλιπεῖν,
3596 628 3820 685 δεδιόσι
3848 636 3903 687 τό

2292 733 2385 779 τοῦ
2439 724 2709 797 μέλλοντος
2758 726 2807 778 έν
2863 721 3067 796 ἀδήλῳ,
3120 728 3193 796 μὴ
3229 726 3320 776 καί⁵
3350 726 3409 775 τὸ
3460 718 3741 775 διαπεσεῖν
3772 729 3904 795 Χρι-

2296 822 2423 868 στοῦ
2472 812 2907 869 κινδυνεύσωσιν.
2951 813 3161 874 Ἀλλοις
3201 810 3261 867 δᾶ
3296 816 3383 866 τὸν
3432 810 3633 864 έκείνων
3683 809 3904 883 ἀριθμόν

2291 904 2406 956 κατ’
2445 903 2654 975 ὀλίγους
2707 904 2970 964 ἐκπλῆσαι
3001 921 3016 935 ·
3049 905 3175 957 ὤστ’
3222 905 3279 957 ἑκ
3320 910 3420 955 τῶν
3473 897 3569 955 δύο
3608 900 3902 959 ἰκκλησιῶν

2291 996 2412 1056 τοὺς
2480 990 2805 1057 σπουδαίους
2854 992 3188 1065 συλλεγῆναι,
3228 996 3320 1045 καὶ
3367 994 3490 1053 τοὺς
3537 989 3589 1053 EE
3651 990 3817 1043 έθνῶν
3853 987 3896 1044 δ’

2290 1083 2490 1145 οἰκέτας
2553 1092 2662 1147 τοῖς
2710 1086 2946 1157 μάρτυσι
3004 1081 3462 1156 συλλαμϐάνεσθαι
3495 1098 3508 1112 ⁸
3553 1080 3644 1142 ούς
3702 1084 3797 1133 καὶ
3819 1100 3899 1134 κα-

2292 1169 2652 1243 ταψεύδεσθαι
2692 1176 2887 1227 τούτων
2946 1180 3008 1246 τῇ
3068 1181 3169 1225 τῶν
3216 1175 3485 1244 μαστίγων
3534 1168 3749 1243 ἀνάγκη
3784 1186 3800 1202 ο
3838 1172 3902 1233 ὡς

2291 1266 2379 1315 καὶ
2426 1267 2679 1317 Θυέστεια
2733 1260 2921 1317 δεῖπνα
2987 1267 3077 1315 καὶ
3134 1257 3512 1323 Οἰδιποδείους
3571 1259 3770 1333 μίξεις,
3817 1264 3901 1311 καὶ

2291 1350 2398 1404 ἀλλ’
2451 1352 2586 1405 ἄττα
2624 1351 2958 1425 ἐπιφημίζειν
3016 1350 3251 1415 ἐκείνοις,
3301 1354 3389 1403 καὶ
3430 1350 3532 1403 ὅσα
3584 1350 3720 1421 μήτ’
3774 1346 3894 1421 ἀκοῇ

2290 1444 2508 1517 φορητὰ,
2559 1446 2687 1514 μήτε
2727 1441 2944 1515 γλώσσῃ
3002 1439 3133 1495 εἶναι
3185 1440 3322 1515 ῥητά
3354 1457 3367 1469 ’
3403 1437 3509 1491 ἀλλ’
3545 1438 3591 1492 εἰ
3622 1434 3770 1511 μηδί
3800 1443 3901 1490 πώ-

2289 1550 2409 1585 ποτε
2462 1532 2587 1607 παρ’
2645 1533 2937 1606 ἀνθρώποις
3011 1534 3238 1603 ὶγένοντο
3288 1534 3469 1583 πίστιν
3534 1532 3758 1601 ἔχοντα.
3808 1534 3900 1583 Ὧν

2287 1623 2669 1693 φημισθέντων,
2751 1624 2959 1686 πάντες,
3035 1625 3219 1693 φησὶν,
3312 1618 3769 1693 ἀπεθηριώθησαν
3834 1617 3901 1679 εἰς

522 1711 688 1768 dictu
709 1709 1013 1767 credibilia
1034 1715 1231 1766 essent
1263 1727 1277 1765 :
1306 1726 1501 1783 neque
1532 1710 1709 1767 etiam
1734 1726 2001 1783 unquam
2029 1712 2170 1766 inter

2287 1713 2461 1782 ἡμᾶς’
2526 1713 2661 1765 ὥστε
2707 1716 2798 1763 καὶ
2856 1714 2901 1764 εῖ
2967 1730 3091 1773 τινες
3149 1714 3395 1785 πρότερον
3466 1706 3541 1762 δι’
3598 1708 3901 1766 οἰκειότητα

523 1799 801 1857 homines
824 1800 1094 1857 admissa
1114 1806 1332 1867 essent,
1358 1800 1524 1874 quod
1551 1800 1733 1857 ﬁdem
1757 1799 2174 1856 obtinuissent.

526 1891 794 1956 Quarum
851 1904 1052 1945 rerum
1108 1890 1356 1946 infamia
1430 1889 1613 1959 vulgo
1663 1891 1909 1959 jactata,
1967 1904 2178 1945 omnes

523 1978 763 2052 (inquit)
793 1983 1003 2035 contra
1032 1994 1144 2035 nos
1192 1986 1329 2035 sunt
1368 1979 1612 2035 efferati.
1657 1980 1722 2035 Et
1749 1980 1854 2052 qui
1883 1979 2176 2035 hactenus

522 2073 767 2141 propter
778 2068 1133 2125 familiarem
1157 2068 1655 2125 consuetudinem
1669 2073 1728 2125 et
1741 2069 2177 2126 humanitatem

525 2157 956 2215 moderatiores
997 2158 1253 2225 fuerant,
1286 2174 1531 2230 gravem
1562 2159 1622 2214 in
1654 2174 1761 2215 nos
1798 2158 2177 2216 fremebundi

525 2252 885 2320 acceperunt
932 2250 1226 2305 animum.
1280 2250 1658 2321 Quapropter
1708 2249 2005 2305 cruciatus
2047 2264 2178 2306 ora-

521 2335 700 2393 tionis
718 2336 842 2393 vim
863 2352 1107 2394 omnem
1138 2342 1490 2410 superantes
1513 2337 1705 2395 sancti
1731 2344 2023 2409 martyres
2041 2352 2177 2409 per-

519 2426 808 2493 tulerunt,
859 2428 1079 2484 Satana
1126 2443 1368 2484 summo
1416 2426 1613 2484 studio
1654 2426 2070 2495 contendente,
2112 2431 2176 2485 ut

520 2514 600 2572 ab
630 2515 713 2572 eis
744 2530 987 2588 quoque
1010 2516 1405 2587 blasphemiae
1434 2515 1768 2589 quidquam
1790 2514 2171 2587 proferretur.

516 2604 818 2677 Praecipue
849 2608 1049 2661 autem
1078 2604 1474 2661 multitudinis
1506 2605 1693 2676 ipsius
1736 2610 1791 2661 et
1829 2604 2087 2661 militum
2117 2608 2174 2661 et

514 2693 788 2765 praesidis
840 2693 1003 2749 furor
1048 2694 1320 2750 incubuit
1371 2694 1432 2750 in
1481 2694 1791 2759 Sanctum,
1845 2694 2169 2750 diaconum

513 2782 913 2839 Viennensem
960 2800 974 2839 :
1015 2783 1075 2839 in
1114 2786 1427 2849 laturum,
1475 2799 1683 2839 recens
1723 2783 1967 2856 quidem
2003 2782 2171 2841 illum

509 2870 937 2939 illuminatum,
974 2871 1083 2928 sed
1114 2886 1474 2941 generosum
1508 2876 1565 2927 et
1592 2871 1808 2929 fortem
1840 2873 2169 2929 decertata-

512 2975 640 3017 rem
673 2975 688 3016 :
720 2961 783 3017 in
809 2961 1068 3017 Attalum
1091 2963 1524 3033 Pergamenum
1549 2976 1785 3031 genere.
1813 2965 2093 3019 columen
2114 2965 2172 3019 et

510 3049 957 3106 firmamentum
996 3049 1353 3107 Gallicorum
1398 3051 1609 3108 Christi
1642 3050 1912 3107 ﬁdelium
1955 3067 1969 3107 :
2016 3056 2072 3108 et
2108 3052 2168 3108 in

514 3138 892 3210 Blandinam,
922 3155 1061 3212 quas
1090 3145 1248 3196 statu
1278 3139 1523 3211 quidem
1554 3156 1728 3196 serva
1757 3140 1967 3206 fuerat,
2000 3141 2167 3210 inge-
2201 3116 2243 3174 δ

511 3226 678 3283 nium
699 3231 902 3283 autem
927 3234 984 3283 et
1006 3228 1279 3284 animum
1305 3228 1515 3285 habuit
1532 3244 1823 3301 perquam
1836 3228 2164 3285 liberalem.

509 3316 577 3372 In
602 3331 675 3372 ea
702 3317 990 3374 nimirum
1021 3317 1287 3374 exhibuit
1318 3323 1498 3389 atque
1530 3320 1974 3391 reprzesentavit
2000 3317 2169 3376 Chri-

511 3409 661 3473 stus,
686 3421 823 3478 qum
847 3405 1013 3478 apud
1038 3405 1316 3463 homines
1346 3406 1508 3472 vilia,
1542 3408 1794 3477 ingrata,
1824 3407 2165 3480 nulliusque

510 3495 664 3552 adeo
712 3495 883 3567 pretii
924 3496 1286 3560 habeantur,
1325 3511 1396 3553 ea
1437 3496 1603 3567 apud
1644 3512 1706 3553 se
1745 3497 1805 3553 in
1837 3497 2166 3555 maximum

511 3599 648 3640 esse
691 3583 1005 3649 honorem,
1052 3590 1295 3656 propter
1346 3586 1651 3655 egregiam
1700 3586 1761 3642 in
1811 3601 1877 3642 se
1924 3587 2164 3658 piorum

512 3673 854 3730 animorum
876 3672 1253 3729 affectionem
1283 3678 1338 3730 et
1365 3690 1656 3731 amorem.
1674 3674 1822 3731 Cum
1850 3674 2010 3731 enim
2032 3691 2167 3733 om-

510 3776 618 3818 nes
650 3766 1001 3825 metuerent,
1031 3762 1300 3835 horaque
1329 3762 1506 3819 etiam
1538 3764 1665 3834 ejus
1690 3763 1945 3821 carnalis
1977 3765 2165 3820 maxi-

512 3864 758 3922 mopere
768 3850 843 3906 de
859 3866 931 3907 ea
944 3855 1096 3907 esset
1111 3851 1291 3909 anxia
1306 3856 1362 3908 et
1378 3852 1627 3908 sollicita
1643 3852 1878 3925 (aderat
1901 3864 2164 3925 namque

511 3943 569 3996 et
596 3938 748 4010 ipsa,
773 3938 1002 3995 fortiter
1029 3940 1338 3997 certamini
1364 3956 1473 4014 pro
1500 3940 1729 3998 Christo
1759 3942 2160 4015 incumbens),

509 4042 586 4085 ne
616 4026 714 4084 illa
741 4036 967 4085 natura;
1006 4028 1433 4096 imbecillitate,
1471 4030 1561 4086 vel
1600 4030 1789 4087 solam
1820 4030 2163 4088 liberiorem

508 4116 944 4189 professionem
983 4132 1106 4173 non
1146 4118 1452 4189 perferret,
1484 4124 1647 4176 tanto
1679 4136 1815 4176 eam
1854 4120 2038 4176 animi
2066 4136 2165 4177 ro-

508 4205 655 4263 bore
696 4206 1097 4263 confortatam
1145 4222 1275 4264 esse
1318 4207 1582 4273 tradunt,
1636 4213 1700 4264 ut
1744 4213 2015 4274 tortores,
2058 4210 2162 4281 qui

511 4294 628 4351 sibi
660 4295 812 4352 inter
849 4312 913 4352 se
955 4295 1339 4353 succedentes
1378 4313 1413 4353 a
1445 4297 1738 4354 matutino
1780 4302 2047 4370 tempore
2082 4298 2162 4355 ad

509 4399 828 4457 vesperam
850 4400 1041 4457 usque
1067 4385 1252 4455 virgis
1277 4391 1333 4443 et
1352 4385 1609 4443 fustibus
1634 4402 1770 4443 eam
1802 4387 2157 4454 ceciderant,

508 4452 746 4530 animos
775 4452 1239 4547 desponderent,
1279 4475 1589 4548 victosque
1625 4492 1689 4532 se
1728 4452 2157 4549 proﬁterentur,
2193 4452 2238 4508 Β

509 4562 658 4636 quid
687 4578 888 4620 rerum
918 4563 1201 4635 deinceps
1229 4563 1303 4620 de
1342 4580 1413 4620 ea
1448 4572 1694 4637 agerent
1721 4565 1910 4621 dubii.
1945 4566 2157 4623 Obstu-

508 4657 818 4728 pescentes
848 4653 1087 4719 etenim,
1121 4652 1496 4710 mirabantur
1522 4654 1794 4726 spiritum
1828 4670 2073 4727 prorsus
2099 4657 2161 4712 in

508 4758 580 4801 ea
608 4757 941 4807 remanere,
969 4743 1143 4815 cujus
1167 4758 1387 4815 corpus
1414 4743 1884 4817 circumquaque
1906 4745 2161 4807 consciae

509 4848 648 4888 sum
682 4837 738 4887 et
776 4837 1048 4904 apertum
1090 4836 1264 4889 esset.
1305 4837 1373 4888 At
1414 4832 1534 4899 illa,
1580 4834 1825 4905 perinde
1872 4839 2049 4907 atque
2080 4833 2159 4891 ab

504 4921 751 4979 ineunte
787 4925 959 4977 aetate
997 4920 1424 4978 certaminibus
1454 4930 1607 4978 esset
1652 4923 1993 4987 exercitata,
2026 4939 2161 4996 per-

505 5009 767 5068 durabat
815 5025 828 5067 :
882 5010 1418 5084 laxamentumque
1460 5012 1513 5067 ei
1562 5018 1618 5067 et
1657 5013 1751 5082 (ut
1806 5012 1886 5069 ita
1934 5012 2156 5083 dicam)

503 5099 832 5157 indolentia
858 5098 1172 5172 plagarum
1194 5105 1253 5155 et
1268 5101 1639 5157 cruciatuum
1662 5106 1809 5167 erat,
1835 5101 2000 5175 quod
2024 5102 2159 5159 sub-

502 5188 645 5246 inde
696 5188 1091 5246 Christianam
1142 5204 1205 5245 se
1254 5204 1382 5249 esse
1435 5190 1851 5262 proclamaret.
1907 5192 2158 5248 Sanctus

506 5293 651 5335 vero
680 5282 739 5335 et
787 5277 916 5349 ipse
947 5283 1115 5335 tanta
1143 5279 1330 5335 animi
1363 5280 1701 5352 praesentia,
1735 5285 1791 5336 et
1822 5285 1945 5337 tam
1978 5296 2159 5351 gene-

504 5381 643 5424 rose
694 5372 749 5424 et
801 5367 1028 5425 fortiter
1074 5384 1137 5423 se
1184 5368 1569 5426 carniﬁcibus
1617 5371 1923 5441 opposuit,
1978 5370 2160 5443 pluri-

505 5470 794 5528 mamque
847 5472 1055 5513 eorum
1110 5457 1396 5515 smvitiam
1449 5463 1505 5513 et
1556 5459 1749 5530 poenis
1799 5459 2157 5515 incutiendis

507 5544 798 5619 feritatem
824 5546 976 5605 adeo
1007 5546 1329 5623 superavit,
1370 5550 1431 5604 ut
1472 5546 1690 5605 abillis
1731 5546 2153 5626 interrogatus,

2288 1798 2614 1873 έμετρίαζον,
2650 1804 2765 1853 τότε
2812 1799 3015 1872 μεγάλα
3061 1797 3403 1871 ἕχαλέπαινον
3440 1800 3528 1850 καὶ
3572 1794 3897 1869 διεπρίοντο.

2288 1892 2384 1943 Διὰ
2430 1896 2595 1941 ταῦτα
2641 1889 2877 1961 ὑπεράνω
2934 1889 3109 1948 πάσης
3164 1885 3462 1958 έξηγησεως
3504 1886 3767 1958 ὑπέμενον
3821 1903 3896 1938 κοο

2286 1977 2463 2041 λάσεις
2517 1980 2567 2031 οἱ
2624 1978 2768 2050 ἅγιοι
2822 1978 3084 2052 μάρτυρες
3140 1976 3568 2049 φιλοτιμουμένου
3655 1982 3754 2028 τοῦ
3810 1981 3893 2029 Σα-

2285 2073 2435 2134 τανᾶ,
2493 2072 2583 2120 καὶ
2635 2063 2709 2120 δι’
2764 2066 2966 2119 ἐκείνων
3002 2067 3231 2141 ῥηθῆναί
3277 2085 3328 2118 τι
3375 2074 3475 2118 τῶν
3528 2062 3890 2138 βλασφημῶν·

2284 2158 2402 2209 καθ⁹
2458 2155 2743 2230 ὑπερϐολὴν
2792 2152 2845 2209 δ’
2882 2154 3143 2227 ἐνσκῆψαι
3198 2159 3290 2213 τὸν
3336 2153 3497 2230 ὀργῆν
3546 2154 3771 2208 ἅπασαν
3807 2159 3888 2206 τοῦ

2285 2246 2448 2318 ὄχλου
2510 2250 2602 2299 καὶ
2657 2254 2755 2299 τῶν
2806 2252 3138 2318 στρατιωτῶν
3206 2249 3294 2297 καὶ
3364 2252 3457 2297 τοῦ
3523 2244 3783 2316 ἡγεμόνος
3827 2241 3890 2299 εἰς

2282 2338 2507 2408 Σάγκτον
2562 2332 2803 2388 διάκονον
2859 2333 2962 2388 ἀπὸ
3022 2338 3240 2398 Βιέννης,
3303 2338 3392 2387 καὶ
3466 2332 3539 2395 εἰς
3621 2335 3888 2407 Μάτουρον

2281 2430 2647 2496 νεοφὼτιστον,
2727 2422 2856 2476 ἀλλά
2930 2431 3161 2495 γενναῖον
3219 2422 3517 2495 ἀγωνιστήν
3554 2436 3568 2449 ⁸
3660 2426 3752 2475 καὶ
3825 2421 3889 2482 εὶς

2280 2513 2534 2568 ’Δτταλον
2571 2516 2908 2586 Περγαμηνόν
2934 2520 3006 2584 τῷ
3050 2516 3206 2584 γένει,
3250 2511 3434 2564 στῦλον
3478 2516 3569 2564 καὶ
3617 2507 3885 2584 ἑδραίωμα

2280 2612 2380 2657 τῶν
2433 2602 2597 2656 ἐκεῖσε
2643 2610 2844 2655 πιστῶν
2879 2619 2892 2633 ·
2926 2607 3017 2655 καὶ
3066 2601 3139 2665 εἰς
3192 2597 3494 2669 Βλανδίναν,
3536 2597 3733 2660 δούλην
3774 2603 3879 2673 μὲν,

2281 2690 2559 2765 έλευθέριον
2610 2687 2669 2743 δε
2723 2689 2864 2763 μάλα
2918 2688 3335 2763 προϐαλλομένην
3381 2693 3441 2743 τὸ
3488 2691 3775 2764 φρόνημα·
3805 2685 3877 2741 δι’

2280 2781 2344 2843 ἧς
2390 2782 2416 2833 ὁ
2458 2782 2649 2853 Κύριος
2696 2776 2911 2846 ἰδειξεν,
2964 2782 3033 2842 ὡς
3082 2782 3148 2833 τά
3199 2780 3322 2855 παρ’
3377 2777 3676 2851 ἀνθρώποις
3711 2777 3869 2836 εύτιλῆ

2277 2889 2333 2923 τε
2378 2874 2468 2923 καὶ
2513 2865 2655 2929 ἀηδῆ
2708 2873 2799 2921 καὶ
2857 2864 3032 2922 οὐδενὶ
3087 2868 3395 2942 λογιζόμενα
3453 2874 3709 2942 μεγίστης
3756 2866 3868 2941 παρ’

2278 2958 2421 3030 αύτῷ
2471 2955 2633 3022 δόξης
2680 2957 3048 3022 καταξιοῦνται
3103 2965 3167 3031 τῇ
3219 2962 3349 3030 πρὸς
3389 2958 3545 3011 αὑτὸν
3606 2965 3780 3031 στοργῇ
3806 2974 3856 3008 τε

2277 3053 2369 3101 καὶ
2397 3045 2633 3102 διαθέσει
2681 3063 2696 3077 ·
2735 3049 2935 3100 πάντων
2973 3050 3073 3120 γὰρ
3130 3043 3405 3113 δεδιότων,
3437 3054 3642 3108 καὶτῆς
3685 3048 3847 3117 σαρκί-

2276 3157 2364 3200 νης
2418 3142 2584 3211 ἑκείνῃ
2662 3133 2943 3199 δεσποίνης
3028 3135 3335 3209 ἀγωνιώσης
3391 3137 3577 3211 (παρῇν
3628 3137 3721 3210 γὰρ
3764 3138 3851 3186 καὶ.

2277 3228 2409 3286 αὕτη
2452 3232 2539 3280 τόν
2579 3228 2705 3296 ὑπερ
2737 3234 2975 3301 Χριστοῦ
3026 3225 3205 3299 ἀγῶνα
3259 3227 3483 3302 στερῥῶς
3532 3224 3856 3299 διαφέρουσα)

2276 3322 2347 3389 μὴ
2399 3316 2504 3388 οὑχ
2552 3318 2639 3369 οἵα
2690 3335 2744 3369 τε
2793 3320 2993 3388 γένοιτο
3040 3323 3114 3387 τῷ
3143 3324 3235 3379 τῆς
3274 3319 3475 3389 φύσεως
3529 3315 3727 3369 ἀσθενεῖ
3776 3312 3863 3366 κᾶν

2277 3410 2371 3465 τήν
2398 3406 2557 3477 ψιλὴν
2613 3404 2887 3479 ὁμολογίαν
2932 3404 3430 3481 παρρησιάσασθαι,
3489 3409 3750 3466 τοσαύτης
3784 3402 3867 3456 αύ-

2276 3500 2369 3555 τήν
2416 3497 2687 3569 ἱστοροῦσι
2734 3494 3076 3568 πληρωθῆναι
3126 3495 3340 3567 ἰσχύος,
3386 3498 3455 3557 ὡς
3492 3493 3730 3548 ἀπειπεῖν
3760 3496 3868 3555 τούς

2274 3581 2331 3636 ἔκ
2386 3579 2661 3656 διαδοχῆς
2712 3582 2766 3647 ἕξ
2840 3584 3052 3637 ἑωθινοῦ
3136 3585 3226 3646 ἕως
3292 3584 3512 3657 ἑσπέρας
3564 3584 3868 3646 κολάζοντας

2272 3670 2514 3749 ῥάϐδοις,
2546 3678 2636 3726 καὶ
2684 3678 2775 3732 τὴν
2805 3674 2967 3732 ἧτταν
2996 3673 3281 3747 ὁμολογεῖν,
3338 3678 3410 3745 μή
3459 3692 3511 3727 τι
3553 3673 3681 3727 ἄλλο
3720 3679 3868 3727 ποιεῖν

2274 3766 2508 3835 ἔχοντας,
2553 3766 2643 3815 καὶ
2694 3761 3023 3834 έμπλήκτους
3075 3759 3203 3816 εἶναι
3259 3765 3318 3816 τὸ
3373 3766 3691 3835 παραμένειν
3753 3761 3870 3822 ὅλως

2273 3855 2516 3925 ἔμπνουν,
2563 3855 2754 3914 παντὸς
2801 3859 2895 3905 τοῦ
2956 3857 3199 3924 σώματος
3248 3851 3657 3927 περιερῥωγότος
3696 3871 3747 3906 τε
3789 3854 3873 3903 καὶ

2274 3940 2619 4014 ἀνεῳγμένου.
2658 3942 2858 3999 Ἐκείνη
2892 3937 2952 3994 δὲ
2990 3943 3164 4014 ὧσπερ
3220 3939 3531 4005 ἕννεάζουσα
3554 3949 3674 4005 τοῖς
3708 3941 3871 4000 ἄθλοις

2274 4027 2575 4102 διεγεγόνει.
2634 4029 2918 4103 Ἀνακωχῆ
2976 4026 3028 4084 δ’
3089 4027 3152 4089 ἧν
3202 4035 3292 4084 καὶ
3344 4032 3448 4083 οἷον
3498 4032 3659 4103 φάναι
3724 4028 3867 4083 ἀναλ-

2270 4124 2437 4191 γησία
2496 4127 2597 4171 τῶν
2649 4118 3039 4192 συμϐαινόντων
3098 4122 3179 4187 τὸ,
3236 4122 3522 4195 Χριστιανή
3586 4120 3715 4193 εἰμι,
3762 4120 3867 4172 im-

2269 4207 2453 4281 λέγειν.
2510 4211 2739 4280 Σάγκτος
2786 4204 2847 4262 δε
2902 4213 2991 4261 καὶ
3047 4208 3202 4271 αὐτὸς
3269 4212 3532 4268 τοσαύτην
3590 4209 3867 4284 ὑπερϐολὴν

2270 4306 2375 4360 τοῖς
2436 4297 2720 4370 έπαχθεῖσι
2766 4303 2856 4352 καὶ
2913 4306 3029 4361 ταῖς
3084 4298 3350 4361 πλείσταις
3420 4298 3623 4362 αἰκίαις
3670 4295 3865 4354 ὑπέδεια

2270 4388 2370 4454 ξεν,
2430 4386 2479 4441 έν
2531 4388 2829 4442 ὑποστάσει
2875 4394 3328 4461 παραταττόμενος
3364 4398 3629 4461 γεννικῶς,
3684 4392 3751 4453 ὡς
3792 4390 3854 4460 μή

2270 4480 2427 4544 ἔθνος,
2491 4481 2561 4549 μῆ
2615 4478 2783 4543 πόλιν,
2822 4481 2891 4551 μὴ
2933 4481 3115 4550 ὄνομα,
3146 4479 3177 4538 ῆ
3234 4478 3356 4531 ἄλλο
3394 4497 3447 4531 τι
3496 4480 3627 4551 παρ’
3673 4481 3857 4533 ἅπαντα

2271 4571 2357 4620 τὸν
2396 4566 2572 4638 ἀγῶνα
2624 4566 2781 4620 εἰπεῖν
2809 4586 2822 4600 ⁸
2883 4565 3011 4620 ἀλλά
3063 4570 3193 4639 πρὸς
3246 4568 3382 4621 ἅπαν
3439 4571 3498 4621 τὸ
3547 4567 3846 4642 ἐρωτώμενον

2269 4660 2349 4722 τὸ,
2429 4660 2751 4730 Χριστιανός
2841 4656 2967 4728 εἰμι,
3072 4655 3342 4728 έπιλέγειν,
3404 4661 3592 4733 καίπερ
3675 4661 3843 4711 urbe!

2268 4743 2467 4817 ἀγεννές
2520 4765 2573 4798 τι
2611 4750 2701 4799 καὶ
2749 4743 3024 4818 ἀπόφημον
3076 4752 3193 4806 ταῖς
3243 4744 3554 4818 ὑπερϐολαῖς
3618 4757 3712 4800 τῶν
3754 4739 3846 4795 δει-

2267 4843 2364 4887 νῶν
2410 4831 2827 4909 προσδοκὼντων
2876 4832 3101 4889 ἀκούειν.
3158 4833 3311 4888 Ὅθεν
3354 4854 3444 4889 και
3488 4839 3548 4889 τό
3606 4837 3850 4910 φιλότιμον

2269 4923 2735 4998 ἀπαγορεύσαντας
2789 4930 2889 4976 τῶν
2943 4931 3149 4996 μεινῶν,
3200 4923 3487 4977 τελευταῖον
3528 4926 3738 4998 χαλκᾶς
3781 4923 3854 4976 h-

2266 5010 2426 5075 πίδας
2488 5016 2676 5075 ἱκανῶς
2725 5017 2851 5087 πυρὶ
2911 5011 3375 5088 προσωμιληκυίας
3430 5022 3538 5077 τοῖς
3614 5032 3861 5089 τρυφερω-

2268 5106 2434 5176 τέροις
2495 5110 2596 5154 τῶν
2656 5101 2819 5175 μελῶν
2871 5110 2944 5173 τῷ
2998 5104 3226 5176 μάρτυρι
3282 5104 3534 5177 ἓπιφέρειν
3573 5108 3666 5157 καὶ
3704 5120 3857 5175 προσ-

2266 5190 2472 5261 κολλᾳν.
2554 5189 2779 5245 Κάκεῖνα
2852 5193 2942 5263 μεν
3007 5189 3206 5245 έκαίετο
3270 5199 3367 5255 τῆς
3433 5196 3661 5255 κνίσσης
3718 5191 3857 5265 ἀναρ⁴

2264 5281 2487 5355 ῥεούσης
2518 5296 2531 5309 °
2591 5280 2746 5343 αὑτός
2796 5277 2856 5333 δὲ
2894 5279 3085 5352 μᾶλλον
3142 5282 3416 5354 ἄκαμπτος
3465 5278 3528 5341 ἦν
3579 5286 3673 5336 καὶ
3731 5280 3855 5334 ἀνέν-

2268 5367 2444 5434 δοτος,
2498 5368 2706 5445 στερῥός
2744 5374 2837 5429 τὴν
2888 5374 3065 5424 πίστιν
3112 5371 3213 5423 ὑπὸ
3261 5379 3356 5433 τῆς
3409 5370 3651 5447 οὐρανίου
3691 5378 3855 5442 πηγῆς

2265 5468 2361 5523 τῆς
2398 5466 2490 5512 τοῦ
2537 5455 2729 5522 ὓδατος
2786 5460 2927 5523 ζωῆς
2981 5459 3203 5524 εξιόντος
3244 5457 3613 5537 δροσιζόμενος
3657 5465 3747 5515 καὶ
3787 5479 3857 5513 εν·

2267 5544 2672 5627 δυναμούμενος.
2725 5551 2796 5604 Τὸ
2855 5545 2916 5604 δε
2948 5550 3207 5623 σωμάτιον
3256 5551 3459 5626 μάρτυς
3489 5547 3550 5611 ἦν
3599 5558 3699 5609 τῶν
3733 5568 3853 5626 συμ-
