4032 6282
572 276 719 333 ᾶΟίΩ

1766 326 1769 327 ν
1849 277 2237 335 NICEPHORI
2275 276 2596 336 CALLISTI

3742 272 3844 340 1020

574 405 743 461 omni
781 421 1026 478 prorsus
1068 407 1335 463 humano
1376 407 1636 465 destituti
1684 406 1928 464 auxilio.
1972 410 2227 463 Fuerunt

2340 406 2482 477 μύρῳ
2540 407 2641 457 τινὶ
2698 405 3006 479 κεχρισθαι,
3066 406 3136 466 ὡς
3186 408 3274 458 καὶ
3320 407 3381 458 τὰ
3428 402 3591 479 δεσμὰ
3632 403 3773 461 δοκεῖν
3794 416 3852 463 κὸ-

574 494 779 562 etiam,
811 498 911 567 qui
941 496 1075 551 licet
1119 498 1427 552 tormentis
1458 502 1633 553 antea
1682 496 1922 553 cruciati
1955 512 2076 551 non
2113 495 2227 550 fuis

577 589 729 649 sent,
765 585 939 640 simul
972 591 1153 656 atque
1175 586 1233 640 in
1264 602 1563 641 carcerem
1590 592 1727 642 sunt
1760 585 2033 656 conjecti,
2061 583 2227 656 quod

576 689 819 745 gravem
836 674 963 744 ejus
979 674 1318 746 squalorem
1332 691 1451 730 non
1468 675 1705 741 ferrent,
1720 676 2053 737 decessere.
2070 674 2227 731 Chri-

575 770 667 818 sto
696 762 838 818 Jesu
856 763 1035 819 variis
1070 770 1361 836 martyres
1390 766 1580 820 modis
1612 764 1999 835 gloriﬁcante.
2038 763 2227 819 Pothi-

572 868 687 907 nus
718 853 1054 918 autem,cui
1076 853 1486 923 Lugdunensis
1525 853 1792 909 Ecclesia
1839 854 2226 924 episcopatus

570 941 967 997 ministerium
1016 950 1140 996 erat
1188 943 1617 1012 concreditum,
1653 944 1741 997 vir
1779 941 2132 1010 imbecillus,
2166 944 2229 995 ut

569 1031 673 1103 qui
715 1031 1045 1099 nonaginta
1088 1047 1511 1103 supergressus
1538 1038 1689 1088 esset
1724 1047 1935 1097 annos,
1980 1036 2035 1086 et
2060 1034 2229 1086 natu-

571 1119 679 1174 rali
705 1120 949 1191 quidem
964 1119 1305 1176 inﬁrmitate
1324 1136 1476 1192 agre
1503 1121 1738 1192 corpori
1761 1122 2000 1176 vitatem
2016 1134 2228 1175 auram

572 1208 1001 1279 suppeditaret,
1032 1210 1241 1280 spiritu
1271 1216 1475 1265 autem
1509 1216 1748 1281 propter
1778 1210 2042 1265 obeundi
2077 1224 2229 1263 mar-

570 1296 704 1368 tyrii
731 1297 1096 1352 desiderium
1124 1303 1279 1352 esset
1303 1298 1726 1363 validissimus,
1756 1299 1833 1353 ad
1862 1298 2121 1354 tribunal
2144 1303 2230 1351 est

572 1390 926 1458 pertractus,
954 1402 1203 1459 corpore
1248 1387 1407 1443 tenui
1439 1393 1494 1443 et
1524 1388 1738 1454 soluto,
1772 1387 2019 1458 perinde
2048 1392 2229 1459 atque

572 1478 816 1533 vasculo
847 1478 1132 1549 quopiam
1164 1478 1432 1533 animam
1474 1479 1568 1533 vix
1609 1480 1888 1534 retinens.
1925 1482 2115 1550 Atque
2148 1476 2229 1532 ibi

572 1566 923 1634 consistens,
958 1582 1096 1622 cum
1132 1566 1445 1638 pulchram
1486 1566 1791 1638 professus
1826 1573 1977 1622 esset
2004 1566 2231 1638 profes-

574 1654 824 1719 sionem,
863 1671 898 1709 a
933 1655 1191 1719 tribuno,
1234 1656 1522 1727 quisnam
1562 1660 1720 1711 esset
1760 1656 2229 1713 Christianorum

2338 514 2467 567 σμον
2519 493 2746 567 εὐπρεπῆ
2806 496 3159 568 περικεῖσθαι,
3210 495 3296 548 οἶοι
3361 492 3428 554 δή
3482 515 3616 558 τινας
3659 504 3853 571 νυμφίους

2334 587 2755 656 κεκοσμημένους
2799 598 2813 612 ⁸
2862 583 3076 646 ἑαυτοὺς
3108 581 3167 637 δὲ
3214 582 3473 645 δυσειδεῖς
3507 605 3557 639 τε
3611 593 3690 640 καὶ
3734 585 3854 641 διινὸτ

2336 674 2566 738 ἄξοντας,
2634 671 3026 745 ἀσχημοσύνης
3078 673 3327 746 ἔμπλεως,
3374 680 3591 747 τιμωρὸν
3640 695 3689 729 τε
3736 696 3855 729 συνει-

2337 760 2431 826 δὸς
2476 765 2684 834 ἰχοντες
2740 768 2831 814 καὶ
2869 762 3095 820 πλῆττον
3153 766 3222 826 ὡς
3273 763 3499 835 μάλιστα
3539 781 3551 793 ·
3598 766 3659 826 ὡς
3693 764 3857 837 ἀγεννεῖς

2335 857 2424 905 καὶ
2483 847 2754 924 ἄνανδροι,
2811 848 3138 924 ἀνδροφόνων
3190 855 3281 924 μεν
3332 852 3528 925 ἔκλημα
3579 853 3754 917 ἑαυτοῖς
3799 874 3857 907 1n-

2335 942 2575 1015 ριθέντες,
2648 944 2736 998 τὴν
2812 942 3066 1013 πάντιμον
3125 937 3184 994 δε
3242 946 3590 1015 προσηγορίαν
3638 940 3859 1001 ἀποϐεϐλη-

2336 1034 2500 1095 κότες,
2556 1028 2611 1081 ἐκ
2653 1038 2749 1091 τῆς
2798 1037 2898 1081 τῶν
2947 1032 3224 1104 μαρτύρων
3278 1032 3393 1093 Θέας
3444 1032 3766 1106 ίστηρίζοντο,
3798 1038 3860 1083 καὶ

2338 1120 2515 1181 ἠξίουν
2545 1120 2882 1193 προσίεσθαι.
2917 1121 2983 1171 Οἱ
3014 1115 3065 1171 δ’
3097 1117 3345 1191 ἐδέχοντο
3384 1116 3438 1172 εὖ
3486 1121 3635 1193 μάλα,
3672 1122 3732 1193 μὴ
3762 1140 3861 1183 τινος

2338 1208 2531 1270 ἐννοίας
2586 1211 2917 1280 ἑφεπομένης.
2969 1212 3039 1260 Τὸ
3102 1206 3162 1261 δὲ
3207 1211 3337 1280 μετά
3381 1217 3530 1263 τοῦτο
3577 1210 3638 1271 εἰς
3686 1210 3860 1263 ποικίλον

2337 1300 2403 1351 τά
2450 1299 2717 1371 μαρτύρια
2755 1293 2992 1371 διηρεῖτο
3020 1315 3032 1325 ·
3081 1296 3137 1349 ἐκ
3188 1297 3485 1352 πολυανθῶν
3530 1301 3627 1375 γὰρ
3677 1304 3752 1353 καὶ
3783 1296 3861 1352 δια·

2340 1392 2505 1462 φόρων
2561 1388 2857 1460 χρωμάτων
2920 1388 3007 1439 ἕνα
3068 1390 3315 1459 στέφανον
3362 1386 3635 1455 πλέξαντες,
3676 1396 3737 1459 τῷ
3775 1396 3861 1461 X3:-

2340 1485 2444 1547 στῷ
2473 1483 2742 1550 προσῆγον
2781 1494 2795 1509 ο
2839 1472 2913 1528 δι’
2954 1476 3022 1527 ὧν
3050 1480 3108 1528 τὸ
3140 1481 3277 1549 μέγα
3323 1486 3419 1539 τῆς
3470 1478 3740 1550 ἀφθαρσίας
3776 1480 3863 1530 ἐιιί-

2342 1567 2421 1617 θεν
2507 1564 2811 1636 ἐλάμϐανον.
2891 1567 3160 1641 Μάτουρος
3388 1564 3475 1620 οὖν
3540 1573 3623 1620 καὶ
3673 1569 3862 1637 Σάγκτος,

2342 1648 2595 1706 Βλανδίνα
2652 1659 2743 1706 καὶ
2792 1652 3047 1716 Ἄτταλος
3110 1662 3221 1717 τοῖς
3285 1658 3487 1730 θηρίοις
3540 1652 3752 1729 δημοσίᾳ
3780 1654 3864 1713 imi-

575 1744 750 1809 Deus,
809 1744 1208 1813 interrogatus
1262 1761 1273 1800 :
1321 1746 1378 1799 Si
1432 1745 1671 1814 dignus,
1740 1746 1951 1817 inquit,
2022 1744 2228 1810 fueris,

2340 1761 2492 1813 γοντο
2533 1761 2546 1774 ·
2580 1748 2669 1795 καὶ
2713 1752 2786 1814 τῷ
2841 1742 3177 1820 ἀμφιθεάτρῳ
3218 1744 3460 1817 ἀγόμενοι
3505 1754 3599 1798 τῶν
3636 1748 3745 1798 ἴσων
3790 1742 3863 1796 διι-

575 1833 752 1887 scies.
788 1833 1164 1905 Quapropter
1216 1833 1531 1889 violentius
1562 1850 1804 1905 quoque
1838 1835 2037 1889 statim
2061 1850 2230 1890 acce-

572 1926 735 1992 ptus,
770 1921 981 1991 plagas
1011 1922 1161 1976 tulit.
1198 1922 1309 1987 Qui
1350 1922 1509 1977 enim
1559 1923 1808 1994 propius
1840 1922 1894 1978 ei
1926 1921 2230 1988 astabant,

576 2010 859 2066 manibus
912 2010 1290 2082 pedibusque
1335 2010 1395 2066 in
1428 2027 1567 2066 eum
1616 2011 1964 2080 insilientes,
1993 2027 2236 2067 summa

577 2098 1132 2155 contumeliacanos
1146 2103 1273 2170 ejus
1304 2099 1632 2156 affecerunt
1664 2122 1675 2165 ;
1706 2100 1809 2172 qui
1833 2116 1971 2156 vero
1994 2100 2233 2171 longius

577 2188 788 2243 remoti
825 2186 1081 2254 fuerant,
1108 2204 1485 2261 quacunque
1529 2189 1695 2245 locus
1738 2189 2239 2246 subministrabat

577 2275 714 2341 tela,
757 2276 816 2331 in
869 2292 1005 2332 eum
1048 2278 1451 2348 conjecerunt.
1504 2280 1723 2334 Omnes
1776 2279 2022 2351 quidem
2082 2283 2238 2335 certe

580 2365 869 2436 ﬂagitium
900 2382 961 2420 se
990 2372 1045 2422 et
1073 2367 1377 2439 piaculum
1406 2368 1776 2423 committere
1799 2368 2235 2434 existimarunt,

580 2455 628 2508 si
687 2455 836 2526 quid
895 2455 1224 2512 insolentia
1286 2456 1613 2526 pervicacis
1649 2463 1703 2512 et
1735 2457 2074 2528 petulantia
2108 2473 2241 2529 pro-

578 2549 748 2601 terra
814 2544 875 2599 in
943 2560 1080 2600 eum
1125 2545 1578 2601 intermitterent
1623 2562 1636 2600 :
1679 2561 1871 2617 eoque
1936 2547 2118 2602 modo
2177 2562 2241 2603 se

579 2634 725 2689 deos
790 2649 930 2688 suos
997 2634 1300 2690 vindicare
1361 2640 1740 2705 putaverunt.
1802 2636 2044 2706 Deinde,
2103 2652 2242 2692 cum

583 2739 738 2793 agre
759 2724 883 2793 jam
919 2724 1190 2795 spiraret,
1224 2724 1280 2779 in
1323 2738 1622 2780 carcerem
1653 2729 1740 2779 est
1769 2726 2073 2796 conjectus
2103 2749 2114 2782 :
2140 2726 2244 2783 ubi

578 2812 765 2867 biduo
791 2817 926 2883 post
957 2813 1232 2883 spiritum
1262 2816 1378 2868 Deo
1426 2813 1722 2869 decedens
1775 2815 2241 2884 commendavit,

579 2901 757 2956 Porro
790 2900 894 2971 qui
945 2901 1241 2957 Christum
1296 2902 1771 2973 abnegaverant,
1797 2908 1860 2958 ut
1902 2903 2154 2960 maleﬁci
2185 2906 2246 2961 in

580 2996 906 3060 martyrum
946 2991 1281 3046 custodiam
1323 2992 1599 3062 conjecti,
1624 2991 1789 3060 quod
1816 2992 2083 3048 viderent
2120 2994 2247 3049 illos

581 3078 1177 3150 quidemjucundius
1209 3080 1469 3135 relucere
1515 3096 1585 3136 ac
1622 3080 1813 3135 latius
1841 3081 2070 3146 ﬂorere,
2104 3082 2242 3139 hila-

2360 3084 2429 3146 εἰς
2489 3079 2735 3156 δευτέραν
2791 3082 3009 3156 ἅμιλλαν
3073 3084 3299 3158 ἐτηρεῖτο
3338 3102 3353 3115 ·

583 3182 803 3238 resque
830 3167 1019 3235 gloria
1043 3174 1100 3223 et
1123 3168 1317 3238 gratia
1348 3169 1747 3233 abundantes.
1771 3185 1882 3225 nec
1914 3186 2034 3225 non
2058 3172 2250 3228 suavi-

587 3260 765 3312 tatem
798 3256 1000 3312 odoris
1041 3258 1257 3313 Christi
1295 3258 1653 3322 redolentes,
1694 3265 2001 3330 unguento
2028 3260 2251 3317 scilicet

588 3346 880 3418 quodam,
911 3347 1080 3402 sicuti
1123 3347 1428 3402 nonnullis
1461 3348 1651 3403 visum
1678 3352 1785 3417 est,
1816 3349 1897 3404 ita
1928 3348 2245 3415 delibutos,

586 3441 651 3490 ut
684 3435 925 3491 vincula
969 3452 1200 3502 eorum,
1234 3438 1411 3509 quasi
1451 3442 1833 3509 comptorum
1886 3454 2249 3510 sponsorum

582 3530 858 3581 ornatum
895 3525 1205 3581 decentem
1236 3542 1356 3597 pra
1390 3542 1449 3582 se
1472 3526 1692 3582 ferrent
1733 3543 1746 3581 :
1781 3527 2012 3598 seipsos
2044 3534 2248 3585 autem

584 3614 883 3670 deformes
905 3631 974 3669 ac
1003 3616 1155 3672 male
1178 3615 1403 3671 olentes
1449 3617 1804 3689 probrisque
1846 3618 2090 3685 obsitos,
2122 3620 2247 3675 vin-

586 3703 902 3775 dicemque
932 3704 1086 3760 intra
1133 3721 1194 3760 se
1234 3710 1289 3760 et
1332 3706 1674 3761 carniﬁcem
1722 3708 2147 3764 conscientiam
2187 3708 2247 3765 in

588 3792 809 3846 animis
852 3799 1123 3862 gerentes
1167 3794 1309 3865 :qui
1354 3794 1621 3850 videlicet
1667 3800 1728 3850 ut
1779 3794 2093 3852 illiberales
2142 3814 2246 3870 pa-

589 3896 846 3953 rumque
874 3882 1085 3951 viriles,
1132 3882 1441 3939 homicidii
1467 3884 1582 3939 sibi
1605 3884 1752 3955 ipsis
1775 3886 1998 3941 crimen
2027 3885 2249 3958 impin-

589 3975 815 4038 gentes,
841 3972 1114 4026 omnium
1146 3972 1711 4042 prastantissimum
1749 3989 1970 4029 nomen
2009 3976 2250 4046 rejecis-

593 4063 723 4113 sent
767 4075 780 4113 :
823 4074 895 4114 ex
931 4066 1263 4132 martyrum
1331 4065 1655 4133 conspectu
1707 4063 2245 4130 conﬁrmabantur,

591 4162 773 4219 seque
805 4148 882 4203 ab
935 4150 1017 4204 eis
1065 4149 1247 4221 recipi
1306 4150 1620 4221 rogabant.
1656 4156 1847 4223 Atque
1878 4152 1957 4207 illi
1997 4168 2099 4209 eos
2127 4170 2248 4211 non

593 4240 855 4305 gravate.
879 4237 1107 4293 nullam
1136 4253 1385 4308 prorsus
1415 4240 1814 4309 suspicionem
1854 4241 2145 4313 reliquam
2168 4243 2250 4300 fa-

595 4325 837 4391 cientes,
894 4333 1303 4398 susceperunt.
1361 4330 1440 4384 Ex
1500 4344 1572 4383 eo
1639 4336 1902 4400 tempore
1960 4333 2250 4403 martyria

594 4416 755 4469 varie
798 4422 935 4471 sunt
988 4416 1183 4472 divisa
1241 4427 1420 4490 atque
1476 4417 1771 4475 distincta.
1828 4422 1907 4476 Ex
1966 4420 2251 4478 multifor-

594 4504 794 4559 mibus
844 4520 1109 4577 namque
1150 4510 1205 4561 et
1261 4507 1716 4563 versicoloribus
1770 4507 2020 4564 ﬂoribus
2086 4526 2252 4567 coro-

593 4608 737 4648 nam
817 4593 901 4650 illi
983 4601 1264 4661 texentes,
1346 4597 1576 4651 Christo
1665 4612 1800 4653 eam
1882 4597 2248 4667 obtulerunt,

595 4682 774 4754 309
805 4689 861 4737 et
894 4683 1224 4739 maximum
1257 4682 1402 4740 illud
1451 4685 1910 4743 immortalitatis
1935 4690 2251 4759 pramium

593 4778 962 4842 receperunt.
993 4775 1254 4828 Maturus
1294 4774 1542 4845 quidem
1574 4783 1629 4830 et
1657 4777 1927 4842 Sanctus,
1965 4777 2255 4837 Blandina

593 4864 649 4916 et
686 4860 931 4927 Attalus,
955 4861 1012 4915 id
1046 4862 1353 4931 publicum
1380 4864 1673 4934 produeti,
1700 4868 1756 4919 et
1793 4865 1853 4919 in
1884 4866 2256 4936 amphithea-

592 4953 682 5005 tro
710 4949 913 5005 bestiis
967 4950 1206 5022 objecti,
1234 4952 1477 5008 eosdem
1502 4960 1637 5008 sunt
1683 4969 1938 5025 angores
1980 4958 2205 5027 experti
2239 4977 2252 5016 :

594 5039 990 5111 plurimisque
1023 5041 1331 5096 tormentis
1357 5044 1669 5113 superatis,
1708 5044 1952 5099 tandem
1978 5045 2038 5098 in
2069 5045 2259 5119 sedilli

593 5129 804 5191 ferreo,
838 5129 933 5183 cui
978 5129 1130 5200 ignis
1164 5136 1319 5185 esset
1366 5131 1732 5203 suppositus,
1778 5140 1916 5187 sunt
1956 5133 2256 5201 collocati,

594 5218 697 5273 ubi
728 5234 797 5273 ex
833 5219 1187 5290 corporibus
1218 5236 1425 5275 eorum
1451 5220 1679 5275 adustis
1705 5221 2103 5292 nidoringens
2128 5224 2257 5279 red-

593 5307 770 5370 ditus,
821 5307 1129 5363 carniﬁces
1176 5309 1515 5381 complevit.
1562 5310 1668 5370 Qui
1724 5316 1947 5366 tantum
2000 5328 2071 5367 ex
2112 5329 2257 5369 con-

595 5397 814 5451 stantia
854 5404 1185 5469 martyrum
1232 5414 1557 5470 concepere
1601 5398 1891 5458 dolorem.
1924 5404 1989 5455 ut
2030 5404 2257 5473 patien-

595 5483 738 5539 tiam
786 5483 1020 5540 illorum
1088 5491 1375 5558 tanquam
1426 5487 1594 5543 furtis
1642 5487 1849 5558 agitati
1899 5505 2254 5561 exsuperare

599 5572 1041 5647 contenderent.
1095 5579 1175 5631 Ac
1226 5576 1479 5633 Sanctus
1536 5576 1783 5651 quidem
1840 5582 1895 5635 et
1951 5578 2243 5639 Maturus.

2340 1840 2437 1884 νῶν
2466 1837 2556 1883 καὶ
2598 1828 2753 1893 αὖθις
2805 1840 3070 1906 μετεῖχον.
3136 1839 3236 1887 Καὶ
3275 1831 3416 1895 δῆτα
3462 1831 3552 1887 διὰ
3579 1834 3793 1887 πλείστων
3816 1832 3865 1885 ἱλ-

2346 1924 2527 1983 θόντες,
2562 1926 2651 1974 καὶ
2705 1921 2789 1974 ἐπὶ
2842 1927 2936 1981 τὴν
3009 1920 3237 1998 σιδηρᾶν
3303 1920 3562 1997 καθέδραν
3616 1922 3817 1995 ἀνήγοντο
3852 1942 3862 1955 ·

2342 2011 2425 2084 ὑφ’
2484 2012 2542 2072 ἧς
2601 2011 2986 2083 τηγανιζόμενα
3048 2014 3114 2064 τὰ
3182 2017 3422 2086 σώματα,
3473 2018 3681 2075 κνίσσης
3731 2011 3865 2069 αὐτοὺς

2344 2100 2564 2173 ἐνεφόρει
2593 2100 2804 2162 πολλῆς.
2851 2103 2917 2153 Οἱ
2963 2098 3022 2154 δὲ
3077 2110 3326 2156 τοσοῦτον
3365 2102 3574 2174 ἤλγουν,
3620 2096 3682 2163 ὡς
3719 2106 3787 2153 καὶ
3818 2122 3865 2151 νι-

2345 2197 2439 2261 κᾴν
2496 2187 2779 2263 βούλεσθαι
2843 2195 2934 2248 τὴν
2999 2192 3265 2263 ὑπομονήν
3329 2192 3417 2244 οἵα
3479 2197 3759 2264 μαινόμενοι.
3814 2188 3863 2241 Δι’

2348 2279 2546 2348 ἀγῶνος
2598 2283 2769 2332 τοίνυν
2835 2279 3062 2351 μεγάλου
3125 2280 3376 2347 ἑλθόντίς,
3438 2288 3644 2354 Σάγκτες
3679 2284 3749 2332 καὶ
3788 2274 3863 2331 Mi-

2347 2389 2532 2443 τουρος
2580 2366 2662 2421 ἐπὶ
2712 2376 2804 2429 τῆς
2864 2370 3055 2441 ἡμέρας
3106 2368 3303 2433 ἐκείνης
3352 2368 3701 2430 ἑτύθησαν.Ἦ
3731 2371 3861 2439 γεμῆτ

2348 2455 2637 2513 Βλανδίλλα
2686 2465 2759 2527 τῷ
2823 2456 2957 2529 ξύλῳ
3008 2455 3341 2526 διαταθεῖσα,
3401 2459 3534 2535 βορὰ
3584 2467 3675 2519 τοῖς
3720 2460 3861 2530 θηρίοις

2349 2552 2625 2620 προῦκειτο
2659 2564 2670 2576 ·
2700 2551 2790 2599 καὶ
2828 2550 2883 2599 τό
2918 2556 3112 2620 σχῆμα
3164 2556 3263 2600 τοῦ
3304 2545 3381 2602 δι’
3425 2550 3582 2609 αὐτὴν
3619 2546 3859 2617 σταυρωθέν-

2350 2657 2440 2699 τος
2491 2643 2751 2702 τυποῦσα,
2821 2636 3013 2696 πολλὴν
3081 2645 3190 2701 τοῖς
3254 2645 3655 2710 σνναγωνισταῖς
3705 2640 3857 2707 παρεῖχε

2351 2732 2446 2786 τήν
2499 2728 2817 2799 προθυμίαν,
2878 2723 2973 2779 διὰ
3013 2735 3106 2788 τῆς
3144 2724 3376 2801 ἀδελφῆς
3409 2733 3467 2782 τό
3505 2737 3590 2781 τοῦ
3626 2727 3853 2796 ποθουμένου

2356 2824 2550 2888 σχῆμα
2596 2814 2883 2888 βλέπουσιν
2912 2833 2926 2846 ’
2970 2814 3019 2867 ἓν
3050 2824 3225 2887 ταυτῷ
3275 2814 3334 2870 δι
3381 2821 3644 2881 πείθουσα,
3676 2820 3740 2868 καὶ
3770 2809 3849 2870 ὼςδ

2354 2907 2481 2977 ὑπερ
2536 2912 2626 2966 τῆς
2676 2912 2913 2978 Χριστοῦ
2964 2902 3125 2968 δόξης
3180 2908 3360 2959 παθὼν
3417 2914 3638 2961 κοινωνεῖ
3677 2911 3751 2962 τοῖς
3778 2901 3842 2950 πέ⁹

2360 2998 2473 3048 θεσι
2511 3002 2583 3065 τῷ
2620 2994 2777 3054 ζῶντι
2829 3002 2963 3065 Θεῷ.
3004 3002 3115 3048 Τῶν
3164 2993 3252 3048 οὖν
3312 2998 3508 3072 θηρίων
3556 3000 3620 3070 μή
3644 2992 3825 3067 ἀμμέων

3403 3089 3474 3148 ὡς
3520 3085 3577 3139 ἀν
3619 3081 3678 3136 διὰ
3702 3074 3825 3129 πολλῶν

2359 3177 2449 3225 καὶ
2510 3171 2757 3225 ποικίλων
2819 3175 2905 3224 τὸν
2972 3173 3176 3226 σκολιὸν
3242 3176 3574 3235 ἒκνικήσασα
3618 3177 3702 3243 ὄφιν,
3744 3178 3831 3236 προ·

2358 3269 2523 3337 τροπῇ
2580 3268 2689 3323 τοῖς
2738 3259 2978 3333 ἀδελφοῖς
3018 3265 3096 3321 ε’ίη
3145 3264 3175 3321 ἡ
3231 3267 3440 3337 σμικρά
3497 3284 3551 3319 τε
3599 3266 3661 3315 καὶ
3689 3252 3839 3311 εὐτελὲς,

2359 3354 2516 3423 μέγαν
2566 3354 2655 3401 καὶ
2705 3348 3127 3421 ἀκαταγνιώστον
3182 3349 3418 3411 ἀθλητὴν
3476 3356 3561 3405 τόν
3602 3347 3766 3423 Χριστὸν
3793 3355 3847 3388 ιε’

2358 3442 2609 3510 κτημίνη,
2664 3434 2759 3490 διὰ
2812 3437 3010 3491 πολλῶν
3065 3439 3263 3514 κλήρων
3322 3444 3417 3494 τόν
3484 3440 3762 3507 ἀντικείμενον
3799 3425 3852 3478 ὲκ·

2359 3527 2612 3597 ϐιασασα,
2653 3531 2743 3579 καὶ
2783 3523 2855 3579 δι’
2915 3526 3113 3599 ἀγῶνος
3148 3529 3379 3601 μεγάλου
3417 3534 3476 3584 τό
3532 3537 3615 3591 τῆς
3646 3521 3854 3597 ἆγθιρσίαε

2360 3621 2541 3689 στέφος
2570 3616 2861 3689 ἁρπάσασα
2901 3634 2915 3647 '
2973 3616 3056 3670 ἐπὶ
3118 3615 3179 3671 δε
3234 3622 3402 3693 ταύτῃ
3445 3622 3472 3673 ὁ
3513 3614 3726 3673 ’Δτταλος
3753 3613 3855 3693 ἧῚίξο

2357 3716 2430 3777 τῷ
2491 3705 2820 3780 ἀμφιθεάτρῳ
2883 3710 3099 3769 πίνακος
3170 3689 3585 3782 προηγουμένου,
3650 3708 3777 3755 ταῦτα
3810 3689 3854 3782 (li

2357 3776 2610 3866 λέγονται,
2665 3776 2832 3857 Οὗτός
2884 3797 3027 3848 ἔστιν
3068 3776 3328 3859 ’Ἄτταλος
3356 3800 3384 3851 ό
3417 3776 3729 3873 ’Χριστιανός
3759 3776 3859 3843 ἧνδί

2358 3894 2457 3938 τῶν
2488 3884 2758 3956 ἐπισήμων
2799 3883 2950 3959 ἀνὴρ,
3003 3882 3307 3945 συνείδησίν
3362 3907 3419 3941 τε
3474 3887 3723 3962 ἐρρωμένην
3752 3879 3858 3946 ἕχον,

2358 3979 2581 4035 καὶτοῖς
2618 3976 2753 4026 κατά
2807 3976 3032 4048 Χριστὸν
3089 3978 3158 4037 ὡς
3201 3977 3343 4049 μάλα
3404 3974 3772 4049 τεγυμνασμένος

2358 4063 2439 4117 ἀεὶ
2509 4065 2709 4136 μάρτυς
2772 4061 3016 4126 ἀληθείας
3058 4069 3147 4120 ὤν.
3208 4048 3535 4140 Σφριγῶντοςγ
3568 4061 3612 4118 δ’
3664 4060 3725 4113 ἔπ’
3766 4048 3859 4115 αὐτῷ

2359 4161 2451 4207 τοῦ
2509 4150 2706 4225 δήμου,
2746 4160 2927 4206 τοῦτον
2979 4158 3043 4215 ὡς
3088 4154 3337 4227 Ῥωμαῖον
3370 4158 3397 4207 ὀ
3428 4157 3626 4227 ἡγεμὼν
3658 4155 3708 4221 τῇ
3738 4141 3858 4214 εἰριτρ

2362 4242 2650 4314 συγκλείειν
2702 4240 2979 4308 ἐκέλευσεν,
3044 4244 3137 4306 ἓως
3198 4241 3257 4297 οὗ
3316 4254 3391 4315 τῷ
3450 4248 3665 4315 Καίσαρι
3705 4235 3790 4306 περί
3827 4242 3861 4321 τί

2362 4331 2521 4384 αὐτοῦ
2569 4335 2658 4385 καὶ
2715 4339 2814 4384 τῶν
2860 4331 3050 4385 λοιπῶν
3103 4331 3381 4404 ἀνενέγκοι.
3446 4335 3528 4387 Ἐν
3576 4331 3717 4397 τούτῳ
3754 4317 3795 4373 δι
3830 4332 3860 4365 οί

2361 4425 2609 4493 πρότερον
2673 4428 2735 4493 τῇ
2795 4419 3013 4496 ἀρνήσει
3072 4426 3243 4497 νεκροὶ
3298 4425 3357 4475 τὸ
3420 4428 3615 4493 πνεῦμα
3656 4422 3732 4474 τῆς
3774 4411 3858 4470 ζθέῖ

2365 4508 2707 4583 ἀνελάμϐανον
2768 4524 2781 4539 ⁶
2849 4514 2939 4562 καὶ
2995 4511 3103 4573 ξοῦς
3157 4515 3361 4587 νεκροὺς
3438 4512 3686 4584 iga-P9“,
3739 4497 3855 4590 τσῦῗθῗ

2366 4599 2563 4661 ζῶντας
2594 4601 2625 4658 ἦ
2682 4604 2854 4672 μήτηρ
2882 4596 3097 4672 ἒδέχετο
3117 4615 3131 4631 ⁶
3186 4605 3275 4654 καὶ
3328 4601 3673 4673 ἐγλυκαίνοντο
3697 4592 3771 4645 ὑπὸ
3797 4599 3851 4632 τον

2365 4693 2437 4762 μὴ
2490 4688 2718 4751 θέλοντος
2765 4692 2851 4741 τὸν
2903 4691 3119 4742 θάνατον
3162 4698 3254 4743 τοῦ
3297 4690 3601 4765 ἀμαρτωλοῦ
3646 4702 3660 4716 ⁸
3695 4684 3850 4769 κάκρῖί

2364 4782 2424 4831 τὸ
2473 4780 2654 4830 παθεῖν
2712 4776 3133 4853 ἀνερράισθησαν,
3205 4786 3305 4833 Καὶ
3362 4782 3464 4852 γὰρ
3529 4774 3790 4850 γραμμάτια
3822 4773 3855 4808 εκ

2367 4874 2459 4921 τοῦ
2494 4872 2758 4940 Καίσαρος
2810 4871 3292 4941 καταπεμφθέντων,
3352 4872 3467 4923 ὅσοι
3505 4866 3632 4927 ἦσαν
3676 4857 3861 4944 Ῥωμαῖαι

2366 4965 2428 5031 τῇ
2465 4954 2558 5009 διὰ
2614 4956 2785 5029 ξίφους
2823 4958 3083 5029 ὑπήγοντο
3134 4959 3339 5032 τελευτῇ
3374 4976 3386 4990 ·
3416 4961 3466 5012 οἰ
3520 4954 3577 5010 δι
3625 4954 3787 5026 θηρίοις
3810 4953 3865 4990 ³⁸³

2367 5046 2541 5107 ἄλλοις
2568 5053 2666 5097 τῶν
2712 5042 2891 5098 δεινῶν
2934 5046 3327 5121 παρεϐάλλοντο.
3386 5055 3586 5122 Πρῶτοι
3637 5040 3690 5095 δι

2368 5137 2416 5187 οἰ
2467 5134 2732 5207 μεταμέλῳ
2784 5137 3117 5209 χρησάμενοι
3169 5142 3415 5212 πρότερον
3482 5128 3864 5215 ἀνητοίζοντοᾶελῖ

2368 5220 2518 5285 πίδος
2570 5224 2965 5287 ὑποσαινούσης
3032 5210 3243 5288 τούτους
3307 5224 3452 5288 αὖθις
3505 5226 3643 5279 ἑλεῖν.
3700 5210 3802 5303 Ἀλλ’
3838 5210 3864 5303 if

2365 5317 2454 5385 μεν
2502 5320 2574 5384 τῷ
2627 5312 2801 5386 κλήρῳ
2840 5322 2939 5365 τῶν
2983 5318 3259 5391 μαρτύρων
3311 5318 3575 5369 ᾶτάττοντο
3610 5330 3621 5343 ’
3651 5309 3739 5364 εἰσὶ
3777 5299 3865 5357 δὶεί

2365 5406 2454 5454 καὶ
2491 5410 2586 5463 τῆς
2636 5401 2889 5463 ἀπωλείας
2938 5408 3156 5457 κατόπιν
3220 5406 3343 5464 ἧκον
3378 5426 3390 5439 ·
3446 5403 3496 5456 οἳ
3554 5400 3618 5461 δι)
3659 5395 3815 5459 ἀνάξιοί
3837 5404 3867 5443 τί

2366 5487 2499 5549 ἦσαν
2555 5495 2646 5543 καὶ
2721 5489 3033 5565 ἀστήρικτοι
3118 5499 3235 5571 περὶ
3288 5499 3380 5554 τήν
3446 5490 3568 5547 ὁδὸν
3631 5487 3868 5573 βλοισφῆξπςίιξι

2364 5582 2591 5656 ἔχοντες.
2657 5586 2741 5654 Τῷ
2787 5576 2847 5635 δε
2900 5567 3192 5658 καταλόγῳ*
3228 5591 3326 5639 τῶν
3362 5585 3627 5660 παρτύρων
3675 5579 3749 5630 καὶ
3778 5567 3868 5633 Ἂλέ·
