4032 6282
200 302 335 359 1021

1222 297 1800 354 ECCLESIASTICIE
1839 296 2205 356 HISTORle
2247 299 2377 355 LIB.
2418 299 2507 356 IV.

3441 298 3582 357 1022

195 424 427 503 ξανδρος
480 425 773 500 ἠριθμεῖτο,
842 424 1078 497 ἰατρικῆς
1146 426 1236 496 μὶν
1289 426 1551 499 ἔμπειρος,
1604 431 1709 485 τοῖς
1762 426 1805 477 ἓν

1918 426 2243 481 certamine
2271 430 2437 482 tanto
2460 426 2645 491 obito,
2681 440 2751 483 eo
2780 425 2876 482 die
2902 441 3143 483 cursum
3160 442 3337 483 suum
3366 427 3570 483 absol-

196 516 447 577 Γαλλίαις
496 535 551 568 τε
597 521 733 568 πᾶσι
779 519 1100 587 καταφανὴς,
1162 514 1253 566 ἅτε
1307 511 1373 573 δὴ
1419 514 1609 573 πολλήν
1644 533 1697 566 τε
1720 513 1812 565 λό-

194 625 298 678 γου
352 604 654 680 παῤῥησίαν
692 601 1128 677 προϐεϐλημένος,
1173 607 1263 655 καὶ
1319 612 1415 665 τῆς
1463 602 1812 659 ἀποστολικῆς

191 696 293 748 οὐκ
349 696 571 768 ἄμοιρος
624 696 894 765 χάριτος·
959 697 1235 765 παρεστὼς
1284 694 1385 766 γὰρ
1443 700 1515 763 τῷ
1586 690 1811 765 βήματι,

187 790 293 838 καὶ
322 786 538 855 νεύματι
591 786 711 843 τοὺς
748 783 1019 856 μάρτυρας
1074 789 1373 855 παρορμῶν,
1417 778 1571 841 δῆλος
1623 777 1683 838 ἧν
1721 780 1811 831 καὶ

188 872 355 935 αὐτὸς
407 874 581 944 ὥσπερ
623 868 822 923 ὠδίνων
873 874 995 932 τούς
1056 870 1247 932 ἄθλους
1289 887 1301 898 ·
1367 870 1539 941 ἀμέλει
1593 889 1669 922 τοι
1720 868 1811 920 καὶ

194 966 506 1035 καταφανὴς
565 967 672 1022 τοῖς
727 965 846 1035 περὶ
899 964 986 1012 τὸν
1046 957 1308 1019 δικαστὴν
1366 959 1556 1012 ἑστῶσι
1607 962 1808 1030 γενόμε-

193 1072 305 1117 νος,
360 1055 450 1104 καὶ
507 1052 863 1123 κατακριθεὶς,
899 1054 991 1102 σὺν
1042 1050 1274 1121 ’Δττάλῳ
1319 1051 1585 1122 περιήχθη
1624 1050 1810 1120 θηρσὶν

193 1138 425 1194 ὀδόντων
480 1141 821 1211 ἑπαφεθῆναι.
879 1135 1122 1199 Μηδενὸς
1203 1136 1291 1191 οὖν
1348 1136 1521 1191 δεινοῦ
1586 1139 1809 1192 ἐντεῦθεν

190 1238 378 1304 πεῖραν
452 1230 515 1281 ἐπ
566 1232 835 1301 σθημίνοι,
898 1225 993 1281 διὰ
1043 1228 1246 1281 πολλῶν
1300 1228 1508 1299 ἀγώνων
1580 1230 1807 1297 ἧκοντες,

190 1322 496 1392 τοῦσχατον
528 1320 786 1377 ἑτύθησαν
817 1323 908 1371 καὶ
940 1318 1069 1369 αὐτο
1101 1322 1148 1369 ί·
1169 1319 1322 1389 ὸαμεν
1341 1313 1679 1389 Ἀλέξανδρος
1706 1336 1810 1387 μη-

192 1407 283 1463 δὲν
315 1409 358 1462 εἰ
383 1414 450 1460 ὡν
483 1428 496 1441 ο
526 1406 780 1466 Ἀτταλος
813 1404 892 1472 δε,
922 1416 994 1478 τῷ
1034 1406 1118 1458 ἐπὶ
1153 1415 1256 1468 τῆς
1291 1404 1521 1480 σιδηρᾶς
1554 1403 1809 1479 καθέδρας

190 1496 519 1562 έκκαίεσθαι,
566 1502 657 1554 τῆς
712 1492 871 1545 αὐτοῦ
927 1496 1147 1552 κνίσσης
1211 1490 1617 1565 ἀναφερομένης,
1658 1500 1809 1543 τοῦτο

190 1589 350 1658 μόνον
407 1583 679 1654 Ῥωμαῖκῇ
733 1589 871 1653 φωνῇ
946 1580 1186 1647 ἐπειπὼν,
1264 1578 1412 1634 Ἰδού
1466 1585 1617 1633 τοῦτό
1668 1578 1810 1633 ἔστιν

192 1675 503 1747 ἀνθρώπους
576 1670 791 1737 ἐσθίειν,
869 1671 996 1744 ὅπερ
1056 1671 1206 1742 ὑμεῖς
1262 1677 1475 1724 ποιεῖτε.
1530 1669 1704 1742 Ἡμεῖς
1750 1667 1810 1721 δε

1919 520 2149 580 verunt,
2185 521 2240 570 et
2298 514 2496 584 gladio
2546 516 2704 580 cmsi,
2754 515 2935 571 veluti
2985 516 3238 571 victima:
3286 519 3403 571 Deo
3435 521 3573 573 sunt

1919 602 2126 658 oblati.
2162 603 2449 659 Blandina
2478 610 2676 659 autem
2717 606 2777 660 in
2819 604 3017 675 stipite
3049 605 3324 669 distenta,
3368 605 3571 661 bestiis

1919 706 2060 747 esca
2097 699 2184 748 est
2223 694 2531 765 proposita
2568 711 2580 748 :
2623 694 2958 767 faciemque
2990 694 3261 765 supplicii
3298 695 3426 765 ejus
3465 694 3569 767 qui

1919 795 2029 851 pro
2050 797 2120 836 ea
2137 787 2222 836 est
2248 782 2565 837 cruciﬁxus
2595 782 2872 847 referens,
2902 799 3185 851 magnam
3208 790 3572 839 concertato-

1914 870 2084 926 ribus
2115 871 2236 925 suis
2276 871 2466 926 attulit
2504 872 2687 927 animi
2721 871 3105 938 alacritatem,
3140 872 3202 927 in
3229 888 3429 928 sorore
3462 889 3570 928 sua

1917 959 2190 1015 habitum
2224 966 2278 1016 et
2314 961 2568 1017 formam
2607 962 2865 1031 exoptati
2892 962 3049 1017 illius
3086 962 3563 1033 inspicientibus.

1921 1051 2113 1113 Quare
2152 1048 2297 1104 illud
2344 1066 2584 1120 quoque
2616 1050 2953 1114 exhibebat,
2997 1066 3067 1105 ac
3105 1049 3285 1105 veluti
3318 1066 3561 1120 persua-

1917 1136 2118 1202 debat,
2152 1139 2252 1210 qui
2316 1153 2423 1209 pro
2477 1139 2685 1193 Christi
2732 1137 2920 1209 gloria
2945 1139 3221 1209 patiatur,
3255 1155 3393 1195 eum
3426 1155 3563 1210 pas-

1919 1225 2192 1281 siooibus
2221 1228 2571 1299 participem
2621 1244 2750 1283 esse
2808 1228 3057 1283 viventis
3099 1228 3218 1283 Dei.
3260 1228 3372 1283 Sed
3405 1229 3564 1283 enim

1918 1330 2058 1370 cum
2083 1315 2285 1371 bestia;
2314 1332 2449 1371 eam
2479 1331 2601 1371 non
2632 1316 3005 1387 attingerent,
3034 1318 3109 1372 ad
3143 1318 3325 1372 alium
3375 1332 3565 1372 reser-

1917 1409 2059 1458 vata
2083 1409 2168 1458 est
2196 1420 2471 1476 agonem,
2506 1412 2568 1461 ut
2598 1405 2775 1462 simul
2800 1410 2857 1461 et
2888 1405 3088 1462 multis
3121 1407 3418 1477 variisque
3448 1406 3568 1461 col-

1918 1492 2343 1549 luctationibus
2382 1494 2618 1550 devicto
2663 1495 2945 1566 perplexo
2978 1495 3076 1550 illo
3122 1502 3413 1568 serpente,
3448 1510 3568 1550 cer-

1919 1586 2048 1637 tum
2100 1585 2431 1638 constantis
2484 1582 2839 1640 fortitudinis
2899 1585 3242 1656 exemplum
3282 1585 3563 1640 fratribus

1917 1670 2103 1741 ﬁeret,
2131 1672 2262 1727 vilis
2288 1673 2418 1743 ipsa
2460 1678 2513 1729 et
2548 1674 2878 1739 imbecillis,
2912 1680 2968 1729 et
2998 1675 3282 1729 invictum
3333 1675 3568 1730 habens

192 1768 315 1818 οὔτε
367 1762 673 1836 ἀνθρώπους
745 1758 1010 1831 ἐσθίομεν,
1077 1764 1195 1812 οὔτε
1260 1761 1427 1832 ἕτερον
1482 1778 1533 1810 τι
1584 1761 1805 1832 πονηρὸν

1916 1767 2428 1834 propugnatorem
2442 1763 3133 1836 Christum,diversisque
3152 1763 3563 1820 adversarium

191 1854 523 1927 πράσσομεν,
596 1848 967 1921 Ἐρωτώμενος
1048 1844 1107 1901 δε
1180 1854 1270 1901 καὶ
1347 1852 1399 1899 τί
1480 1852 1641 1920 ὄνομα
1695 1850 1808 1918 ἔχει

194 1944 220 1996 ὁ
264 1944 415 2007 Θεὸς,
470 1941 647 2013 φάναι,
691 1937 751 1991 Ὀ
792 1943 923 1999 Θεὸς
979 1942 1141 2010 ὄνομα
1186 1938 1284 1989 οὐκ
1323 1940 1435 2009 ἔχει
1493 1939 1557 1998 ὡς
1606 1938 1806 2010 ἄνθρω-

188 2054 306 2096 πος.
351 2032 469 2087 Ἐπὶ
504 2027 562 2083 δι
591 2032 793 2089 τούτοις
822 2034 967 2082 πᾶσι
998 2037 1061 2101 τῇ
1094 2037 1194 2081 τῶν
1215 2037 1557 2101 μονομαχιῶν
1598 2027 1802 2100 ἐσχάτῃ

190 2125 364 2195 ἡμέρᾳ
415 2122 547 2193 μετά
603 2125 858 2172 Ποντικοῦ
946 2114 1238 2192 παιδαρίου
1293 2120 1417 2170 ὡσεὶ
1470 2116 1595 2170 έτῶν
1670 2116 1725 2169 ιε’
1772 2118 1802 2174 ἠ

191 2215 403 2284 γενναία
456 2204 717 2261 Βλανδίνα
776 2206 929 2277 εἰσήγ
954 2226 1056 2262 ετο,
1108 2206 1257 2259 Ἐπεὶ
1315 2202 1364 2258 δ’
1416 2206 1618 2276 ὀμνύειν
1674 2208 1808 2257 κατά

191 2310 294 2354 τῶν
346 2296 573 2353 εἰδώλων
622 2298 896 2368 ἠνάγκαστ
914 2316 962 2360 ο,
997 2302 1088 2349 καὶ
1141 2296 1369 2358 ἀπειθεῖς
1414 2292 1569 2359 ἦσαν,
1603 2294 1805 2368 ἐξαγρι-

194 2398 347 2443 οῦται
392 2389 505 2440 κατ’
556 2386 726 2439 αὐτῶν
779 2389 837 2438 τὸ
888 2385 1105 2450 πλῆθος,
1167 2393 1257 2437 και
1314 2381 1502 2456 διῆγον
1543 2384 1805 2446 πλείστοις

193 2476 383 2538 δεινοῖς
407 2494 422 2508 ’
458 2477 484 2527 ὁ
514 2478 605 2547 μὲν
634 2482 759 2536 παῖς
810 2481 925 2536 ταῖς
974 2471 1241 2545 βασάνοις
1298 2473 1651 2547 ἀπαγορεύων,
1688 2472 1807 2524 ἀπε-

193 2564 357 2621 δίδου
387 2569 445 2619 τὸ
497 2572 733 2636 πνεῦμα·
770 2564 979 2635 ἐσχάτη
1041 2560 1099 2616 δι
1139 2565 1169 2621 ἡ
1218 2559 1474 2615 Βλανδίνα
1517 2563 1603 2614 οἱα
1629 2567 1803 2634 μήτηρ

197 2656 406 2726 εὐγενὴς
460 2658 873 2728 παρορμήσασα,
932 2656 1086 2704 τέκνα
1142 2656 1232 2704 καὶ
1305 2656 1620 2725 νικηφόρους
1674 2670 1804 2723 προ-

202 2743 461 2816 πέμψασα
493 2746 625 2818 πρὸς
678 2742 766 2803 τὸς
812 2740 1055 2816 βασιλέα,
1108 2740 1461 2812 ἀγαλλιωμένη
1521 2736 1806 2793 ἐπίσπευδε

206 2838 299 2887 καὶ
332 2833 456 2891 αὐτὴ
507 2841 570 2905 τῆ
629 2828 795 2903 έξόδῳ
848 2834 915 2893 ὡς
948 2831 1021 2892 εἰς
1048 2834 1302 2902 νυμφικόν
1334 2827 1560 2895 δεῖπνον,
1594 2830 1688 2882 ούκ
1735 2830 1806 2892 εἰς

207 2926 399 2998 θηρίων
443 2920 831 2995 προϐεϐλημένη
895 2919 1091 2995 βοράν·
1140 2924 1230 2972 καὶ
1276 2922 1407 2992 μετά
1465 2922 1555 2982 τὰς
1612 2920 1807 2991 μάστι-

198 3033 319 3085 γας,
393 3014 527 3085 μετὰ
580 3013 646 3064 τά
702 3013 881 3083 θηρία,
933 3012 1064 3083 μετά
1126 3013 1185 3061 τὸ
1247 3013 1489 3081 τήγανον,
1538 3008 1679 3071 τελος
1735 3008 1808 3072 εἰς

193 3103 468 3177 γύργαθον
549 3098 805 3174 βληθεῖσα
880 3102 1052 3171 ταύρῳ
1112 3095 1264 3170 δεινῷ
1321 3096 1620 3171 μαρεϐλήθη
1652 3116 1664 3127 ·
1718 3104 1807 3152 καὶ

195 3194 397 3253 ἱκανῶς
446 3188 799 3248 ἀναϐληθεῖσα
837 3189 907 3259 τῷ
960 3189 1099 3258 ζώω,
1151 3189 1369 3261 ὕστερον
1413 3184 1480 3246 δὴ
1531 3193 1621 3239 καὶ
1674 3187 1803 3247 αὐτῆ

191 3283 352 3337 ἐτύθη
407 3279 788 3353 ἐμφανέστατα,
848 3282 937 3330 καὶ
992 3286 1092 3330 τῶν
1156 3278 1436 3349 ὠμοτάτων
1486 3278 1688 3329 ἓκείνων
1741 3277 1808 3329 εἰ·

188 3374 419 3433 πόντων,
464 3374 537 3441 μὴ
582 3374 788 3421 πώποτε
816 3367 941 3437 παρ’
987 3366 1169 3427 αὐτοῖς
1196 3374 1420 3419 τοιαῦτα
1446 3370 1537 3417 καὶ
1574 3372 1809 3417 τοσαῦτα

189 3465 423 3530 γυναῖκα
482 3454 691 3511 ἰδέσθαι
734 3459 941 3511 παθεῖν.
990 3458 1197 3510 Τούτων
1258 3452 1317 3508 δὲ
1364 3459 1668 3527 γενομένων,
1719 3454 1806 3505 ἄλ-

190 3548 289 3607 λην
345 3546 523 3621 ἀρχὴν
580 3543 721 3598 ἰδίαν
766 3547 797 3603 ἠ
850 3553 950 3597 τῶν
1000 3544 1203 3616 ἀνόμων
1234 3543 1384 3617 ὕϐρις
1432 3544 1516 3595 έπὶ
1553 3550 1664 3604 τοῖς
1708 3548 1807 3595 σώ-

196 3656 334 3710 μασι
380 3644 483 3689 τῶν
539 3637 815 3708 μαρτύρων
866 3632 1136 3705 ἐλάμϐανε.
1192 3636 1261 3686 Τὸ
1290 3636 1391 3707 γὰρ
1442 3632 1527 3685 ὑπ’
1583 3631 1806 3684 ἐκείνων·

192 3726 388 3787 αύτούς
438 3726 742 3782 νενικῆσθαι
813 3723 1005 3795 μᾶλλον
1080 3723 1150 3784 εἰς
1208 3722 1363 3794 ὀργὴν
1418 3720 1611 3779 ἀνῆπτε
1642 3738 1655 3750 ⁸
1715 3726 1806 3773 καὶ

191 3818 318 3876 τούς
353 3812 403 3865 έν
441 3815 642 3886 εἱρκτῇ,
693 3816 780 3864 καὶ
828 3816 950 3874 τοὺς
998 3811 1159 3873 ἄλλως
1214 3809 1487 3887 διαφόροις
1515 3809 1806 3873 ίξετασθέν-

190 3925 291 3966 τας
344 3901 621 3976 βασάνοις,

191 3998 286 4046 καὶ
338 3993 448 4065 μεθ’
494 3993 691 4064 ἡμέραν
742 3989 1057 4062 παρέϐαλον,
1121 3992 1203 4042 ἴνα
1246 3994 1399 4062 μήτις
1426 3990 1586 4061 λάχοι
1615 3997 1799 4061 ταφῆς.

188 4083 338 4135 Ὀσα
385 4078 443 4134 δὲ
490 4082 540 4133 οἱ
588 4082 735 4153 θῆρες
778 4084 867 4132 καὶ
916 4081 1018 4132 ὅσα
1076 4084 1133 4132 τὸ
1191 4087 1294 4153 πῦρ
1353 4076 1656 4152 παρέδραμε
1699 4078 1805 4130 λεί-

192 4170 360 4242 ψανα,
419 4166 849 4244 διεσπαραγμένα
895 4189 949 4221 τε
1006 4174 1096 4221 καὶ
1142 4170 1531 4240 ἠνθρακωμένα,
1565 4173 1651 4220 καὶ
1711 4170 1803 4229 τάς

192 4258 415 4333 κεφαλὰς
482 4263 575 4311 σὺν
620 4265 733 4319 τοῖς
786 4258 957 4310 αὐτῶν
1017 4258 1412 4331 ἀποτμήμασιν,
1468 4261 1539 4330 ἔφ’
1588 4259 1802 4329 ἡμέραις

196 4356 429 4419 συχναῖς
500 4355 854 4423 στρατιωτικῇ
945 4348 1170 4419 φάλαγγι
1254 4347 1503 4419 ἐπιμελῶς
1563 4350 1796 4421 ἐτήρουν.

198 4443 304 4492 Καὶ
350 4439 398 4490 οἱ
448 4439 539 4510 μεν
585 4440 704 4499 τοὺς
768 4432 988 4498 ὀδόντας
1040 4438 1240 4510 ἔτριζον
1280 4436 1395 4488 κατ’
1455 4436 1622 4488 αὐτῶν
1656 4455 1669 4468 ·
1712 4436 1800 4487 καὶ

699 3905 853 3953 κυσὶν
936 3901 1186 3973 ἐπιμελῶς
1262 3901 1532 3972 φυλάττειν
1606 3902 1801 3974 νύκτωρ

1834 4480 1879 4535 D

193 4534 392 4602 νεκροῖς
420 4528 522 4601 γὰρ
572 4525 905 4598 έπεμαίνοντο
963 4534 1072 4589 τοῖς
1114 4526 1375 4597 λειψάνοις
1404 4543 1416 4556 ·
1450 4528 1499 4578 οἱ
1551 4522 1601 4577 δ’
1641 4524 1688 4576 ἐν
1717 4529 1800 4596 γέ-

193 4617 323 4669 λωτι
383 4618 649 4669 ἓποιοῦντο
681 4632 694 4646 ⁸
749 4616 799 4668 οἱ
853 4611 909 4667 δ’
953 4613 1317 4686 ἐπιεικέστεροι
1383 4610 1563 4677 δῆθεν,
1616 4621 1715 4666 ποῦ
1773 4613 1799 4664 ὸ

198 4708 329 4766 Θεὸς
395 4705 585 4771 αὐτῶν,
665 4700 1041 4765 ἕπωνείδιζον·
1095 4709 1148 4757 τί
1212 4702 1269 4757 δε
1347 4712 1443 4765 τῆς
1522 4706 1800 4775 θρησκείας

198 4800 415 4861 ὤναντο,
449 4798 510 4853 ἣν
560 4797 662 4868 πρὸ
710 4802 811 4847 τῶν
868 4791 1013 4846 ἰδίων
1062 4796 1231 4847 ἔθεντο
1282 4793 1476 4865 ψυχῶν
1503 4810 1518 4859 ;
1561 4794 1643 4846 Ἐν
1686 4796 1800 4845 πίν-

200 4886 279 4938 θει
311 4880 370 4937 δε
414 4886 469 4935 τὸ
526 4885 802 4956 σύνταγμα
832 4880 893 4942 ἧν
942 4891 1040 4936 τῶν
1068 4891 1291 4948 πιστῶν,
1318 4887 1377 4935 τὸ
1423 4888 1494 4954 μὴ
1539 4880 1801 4935 δύνασθαι

196 4974 445 5048 κρύπτειν
496 4980 661 5025 ταῦτα
719 4980 780 5045 τῇ
822 4980 887 5045 γῇ
920 4991 933 5005 ·
990 4972 1107 5024 οὔτε
1156 4975 1257 5047 γὰρ
1297 4974 1327 5031 ἡ
1375 4972 1467 5034 νὺξ
1505 4974 1801 5044 καθυπούρ-

195 5081 303 5133 γει,
386 5065 501 5114 οὗτε
566 5066 780 5136 χρυσίῳ
858 5060 1114 5132 μετελθεῖν
1164 5058 1245 5119 ἧν.
1310 5060 1487 5129 Πολλῷ
1545 5080 1603 5131 γε
1659 5066 1800 5131 μεῖον

198 5151 371 5203 ἔπειθε
437 5147 663 5211 δέησις·
712 5147 895 5223 κέρδος
948 5152 1051 5223 γὰρ
1130 5149 1337 5209 ἐκείνοις
1389 5152 1448 5201 τὸ
1520 5152 1801 5221 κράτιστον

200 5239 461 5310 ἐλογίζετο
498 5243 557 5293 τὸ
597 5244 669 5312 μὴ
721 5248 888 5312 ταφῆς
928 5239 1151 5301 ἐκείνους
1193 5246 1395 5310 τυχεῖν.
1439 5258 1468 5291 »
1522 5240 1641 5292 Ἐπὶ
1680 5241 1802 5291 τού-

198 5348 309 5390 τοις
364 5331 394 5389 ἠ
430 5330 669 5403 εἰρημένη
728 5326 984 5402 διήγησις
1031 5329 1168 5401 ἔλεγε
1197 5348 1208 5361 ·
1254 5348 1282 5381 et
1322 5330 1400 5381 Τὰ
1437 5331 1526 5401 μὲν
1566 5324 1653 5381 οὖν
1704 5333 1799 5381 σώ-

197 5437 342 5493 ματα
409 5427 509 5471 τῶν
565 5419 726 5490 ἁγίων
780 5418 1001 5485 έκείνων,
1062 5423 1315 5478 παντοίως
1374 5415 1799 5491 παραδειγματι-

200 5510 391 5563 σθέντα
446 5512 536 5562 καὶ
594 5508 963 5582 αἰθριασθέντα
1018 5506 1102 5561 ἰπὶ
1156 5511 1352 5580 ἡμέρας
1402 5506 1472 5572 ἓξ,
1528 5513 1801 5579 μετέπειτα

196 5601 390 5655 καέντα
454 5602 545 5652 καὶ
616 5598 969 5653 αἰθαλωθέντα
1039 5599 1137 5652 ὑπὸ
1192 5604 1291 5652 τῶν
1344 5594 1565 5671 ἀνόμων,
1622 5596 1800 5675 κατερ-

1917 1852 2345 1908 certaminibus
2397 1851 2726 1915 debellans,
2769 1853 3230 1909 immortalitatis
3280 1869 3567 1909 coronam

1914 1946 2263 2013 reportaret.
2314 1942 2653 1999 Secundum
2692 1942 2844 1998 hanc
2900 1944 3127 1999 Attalus
3158 1942 3215 1998 in
3268 1943 3565 1998 theatrum

1915 2031 2267 2096 ducebatur,
2306 2031 2400 2087 cui
2437 2031 2655 2087 tabella
2707 2031 3130 2103 praeferebatur
3168 2048 3307 2087 cum
3355 2032 3566 2087 inscri-

1915 2122 2117 2191 ptione
2167 2120 2560 2191 hujusmodi:
2620 2120 2720 2175 Hic
2759 2125 2847 2175 est
2893 2120 3122 2177 Attalus
3176 2120 3562 2176 Christianus.

1915 2212 2051 2265 Erat
2080 2216 2279 2265 autem
2303 2210 2351 2264 is
2377 2226 2447 2265 ex
2466 2210 2762 2265 clarorum
2793 2210 3053 2265 virorum
3072 2210 3302 2274 ordine,
3327 2210 3564 2266 ﬁrmam

1916 2314 2251 2370 sanamque
2281 2298 2561 2354 obtinens
2592 2299 3038 2366 conscientiam,
3075 2304 3253 2371 atque
3292 2300 3351 2354 in
3383 2305 3567 2354 certa-

1915 2388 2176 2443 minibus
2208 2404 2317 2458 pro
2348 2388 2573 2443 Christo
2618 2390 2909 2458 susceptis
2953 2389 3139 2459 probe
3184 2390 3565 2453 exercitatus,

1914 2482 1971 2531 et
2021 2483 2304 2532 constans
2354 2478 2616 2531 veritatis
2665 2478 2848 2532 testis.
2900 2479 3029 2543 Quo
3074 2477 3388 2548 producto,
3428 2493 3568 2532 cum

1912 2565 2280 2638 petulantius
2323 2566 2485 2638 plebs
2528 2566 3009 2633 tumultuaretur,
3046 2583 3270 2639 praeces
3310 2583 3469 2632 eum,
3508 2570 3572 2621 ut

1913 2655 2103 2711 civem
2157 2658 2513 2721 Romanum,
2566 2655 2629 2711 in
2687 2655 2959 2711 custodia
3018 2656 3307 2712 asservari
3369 2654 3567 2726 jussit,

1913 2744 2105 2799 donec
2136 2743 2378 2800 Cmsaris
2404 2743 2478 2799 de
2500 2759 2570 2799 eo
2596 2750 2775 2816 atque
2796 2744 2925 2799 aliis
2954 2744 3322 2815 explorasset
3339 2748 3571 2799 senten-

1914 2832 2079 2888 tiam.
2113 2832 2342 2889 Interea
2370 2832 2474 2905 qui
2505 2838 2680 2888 antea
2710 2834 3029 2903 negatione
3063 2833 3279 2889 mortui
3312 2833 3566 2896 fuerant,

1916 2922 2191 2992 spiritum
2229 2922 2360 2977 vitae
2408 2922 2823 2994 resipiscentia
2870 2928 3220 2994 receperunt
3256 2946 3267 2977 :
3312 2927 3369 2977 et
3416 2937 3570 2993 quos

1915 3014 2203 3083 tanquam
2254 3011 2332 3067 ab
2376 3018 2507 3066 ortu
2539 3011 2861 3067 exstinctos
2905 3012 3179 3082 ejecerat,
3214 3028 3314 3067 eos
3362 3009 3572 3066 revivi'

1916 3107 2143 3155 scentes
2192 3106 2379 3156 mater
2425 3106 2513 3157 est
2547 3101 2883 3173 complexa,
2918 3102 2968 3156 si
2994 3101 3259 3156 dulciore
3297 3100 3571 3156 doctrina

1916 3194 2185 3262 accepta,
2218 3190 2295 3245 ab
2336 3206 2408 3246 eo
2457 3191 2560 3263 qui
2593 3206 2712 3245 non
2770 3193 2893 3246 vult
2927 3197 3173 3246 mortem
3221 3189 3576 3263 peccatoris,

1914 3279 2198 3335 virtutem
2229 3284 2285 3334 et
2306 3280 2491 3335 robur
2512 3279 2587 3335 ad
2604 3280 3065 3351 perpetiendum
3094 3282 3576 3350 assumpserunt.

1916 3370 2062 3422 Nam
2079 3367 2260 3423 allato
2290 3384 2326 3423 a
2354 3370 2582 3423 Caesare
2612 3369 2919 3439 rescripto,
2943 3370 3290 3441 quicunque
3312 3384 3383 3423 ex
3411 3366 3575 3422 Chri-

1916 3456 2122 3511 stianis
2162 3456 2409 3513 Romani
2456 3461 2670 3523 essent,
2720 3458 2920 3529 gladio
2971 3464 3109 3513 sunt
3149 3458 3334 3526 cani;
3378 3454 3571 3510 caeteri

1914 3543 2118 3599 bestiis
2159 3551 2298 3600 sunt
2338 3545 2575 3616 objecti,
2611 3552 2713 3601 aut
2764 3546 2893 3601 aliis
2924 3547 3209 3615 gravibus
3260 3543 3572 3616 suppliciis

1917 3632 2132 3689 affecti.
2168 3634 2556 3690 Primiautem
2582 3636 2875 3701 omnium,
2898 3636 3001 3707 qui
3024 3640 3198 3691 antea
3221 3633 3569 3706 pmnitentia

1914 3722 2005 3777 usi
2048 3722 2297 3787 fuerant,
2336 3722 2813 3794 inquirebantur.
2848 3727 2990 3795 Spes
3028 3725 3253 3795 quippe
3298 3723 3573 3793 quaesito-

1911 3811 2078 3865 ribus
2104 3818 2246 3881 erat,
2282 3812 2460 3883 310
2491 3828 2594 3868 eos
2624 3813 2822 3866 denuo
2855 3818 3098 3884 captum
3133 3812 3222 3867 iri.
3254 3808 3568 3867 Verumilli

1914 3900 2129 3971 partim
2166 3910 2498 3972 martyrum
2549 3902 2856 3971 aggregati
2914 3908 3053 3956 sunt
3097 3901 3313 3966 ordini,
3349 3899 3564 3972 partim

1912 3989 2305 4060 perditionem
2360 3991 2540 4045 secuti
2591 4008 2602 4045 :
2668 3990 2746 4045 illi
2814 3991 3117 4054 nimirum,
3170 3991 3273 4063 qui
3338 3988 3567 4058 indigni

1910 4095 2247 4152 parumque
2278 4080 2429 4135 ﬁrmi
2460 4079 2712 4141 fuerant,
2747 4087 2802 4135 et
2829 4080 2901 4135 de
2920 4080 3206 4149 religione
3238 4084 3439 4135 nostra
3459 4078 3564 4133 mi-

1910 4182 2025 4222 nus
2054 4174 2208 4224 recte
2242 4174 2572 4225 senserant.
2610 4172 2930 4241 Martyrum
2965 4169 3239 4237 catalogo
3270 4168 3567 4239 ascriptus

1911 4257 2090 4313 etiam
2129 4263 2220 4313 est
2266 4259 2619 4324 Alexander,
2660 4259 2803 4314 artis
2837 4258 3085 4314 medicae
3120 4258 3360 4329 peritus,
3402 4262 3456 4312 et
3504 4256 3567 4310 in

1912 4346 2086 4401 Galiis
2138 4348 2423 4403 omnibus
2477 4354 2681 4403 notus:
2712 4353 2838 4404 erat
2888 4349 3047 4403 enim
3094 4347 3282 4402 multa
3329 4346 3568 4401 dicendi

1909 4434 2179 4491 libertate
2208 4438 2506 4508 praeditus,
2526 4444 2583 4493 et
2601 4436 2942 4509 apostolicae
2976 4438 3179 4507 gratiae
3195 4452 3313 4491 non
3333 4450 3569 4506 expers.

1912 4525 2138 4581 Etenim
2182 4526 2464 4581 tribunali
2501 4528 2815 4590 assistens,
2846 4542 2916 4582 ac
2953 4532 3102 4581 nutu
3140 4531 3429 4596 martyres
3472 4538 3567 4577 co-

1907 4613 2173 4679 hortans,
2206 4614 2617 4685 deprehensus
2648 4620 2706 4670 et
2744 4616 2871 4685 ipse
2904 4620 2989 4670 est
3021 4614 3197 4669 veluti
3235 4612 3565 4669 certamina

1908 4704 2218 4774 parturire.
2251 4707 2455 4773 Itaque
2490 4704 2675 4772 judici
2708 4704 2961 4768 delatus,
2996 4709 3051 4758 et
3072 4704 3279 4774 capitis
3314 4701 3566 4757 damna-

1910 4796 2002 4846 tus
2031 4808 2153 4847 una
2209 4808 2347 4847 cum
2382 4792 2592 4859 Attalo,
2631 4792 2953 4848 bestiarum
3003 4791 3217 4847 feritati
3266 4797 3353 4845 est
3396 4790 3565 4860 obje-

1910 4888 2057 4937 ctus.
2088 4882 2201 4939 Sed
2229 4898 2368 4936 cum
2402 4882 2549 4936 nihil
2575 4881 2811 4937 adversi
2841 4882 2917 4936 ab
2946 4882 3028 4935 eis
3070 4881 3411 4943 sensissent,
3428 4878 3563 4951 plu-

1909 4972 2077 5027 ribus
2108 4971 2370 5026 defuncti
2413 4970 2857 5033 certaminibus,
2903 4976 3204 5041 postremo
3235 4974 3290 5024 et
3338 4968 3449 5039 ipsi
3498 4973 3561 5024 ut

1910 5062 2160 5117 victimae
2192 5068 2332 5115 sunt
2362 5060 2497 5116 cassi
2531 5075 2544 5114 :
2587 5060 2920 5116 Alexander
2954 5059 3219 5131 quidem,
3254 5058 3398 5113 nihil
3428 5073 3561 5128 pro-

1910 5149 2144 5205 locutus
2196 5168 2208 5208 :
2263 5149 2488 5205 Attalus
2532 5154 2753 5212 autem,
2809 5164 2948 5204 cum
3018 5149 3077 5203 in
3142 5148 3330 5203 ferreo
3390 5146 3558 5202 sedili

1912 5244 2196 5304 ureretur,
2230 5239 2518 5310 nidorque
2576 5239 2653 5293 ab
2694 5254 2763 5293 eo
2802 5237 3087 5309 prodiret,
3136 5236 3282 5291 illud
3326 5242 3554 5291 tantum

1912 5331 2181 5384 Romana
2227 5327 2433 5397 lingua
2472 5326 2795 5398 praefatus:
2836 5331 2913 5381 En
2951 5327 3066 5382 hoc
3098 5326 3297 5397 ipsum
3329 5330 3415 5380 est
3454 5326 3559 5382 hu-

1911 5432 2093 5473 mana
2127 5416 2283 5472 vesci
2314 5432 2511 5482 carne,
2544 5416 2705 5487 quod
2742 5431 2848 5471 vos
2888 5414 3077 5471 facitis
3109 5436 3121 5480 ;
3148 5430 3256 5469 nos
3287 5430 3424 5469 vero
3455 5431 3555 5470 ue-

1911 5523 2027 5580 que
2049 5506 2323 5562 homines
2346 5522 2648 5570 voramus,
2676 5521 2872 5577 neque
2902 5509 3188 5576 prmterea
3216 5503 3356 5560 mali
3382 5503 3556 5575 quid-

1911 5613 2093 5672 quam
2126 5594 2402 5654 facimus.
2427 5596 2830 5669 lnterrogatus
2857 5596 3055 5661 etiam,
3086 5593 3250 5668 quod
3278 5594 3377 5651 Dei
3408 5596 3561 5650 esset
