4032 6282
448 307 585 366 1023

1725 311 2116 369 NICEPHORI
2157 313 2477 372 CALLISTI

3663 310 3812 372 1024

439 448 685 500 nomen,
739 436 1066 509 respondit,
1122 439 1277 494 Deus
1324 452 1546 495 nomen
1588 452 1710 493 non
1768 436 1966 503 habet,
2026 440 2083 493 ut

2203 438 2358 512 ῥάνθη
2417 438 2491 499 εἰς
2549 439 2634 490 τόν
2689 433 2929 491 Ῥοδανὸν
3012 439 3243 511 ποταμὸν
3303 438 3522 498 πλησίον
3578 438 3803 514 παραρδ

438 522 645 581 homo.
675 526 813 582 Post
846 526 954 582 hos
985 542 1216 593 omnes,
1252 527 1458 584 ultimo
1489 526 1889 598 gladiatorum
1938 526 2085 592 dies,

440 628 580 670 cum
614 617 847 671 Pontico
880 632 1065 688 puero
1085 616 1428 690 quindecim
1460 618 1688 673 circiter
1706 632 1898 672 annos
1925 621 2086 682 nato,

442 716 733 773 generosa
767 705 1056 762 Blandina
1085 713 1171 762 est
1210 707 1521 779 producta.
1553 707 1594 762 Ii
1641 722 1745 779 per
1772 705 2089 762 simulacra

438 791 689 848 deorum
747 794 949 865 jurare
997 795 1172 866 jussi,
1215 811 1338 852 non
1394 811 1663 868 paruere.
1716 797 2090 867 Quapropter

436 880 834 938 multitudinis
890 884 1109 939 animis
1160 885 1448 941 adversus
1498 901 1602 940 eos
1657 884 1933 951 efferatis,
1984 899 2090 957 per

440 970 639 1027 multis
670 979 808 1029 sunt
837 974 1156 1031 excruciati
1187 975 1517 1031 tormentis.
1560 978 1619 1030 Et
1649 991 1798 1047 puer
1840 974 2087 1047 quidem

439 1060 747 1133 suppliciis
799 1064 975 1119 tantis
1006 1065 1247 1130 cedens,
1280 1064 1539 1121 reddidit
1585 1065 1878 1136 spiritum.
1923 1064 2089 1120 Blan-

437 1149 581 1206 dina
606 1167 745 1207 vero
768 1157 1089 1224 postrema,
1112 1154 1293 1209 veluti
1318 1160 1506 1210 mater
1528 1170 1836 1225 generosa,
1871 1154 2084 1221 excita,

436 1254 571 1311 quae
595 1238 816 1297 liberos
846 1242 1096 1298 victores
1128 1242 1206 1299 ad
1237 1259 1436 1313 regem
1475 1260 1650 1299 suum
1680 1244 2083 1316 praemisisset,

436 1327 752 1387 festinabat
774 1336 829 1386 et
862 1331 992 1402 ipsa
1031 1347 1134 1403 per
1172 1339 1425 1388 mortem
1454 1332 1775 1400 exsultans,
1806 1333 1985 1388 veluti
2007 1332 2087 1388 ad

435 1419 701 1491 nuptiale
732 1421 1099 1491 convivium,
1131 1428 1187 1478 et
1225 1438 1346 1477 non
1376 1422 1454 1478 ad
1490 1422 1835 1491 bestiarum,
1863 1422 2085 1495 quibus

436 1507 776 1579 objicieuda
805 1515 948 1575 erat.
973 1511 1417 1567 lacerationem.
1460 1513 1665 1584 Itaque
1700 1518 1835 1584 post
1872 1512 2082 1581 ﬂagra,

2196 528 2396 602 ῥέοντα,
2466 529 2603 590 ὅπως
2661 523 2799 599 μηδὲ
2864 526 3103 599 λείψανον
3158 527 3327 581 αὐτῶν
3399 534 3648 601 φαίνηται
3714 528 3804 583 ὶπὶ

2198 625 2285 678 τῆς
2314 637 2413 689 γης
2463 620 2564 675 ἔτι.
2628 622 2729 671 Καὶ
2784 624 2952 670 ταῦτα
2983 620 3253 691 ἔπραττον,
3286 621 3350 679 ὡς
3397 615 3688 692 δυνάμενοι
3736 638 3818 671 νι-

2198 715 2361 766 κῆσαι
2392 711 2541 773 Θεὸν,
2593 710 2682 760 καὶ
2724 704 2998 780 ἀφελέσθαι
3032 707 3201 760 αὐτῶν
3236 715 3328 766 τῆν
3360 707 3772 781 παλιγγενεσίαν
3794 722 3815 739 ⁸

2200 799 2304 863 ἱνα,
2338 800 2404 859 ὡς
2435 796 2626 869 ἕλεὶγον
2669 798 2871 862 ἓκεῖνοι,
2915 792 3055 868 μηδέ
3100 792 3291 850 ἐλπίδα
3336 799 3534 869 ἔχωσιν
3566 799 3819 850 ἀναστά-

2200 903 2342 956 σεως,
2376 884 2449 959 ἐφ’
2576 887 2899 950 πεποιθότες,
2951 884 3094 948 ξένην
3147 889 3265 939 τινὰ
3292 891 3383 939 καὶ
3434 892 3618 946 καινὴν
3660 887 3820 940 εἰσά-

2196 994 2379 1046 γουσιν
2421 976 2546 1047 ἡμῖν
2603 977 2905 1048 θρησκείαν,
2952 980 3043 1028 καὶ
3093 983 3480 1051 καταφρονοῦσι
3536 986 3644 1029 τῶν
3702 973 3820 1030 δει-

2194 1073 2311 1131 νῶν,
2362 1065 2559 1138 ἕτοιμοι
2614 1067 2745 1136 μετὰ
2799 1071 2975 1140 χαρᾶς
3021 1064 3104 1118 ἐπὶ
3151 1068 3239 1118 τόν
3284 1068 3499 1119 θάνατον
3556 1070 3820 1129 ἥκοντες.

2194 1161 2301 1208 Νῦν
2336 1151 2529 1226 ἴδωμεν
2560 1154 2603 1207 εἰ
2650 1152 3057 1220 ἀναστήσονται,
3097 1159 3188 1207 καὶ
3231 1154 3275 1207 εί
3314 1152 3536 1209 δύναται
3590 1155 3821 1228 βοηθῆ-

2199 1263 2288 1296 σαι
2321 1244 2500 1305 αὐτοῖς
2542 1245 2568 1296 ὁ
2599 1246 2724 1304 Θεὸς
2776 1243 2961 1311 αὐτῶν,
3014 1247 3103 1296 καὶ
3151 1242 3411 1307 ἐξελέσθαι
3453 1247 3507 1298 ἐκ
3551 1254 3664 1299 τῶν
3693 1265 3819 1318 χει-

2194 1341 2295 1408 ρῶν
2346 1334 2512 1405 ἡμῶν.
2544 1353 2573 1385 »
2625 1339 2805 1386 Ταῦτα
2851 1336 2940 1405 μὲν
2980 1334 3010 1391 ἡ
3051 1336 3226 1406 γραφή
3265 1350 3278 1363 ·
3308 1333 3467 1387 εἰκότι
3518 1331 3580 1388 δὲ
3643 1336 3817 1388 συνά-

2193 1442 2376 1495 γοντας
2430 1422 2667 1494 λογισμῷ
2732 1424 3237 1495 καταστοχάζεσθαι
3303 1426 3526 1499 πάρεστι
3570 1430 3673 1478 καὶ
3744 1426 3817 1478 τὰ

2194 1510 2243 1563 ἕν
2290 1518 2407 1574 ταῖς
2454 1511 2665 1573 λοιπαῖς
2702 1514 2985 1586 ἐπαρχίαις
3031 1516 3364 1585 γεγενημένα,
3399 1519 3489 1567 καὶ
3542 1514 3671 1567 ὅσοι
3720 1532 3818 1573 τη-

436 1603 571 1670 post
613 1598 847 1664 bestias,
885 1605 1021 1671 post
1062 1600 1345 1666 ahenum,
1383 1600 1460 1657 ad
1514 1600 1793 1656 ultimum
1838 1600 2083 1657 reticulo

2203 1597 2373 1654 ιικάδε
2398 1604 2650 1677 μάρτυρες
2680 1598 2961 1673 ἀνεδείχθη
2972 1620 3066 1653 σαν
3080 1646 3093 1660 ,

433 1685 684 1753 inclusa,
718 1694 887 1744 tauro
918 1691 1138 1758 agresti
1177 1696 1232 1746 et
1258 1689 1439 1746 feroci
1464 1696 1550 1746 est
1576 1690 1816 1762 objecta
1843 1706 1857 1746 :
1891 1696 1947 1746 et
1968 1707 2104 1746 cum
2132 1690 2236 1746 diu
2257 1690 2629 1762 multumque
2654 1706 2689 1747 a
2717 1690 2917 1747 bellua
2942 1706 3014 1746 ea
3031 1695 3184 1746 esset
3201 1691 3445 1762 jactata,
3469 1691 3734 1750 tandem
3754 1695 3817 1751 et

435 1786 574 1847 ipsa
602 1781 691 1833 est
718 1777 1196 1835 manifestissime
1223 1779 1517 1850 jugulata.
1551 1780 1733 1851 Cujus
1770 1784 1999 1837 tantam
2030 1780 2302 1836 demirati
2334 1779 2741 1837 fortitudinem
2772 1779 3197 1836 immanissimi
3230 1780 3312 1836 illi
3350 1789 3807 1853 persecutores.

434 1865 601 1920 haud
642 1882 911 1938 unquam
963 1868 1127 1939 apud
1176 1885 1277 1926 eos
1324 1870 1517 1926 visam
1561 1886 1689 1926 esse
1747 1869 2061 1926 mulierem
2088 1876 2172 1926 tot
2200 1875 2257 1925 et
2287 1875 2448 1926 tanta
2488 1869 2783 1942 supplicia
2842 1868 3088 1941 perpeti,
3138 1870 3326 1926 testati
3376 1878 3538 1928 sunt.
3572 1870 3686 1927 His
3728 1873 3819 1931 ita

435 1954 710 2024 peractis,
753 1955 953 2012 denuo
983 1958 1416 2015 contumeliosa
1455 1959 1976 2031 iniquissimorum
2002 1958 2316 2015 hominum
2350 1959 2565 2029 injuria
2595 1958 2801 2014 saevire
2834 1958 2897 2013 in
2927 1963 3259 2030 martyrum
3306 1974 3562 2032 corpora
3586 1961 3811 2033 coepit.

435 2042 605 2113 Quod
627 2059 891 2118 namque
923 2046 1001 2103 ab
1036 2046 1149 2103 illis
1176 2054 1375 2104 essent
1402 2050 1685 2120 superati,
1718 2050 1827 2123 31
1847 2051 1890 2119 ι
1927 2049 1985 2103 id
2018 2048 2080 2104 in
2116 2048 2408 2120 majorem
2438 2048 2625 2104 evasit
2655 2048 2825 2104 iram.
2857 2047 3109 2104 Proinde
3127 2052 3186 2104 et
3210 2063 3313 2105 eos
3335 2050 3439 2121 qui
3460 2048 3522 2105 in
3553 2065 3816 2107 carcere

438 2139 689 2189 mortem
733 2134 1023 2207 obierant,
1052 2142 1109 2193 et
1137 2153 1238 2194 eos
1268 2139 1371 2210 qui
1405 2138 1582 2193 variis
1613 2143 1670 2193 et
1698 2138 2012 2211 exquisitis
2062 2137 2368 2210 suppliciis
2397 2137 2717 2193 excruciati
2750 2136 3006 2204 fuerant,
3039 2153 3113 2193 ne
3161 2137 3295 2211 quis
3339 2153 3549 2194 eorum
3597 2139 3814 2212 sepul-

434 2228 581 2280 turae
624 2224 914 2282 honorem
959 2227 1280 2294 sortiretur,
1327 2244 1545 2285 canum
1596 2229 1904 2284 nocturnis
1933 2228 2110 2284 simul
2138 2236 2194 2286 et
2231 2228 2458 2284 diurnis
2496 2228 2869 2284 tradiderunt
2897 2226 3206 2283 custodiis.
3240 2228 3524 2285 Praeterea
3578 2245 3728 2301 quae
3772 2244 3812 2286 a

433 2311 759 2369 bestiarum
797 2313 1022 2371 feritate
1052 2322 1108 2372 et
1146 2317 1300 2387 ignis
1331 2317 1605 2374 violentia
1634 2316 2051 2389 superfuerant
2079 2317 2379 2389 reliquias,
2413 2316 2814 2372 comminutas
2839 2316 2969 2372 illas
2996 2323 3052 2373 et
3077 2317 3136 2372 in
3163 2316 3454 2374 carbones
3487 2316 3808 2383 redactas,

437 2402 636 2473 capita
664 2419 906 2477 quoque
937 2410 993 2461 et
1039 2412 1469 2463 resectamenta
1500 2423 1709 2463 eorum
1748 2423 1854 2479 per
1900 2406 2027 2462 dies
2060 2406 2259 2478 plures
2313 2406 2679 2462 asservanda
2722 2405 3067 2476 diligentius
3099 2404 3369 2462 militaris
3418 2422 3640 2463 manus
3703 2424 3806 2463 ex-

435 2490 627 2548 cubiis
677 2494 1056 2551 mandarunt.
1084 2496 1166 2551 Ac
1216 2496 1383 2568 impii
1417 2497 1627 2552 milites
1656 2497 1871 2569 partim
1902 2496 2184 2553 dentibus
2214 2495 2273 2552 in
2300 2512 2402 2551 eos
2442 2494 2793 2561 stridebant,
2830 2503 2892 2551 ut
2923 2511 3026 2567 per
3067 2494 3326 2551 furorem
3365 2494 3801 2553 defunctorum

434 2596 677 2653 quoque
729 2583 994 2655 reliquiis
1038 2584 1432 2641 insultarent:
1478 2586 1695 2657 partim
1744 2586 1805 2641 in
1835 2585 2158 2641 ludibrium
2186 2584 2483 2642 cadavera
2508 2583 2838 2640 vertebant.
2873 2583 2930 2640 Si
2971 2584 3075 2656 qui
3106 2598 3249 2640 vero
3276 2583 3621 2641 viderentur
3659 2602 3795 2642 esse

433 2669 564 2726 aliis
612 2672 924 2743 aequiores,
961 2673 1272 2745 probrose,
1313 2674 1413 2730 ubi
1446 2677 1598 2731 Deus
1654 2690 1864 2730 eorum
1894 2678 2067 2741 esset,
2116 2674 2338 2746 quidve
2389 2672 2505 2731 illis
2534 2672 2738 2743 religio
2787 2688 3018 2741 eorum,
3048 2672 3143 2729 cui
3193 2673 3430 2731 animas
3483 2673 3600 2746 ipsi
3649 2690 3793 2731 suas

433 2758 946 2831 posthabuissent,
975 2762 1304 2834 prodesset,
1337 2763 1741 2835 requirebant.
1773 2765 1920 2820 Grex
1973 2768 2174 2819 autem
2216 2761 2486 2818 ﬁdelium
2512 2762 2572 2817 in
2621 2777 2845 2834 magno
2876 2762 2987 2817 fuit
3032 2777 3288 2818 maerore
3317 2766 3374 2818 et
3404 2760 3589 2829 luctu,
3626 2762 3791 2837 quod

434 2846 687 2905 humare
721 2856 1052 2923 martyrum
1080 2852 1376 2909 cadavera
1421 2868 1544 2908 non
1582 2853 1798 2908 liceret.
1831 2856 2029 2924 Neque
2059 2851 2220 2908 enim
2251 2850 2330 2907 ad
2361 2851 2477 2908 hoc
2526 2851 2611 2906 eis
2645 2867 2763 2907 nox
2818 2850 3060 2923 profuit,
3091 2866 3286 2924 neque
3335 2866 3485 2908 auro
3533 2868 3608 2909 ea
3633 2852 3789 2908 redi-

432 2952 595 2993 mere
625 2944 947 3011 potuerunt
975 2956 988 2995 :
1024 2941 1247 2996 nedum
1274 2942 1551 3012 precibus
1579 2940 1732 2997 ullus
1760 2941 1926 2997 locus
1952 2945 2108 2997 esset
2134 2940 2298 3012 apud
2320 2956 2444 3007 eos,
2476 2939 2700 3013 quibus
2721 2939 2783 2996 id
2810 2939 3146 2996 maximum
3173 2939 3407 2996 lucrum
3436 2944 3536 2996 est
3565 2942 3771 3010 visum,

434 3025 484 3081 si
533 3026 634 3082 illa
675 3028 981 3099 sepultura
1014 3035 1301 3086 carerent.
1335 3051 1362 3080 ››
1399 3030 1520 3087 Sub
1580 3030 1708 3086 haec
1733 3031 2017 3097 narratio,
2055 3045 2237 3103 quam
2267 3029 2549 3095 diximus,
2581 3028 2758 3085 infert
2789 3044 2802 3084 :
2839 3048 2867 3082 ιι
2898 3029 3104 3102 Itaque
3142 3044 3397 3101 corpora
3442 3034 3763 3086 sanctorum

432 3113 673 3171 illorum
705 3120 869 3173 omni
900 3135 1115 3190 genere
1163 3118 1403 3175 ludibrii
1448 3126 1505 3176 et
1535 3120 1735 3192 probri
1762 3120 2053 3185 traducta,
2087 3124 2141 3176 et
2179 3134 2282 3174 sex
2309 3118 2524 3175 diebus
2561 3119 2675 3175 sub
2706 3119 2804 3175 dio
2835 3118 3083 3189 jactata,
3134 3123 3343 3191 postea
3381 3124 3574 3175 autem
3610 3133 3757 3173 com-

430 3202 613 3263 busta
644 3210 825 3278 atque
877 3208 929 3261 in
986 3209 1213 3265 cineres
1272 3209 1535 3273 redacta,
1566 3209 1643 3265 ab
1690 3208 1911 3281 iniquis
1940 3208 2287 3265 hominibus
2317 3209 2378 3263 in
2419 3208 2778 3265 Rhodanum
2829 3206 3082 3263 ﬂuvium
3132 3207 3213 3263 ibi
3267 3207 3767 3280 prmterlabeutem

433 3299 570 3350 sunt
600 3311 831 3365 sparsa,
877 3301 940 3353 ut
967 3297 1111 3352 nihil
1138 3314 1382 3369 prorsus
1422 3314 1631 3354 eorum
1670 3298 1729 3354 in
1761 3299 1929 3354 terris
1961 3297 2218 3370 amplius
2257 3302 2414 3354 esset
2464 3297 2785 3370 reliquum.
2831 3299 2893 3353 Et
2933 3297 3047 3353 hoc
3078 3296 3165 3352 sic
3215 3296 3505 3367 fecerunt,
3536 3296 3775 3370 perinde

429 3387 609 3456 atque
638 3385 824 3441 Deum
856 3385 1188 3457 devincere,
1216 3392 1320 3444 aut
1357 3389 1868 3459 regenerationem
1894 3403 2101 3444 eorum
2133 3386 2462 3460 praepedire
2486 3391 2769 3459 possent:
2804 3392 2866 3442 ut
2890 3402 2965 3443 ne
2994 3401 3182 3458 quam
3221 3387 3332 3457 (sic
3362 3386 3444 3442 illi
3475 3386 3778 3457 dicebant)

430 3474 873 3530 resurrectionis
904 3491 1074 3547 spem
1123 3476 1407 3546 habeant,
1447 3494 1570 3550 qua
1622 3477 1737 3549 ipsi
1784 3477 2049 3542 adducti,
2091 3476 2470 3549 peregrinam
2513 3476 2688 3532 nobis
2719 3481 2777 3532 et
2814 3490 3038 3532 novam
3084 3475 3378 3532 inducunt
3406 3475 3779 3547 religionem,

431 3567 487 3620 et
515 3563 667 3621 dura
691 3564 1027 3637 acerbaque
1056 3567 1261 3623 omnia
1290 3567 1648 3640 despiciunt,
1678 3566 1939 3639 prompti
1967 3582 2213 3637 prorsus
2243 3571 2300 3622 et
2329 3566 2519 3637 parati
2551 3581 2691 3621 cum
2713 3564 2936 3635 gaudio
2967 3565 3133 3622 adire
3158 3570 3432 3621 mortem.
3458 3564 3782 3622 Videamus

430 3666 612 3721 nunc,
639 3669 716 3711 an
770 3655 886 3710 sint
922 3657 1328 3723 resurrecturi,
1357 3662 1412 3713 et
1442 3657 1492 3712 si
1515 3661 1706 3728 potest
1750 3656 1832 3712 eis
1876 3672 2054 3728 opem
2098 3654 2248 3711 ferre
2301 3655 2453 3710 Deus
2499 3670 2728 3720 eorum,
2782 3659 2890 3710 ete
2920 3653 3206 3710 manibus
3245 3653 3463 3711 nostris
3523 3669 3628 3711 eos
3682 3654 3785 3711 eri-

430 3757 591 3815 pere.
642 3763 671 3796 »
722 3743 914 3817 Atque
970 3745 1097 3801 haec
1148 3745 1395 3818 quidem
1446 3745 1912 3803 commentarius
1959 3745 2059 3801 ille
2116 3744 2310 3801 refert.
2358 3743 2533 3800 Facili
2593 3749 2795 3801 autem
2854 3743 3203 3816 conjectura
3253 3748 3308 3799 et
3358 3743 3591 3800 ratione
3649 3758 3788 3801 con-

428 3834 684 3889 venienti
714 3834 987 3905 colligere
1024 3834 1175 3907 licet,
1209 3851 1344 3909 quae
1370 3836 1432 3891 in
1454 3836 1695 3909 reliquis
1726 3836 1906 3893 etiam
1933 3834 2248 3907 provinciis
2274 3833 2389 3890 sint
2408 3839 2562 3900 acta,
2595 3838 2894 3906 quantave
2926 3840 3095 3889 tuum
3120 3838 3456 3905 martyrum
3488 3833 3773 3891 exstiterit

430 3921 654 3996 ubique
685 3923 1027 3981 multitudo.

927 4066 1103 4139 312
1137 4068 1357 4125 CAPUT
1396 4068 1580 4124 xvm.
2111 4068 2151 4124 c

430 4189 635 4257 Qualis
647 4189 791 4247 visio
805 4192 1008 4247 Attalo
1022 4193 1274 4261 martyri
1284 4193 1645 4264 apparuerit,
1653 4198 1887 4264 propter
1898 4192 2079 4249 alium

498 4270 850 4335 martyrem,
884 4264 986 4335 qui
1015 4264 1230 4320 duram
1271 4265 1445 4320 nimis
1481 4272 1534 4320 et
1566 4269 1864 4321 austeram
1894 4266 2078 4321 vitam

497 4333 743 4407 degebat
766 4351 782 4388 :
805 4343 857 4391 et
881 4333 943 4390 at
965 4335 1185 4391 Christi
1204 4344 1502 4406 martyres
1522 4336 1708 4405 facile
1735 4336 1917 4406 lapsis
1941 4352 2080 4407 gra-

498 4406 641 4462 tiam
668 4406 942 4475 fecerint,
975 4409 1324 4479 veniamque
1353 4410 1764 4465 concesserint.

2788 4070 3032 4120 ΚΕΦΑΛ.
3074 4064 3183 4120 IH'.

2187 4190 2310 4264 Οἷα
2348 4197 2427 4263 τῷ
2479 4187 3082 4264 μάρτυρι-Ἀττάλῳ
3141 4192 3398 4261 γέγονεν
3437 4186 3789 4264 ἐπιφάνεια

2262 4260 2524 4315 διατὸν
2574 4260 3072 4334 τὸνἀὐχμηρὸν
3111 4260 3588 4334 μετερχόμενον
3639 4261 3785 4335 βίον

2258 4337 2553 4409 μάρτυρα
2585 4351 2606 4409 ’λ
2641 4336 2723 4393 ὡς
2760 4339 2867 4385 καὶ
2905 4340 3037 4394 τοῖς
3076 4336 3601 4409 περιπεπᾼτᾼωκόσι
3642 4353 3786 4407 συγ-

2256 4401 2512 4479 γνῶμην
2552 4407 2610 4458 οἱ
2650 4412 2940 4480 Χριστοῦ
2977 4401 3302 4478 μάρτὺρες
3341 4401 3598 4460 ἔδοσαν.

2256 4533 2329 4604 Τῇ
2374 4526 2424 4583 δ’
2468 4530 2707 4603 εἰρημένῃ
2758 4536 2929 4603 γραφῆ
2966 4534 3056 4582 καὶ
3107 4529 3229 4582 ἄλλο
3270 4548 3321 4582 τι
3379 4535 3584 4602 μνήμης
3639 4530 3776 4594 ἄξιον

2189 4624 2494 4695 ἱστορεῖται,
2539 4620 2565 4672 ὃ
2596 4619 2667 4682 εἰς
2694 4618 2891 4672 πολλῶν
2922 4619 3162 4691 ὠφέλειαν
3193 4620 3523 4690 παραθέσθαι
3552 4627 3617 4692 τῇ
3652 4639 3767 4690 συγ·

2184 4719 2355 4786 γραφῇ
2405 4705 2581 4772 οὐδεὶς
2609 4710 2669 4762 ἄν
2700 4710 2956 4781 ἐγγένοιτο
2986 4711 3184 4782 φθόνος.
3220 4728 3249 4761 ι(
3280 4704 3633 4772 Ἀλκιϐιάδης
3669 4710 3762 4782 γάρ

2186 4820 2265 4864 τις
2327 4799 2377 4863 ἐξ
2434 4799 2601 4851 αὐτῶν
2646 4806 2708 4871 τῇ
2769 4806 3065 4872 μαρτυρικῇ
3124 4797 3514 4870 κατειλεγμένος
3576 4801 3772 4872 χορεία,

2187 4891 2465 4964 αὐχμηρὸν
2492 4890 2625 4941 πάνυ
2660 4892 2750 4940 καὶ
2805 4887 3029 4961 σκληρὸν
3071 4886 3188 4960 βίον
3227 4893 3524 4961 μετήρχετο
3556 4906 3569 4919 ·
3601 4892 3686 4941 καὶ
3720 4888 3777 4939 τὸ

494 4530 561 4586 In
610 4531 1044 4587 commentario
1088 4547 1159 4587 eo
1194 4531 1356 4588 aliud
1412 4532 1705 4604 quiddam
1742 4538 2079 4589 memoratu

425 4618 681 4689 dignum
710 4620 982 4690 traditur,
1013 4620 1178 4693 quod
1209 4622 1287 4677 ad
1321 4621 1644 4679 multorum
1671 4622 2002 4688 utilitatem,
2030 4625 2078 4681 si

425 4708 685 4765 historia
725 4726 885 4766 nunc
910 4710 1314 4777 inseruissem,
1348 4712 1595 4767 minime
1629 4711 1690 4767 id
1715 4712 2078 4768 invidiosum

424 4799 570 4856 mihi
621 4800 746 4856 fore
797 4800 962 4856 duxi.
1008 4822 1032 4852 ε
1076 4801 1410 4857 Alcibiades
1445 4801 1695 4874 quidam
1742 4806 2077 4874 martyrum

423 4889 607 4946 choro
634 4890 947 4961 ascriptus,
986 4896 1285 4947 austeram
1315 4891 1490 4963 plane
1518 4896 1574 4946 et
1604 4890 1817 4947 duram
1860 4891 2077 4963 agebat

425 4979 629 5045 vitam,
664 4982 723 5033 et
766 4979 898 5036 solo
949 4995 1104 5050 pane
1147 4985 1203 5035 et
1243 4996 1403 5052 aqua
1443 4979 1733 5046 victitans,
1766 4997 1802 5036 a
1849 4980 2074 5036 caeteris

2203 4985 2282 5053 ζῇν
2311 4979 2360 5032 ἓν
2413 4977 2552 5053 ἆρτῳ
2581 4982 2719 5050 μόνῳ
2776 4982 2865 5030 καὶ
2909 4973 3071 5030 ὕδατι
3123 4974 3426 5046 διασώζων,
3467 4986 3569 5030 τῶν
3622 4976 3782 5030 ἄλλων

425 5066 572 5124 cibis
602 5068 893 5124 omnibus
940 5068 1294 5126 abstinebat.
1331 5072 1516 5136 Quem
1551 5086 1780 5126 morem
1837 5085 1974 5125 cum
2016 5071 2076 5125 in

2203 5072 2383 5122 τάντων
2438 5067 2709 5139 ἀπείχετο.
2768 5067 2913 5120 Ἐπεὶ
2957 5062 3017 5120 δε
3055 5071 3145 5119 καὶ
3191 5065 3239 5119 έν
3290 5075 3350 5141 τῇ
3412 5068 3588 5140 εἰρκτῇ
3653 5066 3787 5120 οὕτω

430 5172 662 5214 carcere
699 5174 942 5231 quoque
993 5174 1224 5215 servare
1258 5165 1547 5229 pergeret,
1595 5159 1807 5228 Attalo,
1862 5159 1965 5231 qui
2020 5163 2077 5215 et

2203 5165 2421 5233 ςπειρᾶτο
2469 5154 2688 5229 διάγειν,
2748 5155 2978 5229 Ἀττάλῳ
3047 5155 3379 5230 ἀπεκαλύφθη
3426 5163 3498 5227 τῷ
3556 5158 3788 5229 μάρτυρι

426 5247 553 5321 ipse
582 5252 717 5319 post
764 5248 1028 5319 primum
1059 5249 1289 5305 obitum
1322 5255 1621 5306 certamen
1662 5266 1732 5305 eo
1771 5250 2074 5320 conjectus

2203 5251 2315 5301 ιετὰ
2380 5251 2465 5300 τόν
2530 5255 2728 5320 πρῶτον
2796 5244 2973 5318 ἀγῶνα
3031 5251 3122 5299 καὶ
3189 5244 3329 5319 αὐτῷ
3404 5247 3785 5318 καθειργμένῳ,

426 5339 631 5403 fuerat,
670 5352 765 5392 res
815 5354 887 5393 ea
936 5343 1025 5394 est
1062 5340 1342 5395 revelata.
1369 5340 1421 5394 Is
1453 5356 1630 5411 porro
1659 5337 1826 5395 illum
1867 5339 2075 5395 admo-

2203 5342 2248 5400 ὸς
2294 5337 2352 5391 οὐ
2382 5336 2545 5398 καλῶς
2575 5340 2751 5395 ποιοίη
2807 5331 3177 5402 Ἀλσιϐιάδης,
3230 5339 3303 5409 μὴ
3353 5339 3627 5411 χρώμενος
3673 5342 3784 5396 τοῖς

426 5426 576 5489 nuit,
611 5441 730 5482 non
766 5434 919 5483 recte
961 5428 1177 5497 facere,
1208 5429 1311 5502 qui
1347 5430 1633 5486 creaturis
1665 5430 1766 5485 Dei
1798 5445 1919 5485 non
1952 5435 2073 5486 ute~

2203 5432 2443 5500 ιτίσμασι
2508 5433 2599 5479 τοῦ
2652 5432 2805 5493 Θεοῦ,
2866 5428 2954 5478 καὶ
3009 5424 3211 5486 πολλοῖς
3257 5426 3421 5487 τύπος
3479 5420 3779 5477 σκανδάλου

426 5519 604 5580 retur,
635 5518 690 5570 et
720 5517 917 5573 multis
949 5518 1288 5591 exemplum
1317 5519 1584 5577 scandali
1618 5526 1795 5593 atque
1827 5518 2075 5575 offendi-

2203 5522 2464 5592 γινόμενος.
2521 5516 2779 5570 Ἐντεῦθεν
2823 5516 3051 5578 πεισθεὶς
3108 5516 3133 5567 ό
3182 5510 3542 5578 ’Δλκιϐιάδης,
3596 5510 3782 5574 ἀνέδης

430 5602 546 5661 culi
620 5602 802 5663 ﬂeret.
878 5608 1127 5665 Proinde
1197 5607 1525 5666 Alcibiades
1590 5610 1839 5683 posthac
1908 5608 2073 5669 nullo

2203 5610 2384 5670 πάντων
2447 5606 2577 5668 πλήν
2627 5605 2721 5660 οὐκ
2769 5605 2836 5669 είς
2885 5604 3190 5678 πλησμονὴν
3228 5602 3574 5679 μετελάμϐανε
3615 5618 3628 5635 ⁸
3688 5605 3778 5659 καὶ
