4032 6282
237 287 392 351 ίοςδ
1278 282 1844 343 ECCLESIASTICE
1883 274 2238 346 HISTORIA:
2278 288 2413 347 LIB.
2455 288 2550 348 1v.
3455 284 3597 351 4026

234 426 323 492 τῷ
373 422 480 490 Θεῷ
546 416 773 492 χάριτας
831 410 951 488 ᾔδει
1023 413 1082 465 τὸ
1136 409 1381 484 έλλειμμα
1432 410 1826 487 περιστείλαντι.

2002 414 2307 482 iscrimine,
2361 431 2541 474 omne
2596 432 2784 489 genus
2858 417 2996 485 cibi,
3065 418 3211 475 citra
3269 418 3594 476 satietatem

234 508 325 561 Οὐ
374 510 476 580 γὰρ
531 504 897 561 ἀνεπίσκεπτοι
942 504 1164 577 χάριτος
1211 497 1345 559 ἦσαν
1382 508 1552 555 Θεοῦ·
1607 500 1735 554 ἀλλά
1781 505 1826 554 τί

2005 520 2169 573 men,
2203 506 2398 578 cepit:
2431 510 2486 563 et
2539 507 2757 577 gratias
2816 509 2936 563 Deo
2976 507 3114 578 egit,
3180 506 3284 581 qui
3332 509 3497 582 quod
3545 509 3597 565 ei

236 604 455 670 Πνεῦμα
511 600 571 650 τὸ
640 597 790 669 ἅγιον
864 591 925 654 ἦν
1005 592 1180 653 αὐτοῖς
1252 593 1421 644 πάντα
1492 591 1828 665 συμϐουλεῦοι

2004 593 2255 662 afuisset,
2313 596 2396 652 ita
2450 596 2823 668 explevisset.
2874 598 3109 653 Minime
3166 613 3431 670 namque
3486 614 3596 655 suo

234 692 337 740 καὶ
380 687 712 760 μεθαρμόζον
763 686 894 760 πρὸς
930 685 989 736 τὸ
1020 684 1399 757 χρηστότερον.
1434 702 1463 734 ››
1511 686 1634 754 Περὶ
1665 678 1725 734 δε
1749 689 1826 734 τοί

2005 685 2263 740 astitutos
2297 684 2509 741 obtutu
2544 685 2859 759 reliquerat
2894 688 3085 757 gratia
3121 688 3238 753 Dei,
3271 687 3378 743 sed
3418 688 3597 760 Spiri-

234 776 505 838 ἐπιεικοῦς
556 780 645 827 καὶ
693 774 1055 848 φιλανθρώπου
1108 770 1274 823 αὐτῶν
1324 777 1545 823 τοιαῦτα
1601 772 1630 829 ἠ
1681 772 1826 845 προρι

2005 789 2044 825 lS
2070 778 2314 828 sanctus
2353 779 2476 829 erat
2505 790 2641 830 cum
2678 774 2788 840 eis,
2817 776 3021 831 omnia
3066 774 3384 831 consulens
3417 782 3597 848 atque

231 864 468 939 ῥηθεῖσα
518 861 764 927 διέξεισιν
819 865 1061 932 ἱστορία·
1122 880 1149 911 α
1193 857 1259 911 Οἳ
1308 863 1398 911 καὶ
1448 861 1535 911 ἐπὶ
1591 867 1823 913 τοσοῦτοτ

2006 862 2212 932 rigens
2276 862 2337 919 in
2402 863 2689 922 melius.»
2728 868 2804 919 De
2856 865 3204 921 eorumdem
3266 873 3598 937 martyrum

234 953 477 1015 ζηλωταὶ
528 959 619 1007 καὶ
686 957 911 1026 μιμηταὶ
964 955 1213 1023 γεγόνασι
1266 956 1356 1001 τοῦ
1415 957 1664 1024 χριστοῦ,
1706 951 1826 1003 ὥστε

2006 951 2226 1023 quitate
2254 958 2433 1025 atque
2470 954 2839 1009 humanitate
2869 954 3160 1026 scriptura
3190 970 3260 1010 ea
3297 971 3482 1026 quam
3514 955 3598 1009 di-

232 1041 288 1095 έν
441 1046 655 1117 τοιαύτῃ
700 1040 829 1116 δόξῃ
880 1042 1222 1115 ὑπάρχοντες,
1254 1043 1344 1091 καὶ
1392 1038 1497 1109 ούχ
1525 1038 1665 1101 ἅπαξ
1714 1038 1824 1091 ἀλλά

2012 1057 2167 1107 mus,
2208 1041 2350 1097 talia
2399 1048 2693 1097 memorat
2722 1047 2797 1111 (t)
2830 1059 2842 1097 :
2874 1064 2903 1095 ‹‹
2937 1048 2997 1099 In
3043 1050 3273 1100 tantum
3326 1044 3599 1101 videlicet

230 1137 332 1185 καὶ
391 1132 633 1194 πολλάκις
682 1135 1131 1207 μαρτυρήσαντες,
1188 1135 1274 1181 καὶ
1331 1130 1399 1179 τὰ
1447 1132 1710 1201 στίγματα
1746 1135 1822 1180 τοί

2006 1131 2325 1186 mulatores
2377 1130 2553 1186 fuisse
2589 1134 2723 1187 Jesu
2774 1133 3006 1199 Christi,
3048 1138 3111 1188 ut
3163 1149 3302 1189 cum
3335 1134 3392 1187 in
3435 1139 3598 1192 tanta

226 1228 479 1297 Χριστοῦ
545 1226 908 1297 περικείμενοι,
959 1220 1067 1273 οὔτ’
1115 1218 1265 1271 αὐτοὶ
1306 1219 1578 1291 μάρτυρας
1628 1218 1818 1270 έαυτοὺι

2002 1220 2719 1292 ssentgloria,saspiusque
2753 1222 3016 1293 martyrii
3048 1237 3305 1292 agonem
3340 1222 3594 1290 obirent,

231 1311 608 1386 ἀνεκήρυττόν,
670 1311 785 1364 οὔτε
861 1313 964 1383 μὴν
1016 1310 1142 1381 ἡμῖν
1200 1306 1470 1380 ἐπέτρεπον
1535 1309 1701 1378 τούτῳ
1764 1314 1823 1378 τᾷ

2003 1309 2281 1381 hristique
2305 1309 2457 1366 adeo
2480 1312 2759 1381 stigmata
2798 1311 3263 1377 circumferrent,
3292 1328 3487 1385 neque
3532 1328 3595 1370 se

228 1399 456 1471 ὀνόματι
526 1401 930 1473 προσαγορεύειν
998 1397 1211 1457 αύτούς.
1283 1395 1421 1448 Ἀλλ’
1492 1398 1705 1449 εἴποτέ
1756 1416 1820 1449 τι.

2005 1397 2057 1452 εἰ
2096 1404 2387 1469 martyres
2426 1404 2727 1463 vocarent,
2755 1414 2949 1471 neque
2988 1399 3161 1455 nobis
3191 1402 3597 1472 permitterent

223 1492 386 1564 ἡμῶν
444 1487 517 1543 δι’
573 1488 853 1550 ἐπιστολῆς
904 1488 936 1547 ἣ
981 1484 1076 1540 διὰ
1126 1485 1283 1559 λόγου
1335 1486 1605 1559 μάρτυρας
1653 1485 1812 1538 αύτοὺ

2002 1492 2015 1542 t
2048 1501 2152 1541 eos
2207 1487 2451 1543 nomine
2501 1503 2571 1543 eo
2610 1487 3128 1559 compellaremus.
3172 1489 3343 1554 Quod
3374 1490 3420 1544 si
3461 1492 3594 1563 quis

224 1588 514 1655 προσεῖπε,
575 1587 770 1653 πικρῶς
818 1576 1167 1644 ἐπέπλησσον,
1224 1571 1391 1635 ἡδέως
1447 1579 1542 1632 τήν
1593 1593 1647 1626 τε
1697 1595 1816 1649 μαρ‹

2005 1582 2221 1633 )strum
2252 1576 2341 1632 vel
2370 1578 2425 1631 in
2453 1577 2739 1648 epistolis,
2771 1578 2859 1634 vel
2889 1578 2946 1633 in
2973 1579 3349 1635 sermonibus
3377 1586 3597 1653 marty-

225 1675 421 1744 τυρίας
502 1673 861 1745 προσηγορίαν
940 1672 1380 1739 παραχωροῦντες
1462 1672 1680 1739 Χριστῷ
1762 1673 1817 1735 ττξ

2000 1682 2037 1719 ιε.
2084 1681 2184 1720 eos
2237 1666 2627 1733 nominasset,
2685 1666 2881 1721 acrius
2932 1666 2993 1722 id
3030 1667 3592 1739 reprehendebant:

223 1758 467 1831 ἀληθινῷ
523 1764 613 1811 καὶ
667 1764 839 1828 πιστῷ
894 1758 1142 1830 μάρτυρι,
1198 1759 1288 1807 καὶ
1351 1758 1664 1829 πρωτοτόκῳ
1732 1762 1815 1805 τῶτ

2008 1754 2257 1810 :rlibeter
2308 1756 2572 1827 martyrii
2622 1755 3082 1827 appellationem
3116 1757 3391 1813 cedentes
3438 1757 3600 1813 Chri-

220 1857 443 1924 νεκρῶν,
492 1852 583 1900 καὶ
614 1846 840 1922 ἀρχηγῷ
880 1853 969 1905 τῆς
998 1845 1139 1905 ζωῆς
1181 1851 1272 1896 τοῦ
1305 1851 1457 1899 Θεοῦ.
1497 1863 1525 1894 ι)
1574 1842 1810 1914 Ἐπιλέγε

2004 1860 2056 1909 o,
2089 1859 2230 1899 vero
2275 1850 2328 1899 et
2374 1844 2530 1899 fideli
2573 1846 2820 1917 martyri
2873 1850 3052 1917 atque
3095 1847 3249 1916 testi,
3282 1847 3596 1920 eidemque

225 1936 289 1992 δε
356 1958 384 1990 α
436 1937 521 1999 Ὠς
574 1941 659 1990 καὶ
712 1945 812 1990 τῶν
880 1934 1241 1987 τελειωθέντων
1315 1932 1595 2005 έμέμνηντο
1649 1932 1817 1985 έκεῖνο.

2005 1933 2342 2004 'imogenito
2388 1949 2461 1988 ex
2501 1934 2769 1999 mortuis,
2802 1939 2857 1989 et
2917 1935 3048 1990 duci
3079 1935 3423 2007 auctorique
3463 1936 3597 1991 vitae

224 2030 518 2103 μάρτυρες,
610 2026 701 2088 οὒς
772 2028 1004 2099 Χριστὸς
1069 2026 1200 2097 πρὸς
1274 2022 1453 2075 ἑαυτὸν
1532 2022 1761 2075 εἵλκυσεν
1812 2039 1816 2051 ·

2007 2039 2081 2078 ao.
2128 2022 2299 2078 Addit
2349 2029 2633 2094 praeterea
2677 2023 2842 2089 illud,
2882 2024 3047 2096 quod
3092 2025 3269 2080 etiam
3292 2025 3599 2080 defuncto-

226 2119 384 2191 ἡμεῖς
442 2113 502 2170 δι
545 2120 747 2191 μέτριοι
816 2119 905 2167 καὶ
960 2109 1258 2185 ούδαμινοί.
1320 2117 1419 2165 Kal
1478 2111 1638 2184 εύχὰς
1675 2116 1818 2184 ᾔτουπ

2005 2128 2077 2167 ιω
2128 2112 2481 2167 memoriam
2537 2111 2891 2167 celebrarint
2936 2130 2949 2167 ε
2996 2112 3126 2167 illos
3177 2113 3401 2169 scilicet
3466 2129 3597 2169 esse

227 2209 365 2260 ὥστε
416 2210 507 2258 καὶ
558 2205 749 2266 αύτούς
805 2206 892 2256 τὸν
951 2205 1068 2255 ἴσον
1121 2196 1274 2255 ἆθλον
1330 2197 1645 2276 διαδραμεῖν
1678 2218 1690 2230 ·
1744 2206 1819 2254 καὶ

2010 2208 2258 2272 artyres,
2287 2217 2444 2273 quos
2477 2201 2735 2256 Christus
2772 2201 2849 2256 ad
2882 2216 2945 2256 se
2986 2202 3375 2269 traxisset;se
3396 2207 3596 2258 autem

232 2300 327 2356 τὴν
378 2299 469 2369 μεν
516 2290 741 2367 δύναμιν
794 2300 886 2352 τῆς
934 2296 1225 2367 μαρτυρίας
1276 2293 1410 2365 ἔργῳ
1459 2291 1648 2349 πολλὴν
1704 2289 1824 2366 παῤ-

2007 2290 2090 2346 les
2121 2306 2274 2355 esse,
2307 2296 2363 2346 et
2401 2289 2619 2345 nullius
2671 2291 2752 2345 rei
2805 2290 3081 2346 homines
3118 2291 3402 2347 dicentes.
3459 2294 3598 2348 Ora-

226 2386 426 2461 ῥησίαν
497 2384 712 2455 ἄγοντες
780 2378 1133 2434 έπεδείκνυντο
1162 2397 1174 2410 ·
1248 2387 1571 2455 παρῃτοῦντο
1632 2375 1692 2431 δε
1760 2382 1812 2432 ἔτ

2002 2395 2135 2435 ones
2165 2394 2409 2451 quoque
2448 2394 2551 2451 pro
2591 2395 2653 2434 se
2692 2380 2817 2434 fieri
2874 2381 3187 2451 petierunt,
3230 2386 3293 2435 ut
3342 2387 3399 2436 et
3451 2382 3594 2453 ipsis

227 2478 324 2535 τὴν
368 2476 751 2548 προσηγορίαν,
832 2469 970 2543 φόϐῳ
1030 2476 1183 2535 Θεοῦ,
1263 2470 1363 2521 ύπό
1433 2474 1527 2527 τὴν
1584 2471 1819 2542 κραταιὰι

2003 2469 2265 2524 ιτίοωὶοο
2297 2469 2577 2540 paricum
2608 2468 2786 2524 laude
2816 2468 3059 2541 defungi
3080 2468 3297 2525 liceret.
3318 2469 3429 2535 Qui
3458 2486 3595 2526 cum

232 2564 392 2618 αὐτοῦ
423 2564 812 2634 ταπεινούμενοι
841 2567 1021 2634 χεῖρα,
1069 2560 1154 2632 ὑφ’
1194 2559 1225 2617 ἦ
1238 2579 1258 2621 ς
1290 2560 1471 2619 ἱκανῶς
1522 2558 1824 2629 ὑψώθησανη

2002 2563 2210 2613 sertate
2242 2556 2428 2612 multa
2468 2556 2615 2621 freti,
2644 2558 2823 2612 rebus
2854 2557 2999 2629 ipsis
3028 2559 3292 2630 martyrii
3317 2558 3594 2614 virtutem

231 2653 338 2708 Καὶ
392 2652 733 2724 ἀπελογοῦντο
778 2652 869 2722 μεν
928 2650 1084 2715 πάσι,
1131 2652 1458 2722 κατηγόρουν
1507 2643 1567 2699 δε
1609 2644 1823 2707 οὐδενός.

2004 2651 2317 2713 resstarent,
2351 2661 2571 2701 nomen
2612 2651 2811 2702 tamen
2836 2652 2973 2702 sunt
3006 2647 3305 2719 deprecati
3334 2663 3347 2701 :
3387 2649 3596 2704 timore

240 2746 344 2795 Καὶ
397 2740 535 2794 ἔλυον
600 2742 689 2813 μεν
747 2740 963 2802 πάντας,
1027 2733 1282 2809 έδέσμουν
1354 2732 1413 2788 δε
1468 2732 1675 2788 οὐδένα.
1734 2740 1832 2788 Καὶ

2007 2735 2046 2789 ei
2077 2735 2190 2791 sub
2215 2736 2439 2808 potenti
2467 2752 2649 2790 manu
2680 2736 2808 2806 ejus
2834 2736 3126 2792 humiliati
3157 2737 3227 2801 ⁵¹,
3256 2754 3290 2792 a
3311 2752 3433 2808 qua
3456 2737 3599 2793 satis

240 2831 367 2903 ὑπερ
420 2838 515 2882 τῶν
576 2828 625 2881 έν
691 2824 880 2889 δεινοῖς
932 2824 1267 2880 διατιθέντων
1322 2828 1508 2885 αύτούς
1562 2828 1829 2897 ηὔχοντο’

2006 2824 2157 2879 ainde
2197 2830 2336 2879 sunt
2374 2823 2635 2879 exaltati.
2670 2826 2735 2879 Et
2778 2824 2891 2896 ipsi
2928 2824 3171 2897 quidem
3204 2825 3598 2881 defenderunt

241 2919 357 2994 ὅπερ
397 2915 463 2976 δὴ
494 2922 584 2971 καὶ
634 2921 883 2990 Στέφανος
912 2919 1180 2990 πρότερον.
1217 2935 1245 2964 ν
1297 2918 1399 2967 Καὶ
1446 2913 1599 2967 πάλιν
1655 2914 1832 2975 αὐταῖς

2007 2928 2175 2977 nnes,
2208 2919 2571 2969 accusarunt
2599 2920 2797 2968 autem
2832 2915 3151 2968 neminem.
3188 2914 3363 2986 313
3393 2914 3599 2971 Dolve-

231 3005 396 3071 λέξεσι
450 3008 561 3081 μετ’
654 3005 806 3078 ὀλίγα
877 3009 1039 3078 φησὶν
1076 3006 1106 3063 ἡ
1164 3008 1338 3079 γραφὴ
1371 3020 1383 3033 ·
1447 3023 1475 3055 α
1519 3003 1681 3064 Οὗτος
1725 3006 1823 3080 γὰρ

2003 3009 2076 3058 ιω
2101 3002 2304 3058 itidem
2344 3017 2575 3067 omnes,
2601 3002 2862 3072 ligarunt
2900 3003 3201 3059 neminem
3235 3020 3248 3059 :
3279 3012 3455 3076 atque
3486 3020 3595 3077 pro

222 3070 474 3171 μέγιστος
526 3095 708 3159 αὐτοῖς
743 3070 895 3169 ’πρὸς
926 3094 1082 3147 αὐτόν
1142 3070 1428 3165 όηπόλεμος
1481 3091 1675 3163 έγένετο

2001 3110 2021 3145 s
2041 3092 2185 3165 quid
2221 3108 2283 3148 se
2312 3093 2569 3147 summis
2596 3091 2931 3148 aﬂ‘ecissent
2965 3092 3157 3159 malis,
3185 3099 3323 3148 sunt
3354 3094 3593 3165 precati,

218 3190 277 3241 τό
322 3192 547 3259 γνήσιον
598 3194 691 3247 τῆς
719 3186 947 3257 ἀγάπης,
1000 3185 1082 3236 ἶνα
1132 3181 1480 3255 ἀποπνιχθεὶς
1510 3184 1537 3233 ό
1587 3184 1707 3256 θὴρ,
1740 3181 1810 3242 οὓς

2004 3200 2016 3238 ι
2066 3188 2126 3236 ut
2185 3181 2246 3237 id
2296 3186 2475 3237 antea
2539 3182 2755 3238 fecerat
2811 3182 3175 3253 Stephanus.
3230 3206 3258 3232 »
3312 3184 3596 3255 Deinceps

215 3283 469 3354 πρότερον
544 3278 671 3347 ᾤετο
754 3277 1203 3340 καταπεπωκέναι,
1288 3272 1479 3333 ζῶντας
1557 3272 1807 3345 ἒξεμέσῃη

2003 3271 2216 3343 riptum
2249 3270 2308 3326 id
2339 3271 2501 3326 hisce
2522 3271 2596 3326 de
2619 3272 2702 3326 eis
2733 3273 2913 3327 utitur
2940 3271 3137 3327 verbis
3171 3290 3185 3328 ε
3213 3293 3239 3322 ι(
3270 3272 3595 3327 Maximum

218 3371 277 3421 ού
302 3369 411 3442 γὰρ
444 3364 623 3418 ἔλαϐον
675 3366 938 3437 καύχημα
974 3365 1110 3415 κατά
1138 3370 1239 3415 τῶν
1269 3366 1609 3414 πεπτωκότων
1649 3376 1661 3388 ·
1716 3361 1805 3413 ἀλλ

2004 3363 2047 3417 is
2094 3360 2319 3416 bellum
2364 3366 2570 3417 contra
2612 3361 3023 3417 adversarium
3072 3361 3201 3424 fuit,
3250 3377 3355 3432 per
3408 3362 3596 3417 chari-

213 3454 261 3508 έν
349 3456 433 3517 οἷς
510 3453 813 3514 έπλεόναζον
873 3453 1042 3519 αὐτοὶ,
1098 3459 1252 3505 τοῦτο
1314 3458 1420 3511 τοῖς
1485 3447 1805 3524 ένδεεστέροιι

2003 3451 2067 3506 lis
2095 3450 2517 3517 sinceritatem,
2561 3456 2623 3505 ut
2647 3450 2843 3506 bellua
2881 3450 2977 3506 illa
3013 3451 3402 3521 strangulata,
3437 3468 3595 3523 quos

214 3551 502 3622 επηρκουν,
561 3562 796 3618 μητρικα
855 3542 1141 3614 σπλάγχνα
1221 3543 1446 3613 ἔχοντες,
1514 3544 1604 3592 καὶ
1662 3540 1806 3593 πολλί

1999 3541 2098 3595 ’ίιιε
2150 3540 2257 3595 sibi
2317 3541 2637 3595 devorasse
2690 3540 3027 3605 videbatur,
3080 3541 3245 3595 vivos
3295 3539 3591 3595 redderet.

212 3642 330 3710 περὶ
391 3634 562 3687 αὐτῶν
610 3632 873 3706 ἐκχέοντες
950 3629 1161 3707 δάκρυα
1231 3633 1362 3704 πρὸς
1431 3632 1519 3681 τὸν
1594 3634 1801 3703 Πατέρα

1998 3644 2060 3685 )n
2105 3629 2262 3683 enim
2288 3628 2517 3698 gloriati
2546 3634 2684 3683 sunt
2713 3645 2893 3700 super
2922 3629 3394 3699 delinquentium
3425 3645 3590 3689 casu.

208 3730 355 3785 Ζωην
400 3724 686 3797 ᾐτήσαντο,
741 3726 828 3774 καὶ
884 3717 1073 3774 έδωκεν
1118 3719 1311 3785 αὐτοῖς,
1368 3718 1431 3778 ἣν
1475 3723 1564 3771 καὶ
1614 3738 1799 3791 συνεμε

2002 3719 2040 3773 d
2093 3719 2315 3790 quibus
2360 3718 2468 3790 ipsi
2502 3718 2892 3773 abundarunt
2942 3719 3149 3787 gratiis
3188 3723 3243 3773 et
3288 3718 3486 3783 donis,
3517 3718 3592 3775 de

210 3819 437 3889 ρίσειντο
494 3820 600 3873 τοῖς
658 3810 922 3869 πλησίον·
972 3815 1063 3862 καὶ
1122 3811 1305 3869 πάντες
1355 3813 1626 3881 νικηφόροι
1698 3811 1798 3882 πρὸ

2002 3807 2164 3863 sdem
2204 3806 2607 3876 indigentibus
2638 3808 3181 3863 communicarunt.
3216 3809 3277 3862 Et
3320 3813 3594 3864 materna

210 3906 296 3956 τὸν
354 3904 488 3957 Θεὸν
542 3900 866 3966 ἀπελθόντες,
921 3899 1127 3973 εἰρήνην
1184 3898 1551 3971 ἀγαπήσαντες
1603 3896 1699 3962 ἀεὶ,
1734 3916 1802 3949 κα

1999 3913 2183 3953 ⁵01⁸8118
2208 3896 2497 3951 habentes
2528 3896 2774 3962 viscera,
2790 3895 3009 3951 multas
3028 3912 3135 3968 pro
3152 3898 3236 3953 eis
3262 3896 3339 3953 ad
3360 3900 3591 3968 patrem

211 3992 427 4067 εἰρήνην
474 3992 599 4064 ἡμῖν
652 3993 1127 4062 παρεγγυήσαντες,
1189 3988 1296 4061 μετ’
1350 3986 1557 4062 εἰρήνης
1620 3985 1796 4062 ἰχώρη

2004 3987 2331 4043 ofuderunt
2380 3985 2701 4057 lacrymas.
2751 3987 2938 4041 Vitam
2985 3987 3303 4058 petierunt,
3339 3994 3396 4043 et
3427 3987 3596 4044 dedit

212 4098 309 4136 σαν
361 4084 496 4155 πρὸς
526 4084 614 4134 τόν
668 4084 816 4147 Θεὸν,
872 4083 944 4152 μὴ
982 4077 1352 4140 καταλιπόντες
1402 4084 1555 4130 πόνον
1607 4084 1669 4149 τῇ
1725 4096 1797 4149 μη

1997 4094 2037 4143 s,
2069 4092 2253 4149 quam
2293 4077 2582 4147 proximis
2640 4075 2765 4129 suis
2817 4076 3249 4147 impertierunt,
3292 4080 3350 4132 et
3378 4090 3589 4132 omnes

211 4177 318 4246 τρὶ,
368 4168 512 4244 μηδὲ
570 4172 758 4223 στάσιν
806 4174 895 4222 καὶ
950 4169 1170 4241 πόλεμον
1222 4174 1327 4228 τοῖς
1377 4163 1640 4239 ἀδελφοῖς,
1697 4165 1803 4219 ἀλλα

1995 4172 2185 4222 ctores
2251 4165 2329 4221 ad
2382 4168 2564 4221 Deum
2628 4163 3008 4221 transierunt.
3078 4163 3287 4221 Pacem
3350 4179 3586 4237 semper

210 4264 418 4338 χαρὰν,
464 4260 691 4335 εἰρήνην,
737 4264 826 4312 καὶ
870 4260 1110 4331 ὁμόνοιαν
1150 4262 1239 4310 καὶ
1289 4255 1521 4329 ἀγάπην.
1568 4276 1597 4309 η
1647 4262 1802 4308 Ταῦτι

1991 4254 2413 4327 »ωριοοιεηιθε,
2443 4260 2499 4309 et
2529 4268 2739 4327 pacem
2772 4254 2946 4308 nobis
2979 4254 3495 4322 commendantes,
3524 4252 3583 4308 in

215 4345 275 4403 δὶ
356 4352 655 4425 παρεθέμην
733 4356 830 4411 τῆς
905 4356 1004 4401 τῶν
1087 4350 1578 4419 παραπεπτωκότων
1658 4347 1807 4419 χάριι

1997 4360 2079 4400 tce
2105 4344 2183 4400 ad
2208 4346 2391 4399 Deum
2425 4348 2821 4415 pervenerunt
2853 4359 2864 4398 :
2899 4358 3018 4399 non
3049 4343 3317 4399 laborem
3346 4348 3448 4399 aut
3477 4342 3589 4397 do-

216 4447 449 4514 στοργῆς
502 4447 603 4492 τῶν
672 4442 944 4511 μακαρίων
1004 4432 1229 4511 ἀνδρῶν,
1301 4442 1397 4497 τῆς
1470 4434 1808 4510 ἀπανθρώπου.

2004 4450 2116 4490 rem
2160 4433 2356 4499 matri,
2391 4448 2584 4505 neque
2616 4432 2969 4488 seditionem
3002 4438 3104 4488 aut
3144 4432 3368 4488 bellum
3402 4431 3596 4487 fratri-

210 4536 301 4583 καὶ
355 4528 603 4591 ἀνηλεοῦς
633 4528 777 4580 ἕνεκα
823 4525 1109 4589 διαθέσεως
1154 4534 1254 4578 τῶν
1294 4528 1426 4598 μετὰ
1463 4532 1633 4577 ταῦτα
1682 4522 1798 4596 ἀφει

1997 4541 2065 4587 ιε,
2117 4523 2221 4578 sed
2272 4523 2584 4594 gaudium,
2611 4538 2839 4594 pacem.
2896 4522 3283 4578 concordiam
3313 4528 3368 4577 et
3399 4522 3589 4578 chari-

214 4613 321 4683 δῷς
365 4626 479 4681 τοῖς
530 4625 766 4693 Χριστοῦ
815 4616 993 4690 μέλεσι
1043 4616 1553 4688 πφοσενηνεγμένων,
1611 4618 1701 4666 καὶ
1747 4617 1806 4686 μί

1998 4619 2111 4669 tem
2170 4611 2589 4683 relinquentes.
2632 4631 2659 4663 ν
2694 4612 2822 4667 Haec
2886 4610 3109 4677 addidi,
3162 4616 3288 4666 tum
3346 4615 3590 4683 prOpter

212 4712 271 4762 τὸ
344 4710 616 4782 συμπαθὴς
684 4728 753 4770 ως
812 4710 1183 4783 προσηκόντως
1239 4703 1631 4780 πραϐεϐληένων
1665 4724 1678 4737 ·
1734 4722 1803 4755 κα

1998 4702 2518 4772 ncerampiamque
2542 4707 2885 4757 sanctorum
2907 4700 3141 4755 illorum
3157 4702 3425 4754 virorum
3446 4714 3590 4769 erga

215 4793 298 4852 ἵνα
351 4802 428 4873 μὴ
484 4802 578 4857 τὴν
632 4796 792 4872 ὀφρύν
840 4800 1053 4872 αἴροιεν,
1084 4796 1130 4850 εἰ
1171 4798 1263 4847 καί
1293 4814 1344 4847 τι
1372 4798 1497 4855 τέως
1550 4794 1807 4868 κατωρθω·

1998 4806 2135 4863 psos
2168 4788 2562 4858 affectionem,
2603 4797 2728 4846 tum
2773 4796 3015 4862 propter
3039 4789 3441 4845 inhumanum
3474 4790 3590 4844 im-

212 4893 353 4951 κότες
413 4887 565 4941 εἰσίν.
627 4884 771 4946 Ἤδη
828 4884 887 4941 δε
937 4892 1029 4940 καὶ
1084 4894 1183 4939 τῶν
1244 4884 1376 4958 ἀμφὶ
1425 4883 1689 4937 Μοντανὸν
1736 4901 1804 4934 κα

2002 4879 2505 4951 isericordemque
2562 4896 2769 4935 eorum
2797 4879 3089 4944 animum,
3122 4879 3227 4951 qui
3248 4888 3455 4950 postea
3489 4894 3590 4933 suo

212 4974 566 5037 Ἀλκιϐιάδην
605 4982 695 5030 καὶ
744 4974 1000 5031 Θεόδοτον
1048 4980 1165 5049 περὶ
1209 4977 1411 5051 Φρύγας
1442 4972 1564 5047 ἄρτι
1608 4977 1796 5045 πρώτω

1997 4969 2115 5025 :rbe
2142 4974 2198 5025 et
2247 4969 2562 5024 erudellter
2596 4966 2881 5025 membris
2940 4968 3150 5023 Christi
3205 4966 3589 5034 insultarunt,

213 5071 310 5127 τὴν
366 5074 459 5121 τοῦ
507 5069 843 5144 προφητεύειν
891 5065 1154 5138 ὑπόληψιν
1213 5064 1527 5136 ἀπανταχοῦ
1568 5061 1805 5135 θρυλλου⁴

1999 5060 2285 5132 illamque
2306 5075 2514 5115 eorum
2536 5074 2641 5131 per
2656 5059 3094 5131 compassionis
3111 5059 3388 5113 virtutem
3402 5057 3591 5112 habu-

216 5160 381 5228 μένων
463 5157 647 5230 (εἰσέτι
713 5158 815 5231 γὰρ
891 5164 991 5209 τῶν
1065 5157 1213 5208 θείων
1286 5154 1637 5227 χαρισμάτων
1691 5153 1808 5203 κατέ

1998 5156 2109 5205 unt
2128 5150 2440 5205 rationem.
2475 5149 2582 5214 Qui
2633 5164 2775 5204 sane
2814 5147 3046 5204 etiamsi
3079 5154 3203 5203 tum
3254 5147 3590 5219 quidquam

220 5239 509 5322 διαφόρους
573 5245 856 5309 ἐκκλησίας
910 5243 1247 5319 τελουμένων,
1309 5240 1482 5297 ἐδόκει
1538 5247 1643 5303 τοῖς
1708 5240 1812 5293 πολ·

1997 5242 2043 5294 it
2073 5237 2334 5293 ofﬁciose
2383 5237 2665 5306 fecerunt,
2725 5242 2829 5293 aut
2874 5243 3029 5292 recte
3074 5240 3424 5299 statuerunt,
3466 5250 3589 5290 non

216 5331 327 5401 λοῖς
392 5345 493 5391 τῶν
551 5336 676 5390 ’ἰσων
738 5340 977 5410 μετέχειν
1009 5353 1023 5371 ο
1082 5341 1178 5390 καὶ
1229 5331 1326 5389 διὰ
1390 5334 1577 5387 τούτου
1648 5334 1808 5386 πίστιτ

1997 5328 2221 5386 ηιῐίωιο
2272 5333 2472 5384 tamen
2530 5326 2645 5382 sibi
2694 5326 2985 5400 placeant,
3012 5324 3101 5381 vel
3136 5324 3453 5398 supercilia
3481 5324 3589 5381 eri-

293 5506 337 5542 "
373 5506 563 5561 lPetr.
592 5519 649 5569 v,
678 5506 740 5563 6.

296 5621 375 5697 (1)
406 5622 621 5679 Euseb.
646 5619 752 5678 lib.
780 5635 832 5690 ν,
868 5636 1000 5695 cap.
1035 5623 1089 5676 2.
