4032 6282
499 215 640 271 1027
1793 213 2186 273 NICEPHORI
2222 213 2542 273 CALLISTI
3731 216 3862 273 i028

495 361 662 427 gant.
726 357 1020 413 Caterum
1083 371 1222 412 cum
1274 357 1402 428 jam
1461 362 1590 414 tum
1657 361 1921 431 primum
1985 375 2087 430 api

2278 349 2518 413 ταρείχον
2574 345 2638 404 ὡς
2691 344 3100 418 προγητεύουσι)
3134 365 3146 378 ·
3182 341 3472 417 διαφωνίας
3519 347 3714 396 τοίνυν
3759 348 3870 417 περὶ

497 448 756 518 Phryges
815 446 1152 508 Montanus,
1192 451 1249 501 et
1305 429 1741 514 Alcibiadem—et
1789 429 2089 505 Theodotu

2279 435 2454 484 τούτων
2483 436 2542 484 οὗ
2571 439 2783 507 μετρίας
2835 439 3021 501 οὔσης,
3053 437 3102 488 οἱ
3139 437 3276 486 κατὰ
3317 439 3410 493 τὴν
3440 432 3672 486 Γαλλίαν
3725 429 3871 484 ἀδελ-

494 537 925 608 propbetarum
953 535 1298 606 opinionem
1325 538 1555 608 passim
1571 538 2083 594 famaobtinnisse

2278 527 2345 578 μοὶ
2375 527 2469 580 τῆν
2495 523 2689 574 ἑαυτῶν
2728 523 2916 597 εὐλαϐῆ
2965 528 3054 575 καὶ
3097 522 3380 596 ὀρθόδοξον
3425 529 3608 595 κρίσιν
3641 523 3870 574 ὑποτάτ-

493 627 682 696 (quod
709 639 865 679 enim
899 639 969 678 ea
995 639 1236 695 quoque
1277 631 1630 696 tempestate
1661 629 1826 682 varia
1856 627 2018 682 dona
2047 626 2085 680 Ι]

2279 631 2409 664 ὀυσι
2465 620 2527 682 τῇ
2589 613 2829 688 εἰρημένη
2882 621 3080 687 γραφῇ,
3128 619 3219 665 καί
3262 632 3410 676 τινας
3450 612 3729 684 ἓκθίμενοι
3776 619 3871 662 τῶν

494 713 554 768 in
608 712 811 768 multis
861 711 1140 767 ﬂorerent
1189 713 1706 780 ecclesiis,multis
1753 715 1834 771 illi
1867 716 1979 769 visi
2010 731 2086 768 su

2281 698 2636 773 ΐιειλημμένων
2715 705 2994 776 μαρτύρων
3055 701 3350 767 ἐπιστολὰς,
3431 701 3496 763 ἃς
3571 704 3873 773 ἔμφρουροι

492 800 924 856 charismatum
970 816 1178 856 eorum
1224 802 1543 873 participes
1588 819 1739 872 esse,
1781 803 2084 876 proindqu

2281 797 2394 851 an;
2435 799 2548 853 τοῖς
2602 790 2680 844 ἐπ’
2711 791 2896 852 Ἀσίας
2940 797 3030 844 καὶ
3061 797 3291 866 Φρυγίας
3347 788 3594 863 ἀδελφοῖς
3655 787 3693 842 δ
3701 794 3873 862 ιεπίμ-

491 889 819 961 prophetia
877 889 1058 944 tidem
1099 893 1412 962 meruere),
1437 899 1494 946 et
1526 893 1830 948 sententia
1858 891 2083 963 plurimi

2281 880 2424 933 ὒαντο
2467 885 2586 954 περί
2625 900 2778 932 τινων
2828 879 3278 939 ίκκλησιαστικῶν
3332 881 3722 942 συζητήσεων.
3775 883 3873 932 Καὶ

492 993 626 1034 rum
662 977 737 1033 de
786 977 870 1032 eis
910 977 1228 1044 variarent,
1260 980 1364 1052 qui
1405 982 1463 1035 in
1510 981 1696 1036 Gallia
1725 980 1889 1036 fuere
1918 980 2084 1036 fratre

2282 974 2324 1022 ἐι
2508 977 2600 1029 τῆς
2651 969 2705 1031 ἐξ
2761 969 2980 1032 Ἰταλίας
3025 978 3226 1045 γραφῆς
3275 977 3386 1033 τοῖς
3446 968 3495 1022 ἐν
3547 970 3736 1041 Ἀσίᾳ
3788 973 3874 1021 καὶ

493 1069 658 1139 pium
717 1073 1065 1139 rectumque
1116 1068 1191 1122 de
1229 1069 1313 1122 eis
1347 1069 1643 1138 judicium
1700 1087 1878 1126 suum
1917 1071 1977 1125 in
2009 1086 2085 1124 εει

1361 1069 1643 1137 iudicium
1700 1087 1878 1126 suum
1917 1071 1977 1125 in
2009 1069 2146 1125 scri-
2257 1064 2461 1132 Φρυγίᾳ
2488 1057 2536 1110 έν
2557 1062 2764 1121 τούτοις
2791 1056 2953 1116 ἦσαν.

488 1171 681 1237 ptum,
708 1166 869 1238 quod
904 1181 1062 1237 sape
1092 1167 1372 1232 diximus,
1405 1168 1753 1234 retulerunt,
1796 1168 2117 1240 eidemque
2146 1160 2448 1237 quasdam
2487 1173 2697 1214 eorum
2721 1159 2825 1230 qui
2855 1156 3315 1213 commemorati
3354 1162 3498 1212 sunt
3524 1161 3873 1227 martyrum

488 1255 770 1326 epistolas
799 1256 1193 1318 inseruerunt,
1225 1271 1380 1327 quas
1431 1257 1514 1311 illi
1571 1273 1645 1312 ex
1701 1259 1956 1313 vinculis
1997 1263 2055 1312 et
2110 1265 2346 1310 carcere
2404 1247 2482 1303 ad
2530 1246 2739 1302 fratres
2795 1247 2855 1302 in
2885 1247 3025 1304 Asia
3052 1252 3111 1303 et
3133 1247 3394 1319 Phrygia
3431 1246 3510 1303 de
3547 1243 3873 1302 nonnullis

487 1342 901 1399 ecclesiasticis
925 1343 1350 1416 quastionibus
1375 1345 1684 1402 dederunt.
1713 1353 1901 1418 Atque
1925 1347 2052 1402 hac
2081 1341 2328 1417 quidem
2354 1339 2664 1394 hactenus.

1008 1441 1187 1514 314
1229 1442 1453 1498 CAPUT
1492 1444 1623 1499 XIX.

2859 1440 3101 1488 ΚΕΦΔΔ.
3143 1432 3252 1490 ΙΘ’.

493 1547 606 1616 Qui
635 1554 757 1604 tum
791 1549 1064 1619 temporis
1084 1549 1146 1621 in
1179 1550 1422 1606 excelsis
1451 1551 1802 1621 episcopalis
1832 1549 2085 1621 dignitat

2276 1550 2433 1606 Γίνες
2467 1550 2600 1603 τοῖς
2637 1541 2915 1612 ὑψηλοῖς
2969 1549 3088 1621 τ-ῶν
3131 1544 3314 1613 ἱερῶν
3381 1541 3634 1615 θρόνων
3697 1558 3868 1597 τηνι-

1023 1620 1254 1677 sedibus
1274 1609 1610 1678 enituei‘int.
1645 1609 1658 1620 ’
1896 1609 1922 1621 ⁷

1896 1609 1922 1621 ⁷
2696 1609 2944 1666 “καῦτα
2983 1609 3359 1687 διέπρεπον.

560 1725 896 1781 Antoninus
925 1727 1001 1796 (1)
1051 1735 1273 1792 autem,
1299 1728 1424 1782 Veri
1468 1727 1666 1795 frater,
1703 1734 1932 1798 septem
1972 1727 2146 1784 annis

2323 1731 2624 1789 Ἀντωνῖνος
2692 1725 2750 1780 δε
2817 1729 2845 1780 6
2899 1730 3006 1788 υἱός
3057 1729 3279 1802 Μάρκου
3340 1729 3616 1798 τέσσαρας
3698 1733 3871 1798 μῆνας

487 1819 544 1870 et
568 1819 828 1886 quatuor
860 1813 1164 1869 mensibus
1203 1817 1475 1871 Romano
1512 1817 1929 1872 administrato
1959 1817 2079 1888 imp

2280 1823 2381 1894 πρὸς
2411 1815 2542 1872 δέκα
2585 1813 2900 1888 διαγεγονὼς
2940 1823 3003 1888 τῆ
3062 1813 3309 1888 βασιλείᾳ
3359 1813 3641 1879 ἐνιαυτοῖς,
3691 1818 3872 1887 Κομό-

483 1904 595 1969 rio,
652 1903 982 1958 Commodo
1032 1902 1094 1958 id
1146 1903 1404 1976 reliquit.
1471 1905 1648 1976 Cujus
1699 1907 1934 1961 decimo
1981 1922 2075 1960 ani

2279 1908 2330 1981 ’ῳ
2354 1918 2450 1969 τῆς
2473 1907 2652 1981 ἀρχῆς
2693 1906 3038 1968 ὑπεξίσταται
3070 1924 3084 1936 ·
3117 1905 3179 1957 οὗ
3205 1913 3278 1975 τῷ
3326 1899 3524 1974 δεκάτῳ
3552 1912 3657 1964 τῆς
3685 1903 3871 1976 ἀρχῆς

485 1991 831 2047 Eleutherus
879 1991 1098 2047 Soteris
1145 2009 1452 2048 successor
1489 1996 1691 2050 Roma
1723 1995 2073 2066 episcopatu

2276 2017 2349 2050 τει
2389 1997 2678 2071 Ἐλεύθερος
2731 1996 2758 2047 6
2809 1998 2941 2066 μετὰ
2988 2001 3203 2066 Σωτῆρα
3244 2000 3340 2054 τῆς
3392 1992 3597 2065 Ῥώμης
3648 1992 3868 2046 ἐπισκο-

486 2080 803 2136 tenuit.Cui
827 2080 1061 2147 deinde,
1082 2097 1219 2136 cum
1253 2083 1532 2138 tredecim
1563 2083 1897 2156 prafuisset
1926 2099 2078 2139 anno

2272 2094 2444 2151 τήσας,
2478 2089 2564 2142 ἔτη
2619 2081 2750 2136 δέκα
2793 2087 2926 2154 πρὸς
2953 2088 3096 2156 τρισὶ
3121 2081 3581 2155 λελειτουργηκῶς,
3634 2087 3864 2154 Βίκτωρι

483 2170 676 2224 Victor
723 2176 810 2225 est
860 2170 1242 2239 subrogatus.
1290 2172 1390 2226 Hic
1451 2172 1772 2228 Ecclesiam
1822 2172 1902 2227 ibi
1931 2172 2074 2227 dece

2265 2175 2622 2246 ιαταλιμπάνει
2672 2176 2760 2224 τόν
2821 2174 3020 2244 θρόνον,
3083 2174 3281 2223 Τούτου
3340 2167 3399 2222 δὲ
3448 2170 3557 2242 οὐχ
3609 2171 3778 2228 ἧττον
3827 2173 3857 2230 ἦ

483 2258 839 2329 gubernavit
895 2262 1092 2323 annis,
1162 2266 1215 2315 et
1267 2276 1674 2317 successorem
1736 2262 2071 2333 Zephyrinu

2262 2261 2379 2317 ῗίκα
2426 2266 2591 2316 ἔτεσιν
2643 2263 3000 2333 ἡγησαμένου,
3046 2265 3324 2332 Ζεφυρῖνος
3366 2255 3648 2330 διάδοχος

479 2347 711 2413 habuit,
743 2364 905 2404 nono
945 2349 1176 2420 imperii
1209 2350 1410 2404 Severi
1436 2367 1616 2405 anno.
1641 2351 2006 2423 Zephyrino,
2033 2367 2071 2422 q

2265 2353 2442 2418 νίζετο,
2525 2356 2752 2421 Σευῆρον
2831 2356 2921 2409 τῆς
2989 2346 3262 2421 βασιλείας
3346 2351 3549 2400 ἔννατον
3633 2349 3857 2419 ἄγοντος

480 2438 686 2493 decem
733 2443 791 2492 et
831 2441 966 2492 octo
1015 2438 1188 2493 annis
1229 2439 1549 2494 Ecclesium
1600 2442 1932 2496 Romanam
1968 2455 2068 2495 rex

2259 2445 2375 2504 ἔτος.
2437 2443 2578 2494 Μετὰ
2632 2435 2691 2491 δε
2742 2445 2922 2490 τοῦτον
2969 2439 3134 2490 ἔτεσιν
3193 2436 3258 2496 ιη’
3305 2439 3729 2509 ὑπουργήσαντα
3768 2439 3851 2489 τόν

479 2526 750 2581 Callistus
807 2531 896 2580 est
945 2526 1227 2582 suilectus
1261 2528 1405 2599 :qui
1463 2544 1598 2584 eam
1638 2531 1906 2601 quinque
1957 2544 2071 2584 ann

2251 2532 2434 2606 κλῆρον
2519 2538 2616 2590 τῆς
2697 2528 3020 2599 λειτουργίας
3099 2525 3389 2588 Κάλλιστος
3451 2524 3802 2598 ἀνελάμϐανθ
3827 2546 3843 2560 ο

477 2614 980 2679 administratam,
1044 2614 1281 2671 Urbano
1351 2617 1678 2672 successori
1748 2616 2000 2689 reliquit.

2248 2620 2301 2682 ὃς
2358 2623 2497 2672 ἔτεσι
2550 2621 2698 2670 πέντε
2749 2615 3052 2682 ἐπιϐιώσας,
3085 2614 3337 2688 Οὗρϐανῷ
3373 2619 3467 2672 τὴν
3513 2614 3840 2689 λειτουργίαν

476 2703 880 2760 Alexandrina
902 2702 1157 2760 Ecclesia
1187 2705 1548 2777 Agrippinus
1589 2705 1910 2762 duodecim
1937 2722 2068 2762 anni

2245 2709 2564 2761 καταλείπει.
2604 2713 2716 2758 Τῶν
2767 2725 2826 2776 γε
2882 2709 2987 2776 μὴν
3043 2703 3160 2756 κατ’
3214 2701 3619 2776 Ἀλεξάνδρειαν
3670 2724 3837 2778 παροι-

476 2794 890 2865 episcopatum
939 2793 1136 2862 gessit.
1200 2793 1263 2848 Ei
1293 2793 1566 2850 Julianus
1618 2797 1902 2850 successit
1955 2818 1968 2850 :
2024 2811 2064 2867 q

2243 2807 2367 2849 κιῶν
2408 2796 2689 2856 Ἰουλιανός
2737 2798 2831 2852 τῆν
2858 2792 3142 2850 ἐπισκοπὴν
3194 2791 3575 2867 ἐγχειρίζεται,
3628 2794 3833 2865 Ἀγριπ.

475 2882 684 2937 decem
713 2883 885 2936 annis
913 2897 1158 2937 munere
1194 2898 1366 2938 sacro
1396 2882 1680 2938 obeundo
1717 2884 1986 2955 expletis,
2020 2884 2064 2937 D

2243 2893 2393 2940 πίνου
2446 2885 2530 2938 ἐπὶ
2592 2879 2918 2936 δυοκαίδεκα
2977 2883 3114 2934 ἔτεσι
3171 2885 3264 2940 τὴν
3309 2882 3450 2942 ζωὴν
3496 2882 3818 2953 μεταλλάξαν-

475 2971 749 3026 metrium
779 2985 1186 3026 successorem
1228 2973 1444 3043 recepit
1481 2971 1584 3042 (2).
1607 2973 1779 3044 Apud
1809 2973 2067 3028 Antiochi

2240 2996 2348 3038 τος.
2393 2977 2499 3030 Καὶ
2531 2976 2713 3025 τούτου
2769 2968 2828 3024 δὲ
2860 2967 3076 3023 δέκατον
3129 2968 3532 3032 ἀποπλήσαντος
3557 2973 3674 3033 ἔτος,
3716 2977 3802 3021 τῶν

473 3075 586 3115 nos
613 3066 746 3130 post
775 3061 1174 3125 Maximinum,
1212 3061 1317 3131 qui
1346 3061 1619 3116 undecim
1648 3063 1824 3116 annis
1856 3062 2065 3118 Ecclesi

2238 3065 2403 3118 ἐκεῖσε
2456 3070 2742 3137 παροικιῶν
2805 3066 2900 3119 τῆν
2963 3062 3103 3112 θείαν
3173 3061 3466 3134 ὑπουργίαν
3547 3063 3801 3130 Δημήτριος

473 3148 838 3220 gubernator
870 3147 998 3215 fuit,
1060 3150 1344 3220 Serapion
1376 3150 1694 3222 episcopus
1725 3157 1957 3206 creatus
2017 3166 2065 3205 es

2238 3153 2298 3207 ἂν
2347 3151 2556 3225 δέχετο.
2597 3153 2680 3205 Ἐν
2729 3147 2780 3203 δ’
2828 3149 3130 3220 Ἀντιοχείᾳ
3183 3151 3314 3221 μετὰ
3357 3148 3640 3222 Μαξιμῖνον
3687 3143 3811 3200 ἐνδί-

471 3244 718 3294 octavus
745 3237 823 3292 ab
863 3237 1142 3308 apostolis
1179 3253 1505 3293 successor.
1541 3241 1650 3304 Qui
1679 3240 1822 3294 satis
1857 3239 1957 3294 diu
1988 3256 2060 3294 cu

2236 3262 2391 3296 κατον
2426 3243 2757 3314 ἡγησάμενον
2796 3241 2930 3307 ἔτος,
2968 3242 3228 3313 Σεραπίων
3275 3240 3361 3289 τὸν
3417 3246 3515 3298 τῆς
3566 3235 3820 3297 διακονίας

469 3325 650 3382 laude
681 3325 950 3381 Ecclesia
985 3325 1234 3396 praefuit,
1269 3332 1327 3382 et
1376 3343 1509 3382 eam
1551 3327 1882 3400 Asclepiadi
1915 3344 2061 3398 rege:

2237 3332 2426 3405 κλῆρον
2474 3328 2773 3402 ἆλάμϐανεν,
2815 3323 3010 3399 ὀγδόην
3063 3329 3200 3398 ἔχων
3250 3325 3353 3378 ἀπὸ
3391 3335 3495 3378 τῶν
3535 3325 3826 3379 ἀποστόλων

469 3416 612 3470 dam
653 3415 908 3487 reliquit.
959 3415 1192 3470 Eisdem
1257 3417 1624 3488 temporibus
1678 3417 2061 3489 Hierosolym:

2241 3417 2512 3492 διαδοχήν
2547 3436 2561 3449 ⁶
2619 3422 2709 3470 καὶ
2757 3420 2920 3488 τούτῳ
2972 3413 3022 3468 δ’
3057 3416 3242 3476 ἱκανῶς
3288 3423 3351 3488 τῆ
3404 3415 3709 3490 λειτουργίᾳ
3754 3413 3832 3486 ἐμ-

470 3504 528 3560 in
563 3511 770 3561 sancta
795 3503 1164 3570 Sion,adbuc
1195 3504 1591 3560 admirandus
1610 3505 1704 3561 ille
1731 3506 2062 3572 Narcissust

2243 3509 2496 3583 πρίψαντι
2538 3503 2940 3566 ’Δσκληπιάδης
2989 3501 3256 3576 διάδοχος
3285 3500 3643 3558 ἀνεδείανυτο.
3699 3505 3835 3558 [ατὰ

469 3600 852 3650 sacrosancto
867 3594 1226 3663 fungebatur
1243 3595 1791 3667 munere,quindeci
1803 3611 1966 3650 mum
1982 3595 2061 3652 ob

2243 3595 2302 3651 δὲ
2348 3601 2465 3659 τοὺς
2516 3598 2704 3658 αὐτοὺς
2759 3600 2989 3668 χρόνους
3038 3602 3132 3655 τῆς
3193 3596 3242 3644 ἓν
3292 3593 3644 3668 Ἰερουσαλὴμ
3693 3593 3833 3665 ἁγίας

467 3699 616 3740 nens
631 3683 1027 3738 successionis
1040 3683 1293 3748 locum,a
1311 3684 1733 3756 secunda,qua
1748 3685 1860 3739 sub
1872 3685 2059 3740 Adria1

2242 3693 2369 3740 Σιὼν
2421 3684 2580 3739 εἰσέτι
2618 3688 2922 3759 Νάρκισσος
2972 3685 2998 3735 6
3043 3683 3335 3755 θαυμάσιος
3369 3686 3462 3740 τῆν
3508 3681 3832 3755 λειτουργίαν

467 3773 624 3829 facta
650 3772 888 3843 est,ejus
915 3771 1077 3827 urbis
1096 3773 1409 3827 obsidione
1435 3789 1447 3828 :
1482 3789 1554 3828 ex
1581 3789 1724 3844 quo,
1755 3780 1889 3845 post
1909 3790 2059 3846 eosq

2243 3773 2376 3848 εἶχε,
2426 3779 2666 3847 πέμπτην
2708 3778 2797 3825 καὶ
2827 3769 3052 3830 δεκάτην
3106 3772 3246 3843 ἄγων
3277 3767 3554 3842 διαδοχὴν
3595 3769 3702 3824 ὄιπό
3746 3778 3835 3831 τῆς

467 3877 539 3918 ex
580 3861 1032 3917 circumcisione
1076 3861 1155 3916 ibi
1205 3860 1465 3928 fuerunt,
1497 3861 1835 3935 episcopos,
1872 3865 2059 3918 Marcu

2240 3874 2341 3918 τῶν
2371 3861 2642 3918 Ἰουδαίων
2693 3864 2830 3915 κατὰ
2865 3858 3143 3935 ’Δδριανὸν
3192 3857 3438 3933 δευτέρας
3480 3859 3791 3935 πολιορκίας
3818 3877 3831 3890 ·

467 3950 730 4022 primum
763 3965 834 4004 ex
866 3951 1145 4020 gentibus
1174 3951 1450 4020 regenda
1482 3950 1756 4006 Ecclesia
1781 3952 2059 4023 prafectu

2243 3953 2327 4026 ἀφ’
2380 3953 2440 4006 οὗ
2477 3955 2608 4022 μετὰ
2651 3956 2771 4014 τοὺς
2807 3951 2862 4003 ἐκ
2899 3958 3184 4024 περιτομῆς
3233 3950 3554 4011 ἐπισκόπους
3602 3957 3696 4010 τῆς
3747 3949 3835 4002 αὖ·

467 4055 623 4105 esse,
673 4044 850 4095 antea
903 4039 1192 4094 diximus.
1237 4041 1339 4095 Cui
1403 4041 1742 4107 Cassianus,
1789 4041 1961 4096 sicuti
1994 4058 2059 4096 su

2244 4044 2358 4094 τόθι
2436 4041 2712 4102 ἐκκλησίας
2775 4042 2989 4112 Μάρκον
3041 4040 3455 4111 καθηγήσασθαι
3535 4047 3743 4111 πρῶτον
3785 4038 3836 4100 ἓξ

467 4127 764 4184 cessiones
795 4128 922 4198 ejus
955 4127 1218 4183 Ecclesia
1242 4129 1502 4197 tradunt,
1525 4135 1616 4184 est
1654 4129 1958 4185 suffectus.
1989 4132 2059 4185 Hi

2243 4131 2397 4184 ἐθνῶν
2442 4134 2722 4183 ἐπίσκοπον
2771 4126 3134 4201 ἐδηλώσαμεν.
3194 4130 3340 4182 Μετὰ
3385 4124 3444 4180 δὲ
3479 4135 3662 4180 τοῦτον
3699 4135 3834 4182 Κασ-

469 4223 671 4274 autem
719 4217 983 4282 Publius,
1045 4217 1248 4273 Publio
1307 4218 1617 4284 Maximus,
1655 4218 1910 4274 Maximo
1945 4218 2058 4273 Juli

2243 4225 2420 4273 σιανόν
2471 4219 2872 4292 ἐγχειρισθῆναι
2918 4222 3013 4276 τὴν
3066 4217 3391 4290 λειτουργίαν
3435 4219 3619 4270 αἰτῶν
3649 4218 3831 4270 αὐτόοι

468 4323 582 4363 nus
637 4306 714 4378 (4)
755 4324 768 4375 ;
813 4307 907 4360 cui
967 4306 1176 4362 ordine
1234 4313 1651 4362 successerunt
1706 4307 1900 4378 Cajus,
1962 4309 2060 4381 Syi

2243 4306 2506 4382 διαδοχαὶ
2561 4312 2915 4384 περιέχουσι·
2975 4307 3232 4359 Πούπλιον
3280 4303 3338 4359 δε
3414 4309 3544 4378 μετὰ
3601 4314 3827 4360 τοῦτον⁹

465 4396 743 4461 machus,
778 4395 953 4466 Cajus
987 4395 1446 4461 alter,Julianus
1502 4397 1642 4451 item
1691 4397 1857 4466 alter,
1898 4396 2057 4469 Capit

2241 4398 2352 4451 εἶτα
2398 4398 2635 4471 Μάξιμον
2661 4415 2672 4427 ·
2731 4397 2815 4450 ἐπὶ
2865 4393 2925 4449 δὲ
2966 4399 3129 4468 τούτῳ
3169 4395 3465 4459 Ἰουλιανόν,
3499 4395 3554 4448 ὃν
3581 4391 3828 4468 διαδέχε-

467 4484 700 4550 Valens,
759 4483 1161 4548 Dolichianus,
1218 4491 1275 4539 et
1317 4485 1394 4540 ab
1447 4485 1860 4557 apostolorum
1901 4503 2059 4542 succi

2239 4509 2328 4541 ται
2377 4491 2530 4550 Γάῑος
2561 4507 2575 4520 ·
2629 4494 2810 4540 τοῦτον
2864 4483 2923 4539 δὲ
2974 4489 3281 4559 Σύμμαχος,
3333 4485 3395 4538 οὗ
3425 4487 3579 4546 Γάϊος
3620 4487 3821 4560 ἔτερος·

468 4573 634 4628 sione
670 4573 1003 4628 tricesimus
1035 4573 1458 4628 celeberrimus
1488 4575 1814 4630 Narcissus.
1849 4578 2060 4632 Casari

2239 4581 2326 4630 τόν
2386 4575 2436 4630 δ’
2490 4573 2640 4640 αὖθις
2697 4576 2844 4637 ἄλλος
2901 4575 3178 4636 Ἰουλιανός
3211 4593 3224 4606 ·
3277 4577 3455 4628 ἔπειτα
3539 4581 3813 4629 Καπίτων

464 4678 645 4734 porro
697 4662 1022 4718 Palaestina
1067 4662 1408 4734 episcopale
1466 4679 1687 4719 munus
1745 4670 1869 4720 tum
1921 4664 2056 4721 habt

2238 4672 2329 4720 καὶ
2379 4669 2509 4740 μετὰ
2559 4665 2822 4720 Οὐάλεντα
2867 4664 3169 4736 Δολιχιανός
3199 4685 3214 4698 ·
3252 4663 3336 4717 ἐπὶ
3375 4661 3436 4718 δὲ
3485 4667 3663 4718 τούτοι
3696 4670 3815 4716 πᾶσι

463 4751 847 4824 Theophilus.
883 4751 1059 4824 315
1098 4752 1161 4806 In
1193 4753 1416 4808 Gracia
1448 4758 1647 4808 autem
1697 4753 1958 4810 Corinthi
1995 4757 2055 4809 Βε

2240 4759 2548 4832 τριακοστὸς
2577 4756 2677 4808 ἀπὸ
2725 4763 2823 4807 τῶν
2872 4753 3172 4807 ἀποστόλων
3223 4756 3278 4806 ἑκ
3327 4751 3599 4826 διαδοχῆς
3630 4757 3657 4807 6
3689 4771 3819 4827 περι-

465 4841 678 4914 cbylus
705 4841 1024 4913 episcOpus
1056 4839 1185 4907 fuit,
1220 4842 1438 4912 Ephesi
1495 4857 1637 4898 vero
1685 4842 2046 4914 Polycrates,

2240 4849 2424 4908 ὅόητος
2461 4845 2764 4920 ἐγνωρίζετο
2811 4845 3133 4917 Νάρκισσος.
3179 4846 3322 4896 Κατὰ
3359 4839 3420 4896 δὲ
3472 4849 3571 4903 τὸν
3601 4847 3654 4897 ἓν
3700 4849 3826 4897 Και-

537 5003 634 5076 (t)_
664 5003 730 5076 MA.
750 5073 758 5076 _
777 4999 1140 5076 Antoninum
1187 5002 1254 5057 19
1311 5001 1486 5058 annis
1538 5001 1890 5074 imperasse,
1921 5004 2124 5061 scribit
2237 5005 2478 5062 aﬂ‘ertur
2494 5004 2823 5076 causa.Alii
2850 5008 3124 5060 auctores
3149 5004 3211 5060 in
3227 5003 3342 5060 hoc
3359 5003 3644 5074 catalogo
3663 5003 3834 5076 Sym-

465 5073 679 5149 Euseb.
703 5073 806 5127 lib.
833 5089 890 5149 v_,
919 5089 1051 5144 cap.
1076 5075 1158 5149 9.4
1256 5144 1309 5149 __
1409 5098 1440 5149 -_
1629 5073 1639 5074 “
1968 5148 1972 5149 ν
2239 5078 2521 5134 machum
2537 5087 2589 5132 et
2611 5075 2822 5147 Cajum
2842 5076 3091 5132 alterum
3122 5091 3254 5149 non_
3269 5073 3601 5149 recensent.
3630 5073 3834 5149 anue

543 5146 613 5220 {2)
647 5152 818 5220 anno
848 5143 1160 5220 Commodi
1185 5161 1222 5200 ι.
1247 5144 1485 5220 (Euseb.
1509 5143 1612 5201 lib.
1646 5161 1699 5210 v,
1736 5161 1869 5220 cap.
1904 5148 1985 5220 9.)
2232 5149 2463 5205 ratione
2515 5143 2850 5217 Narcissus,
2892 5163 3031 5203 cum
3092 5163 3124 5202 e
3169 5146 3488 5220 solitudine
3529 5143 3831 5220 reversus

560 5166 613 5217 Ζ)
647 5166 818 5200 ΛυΠο
848 5166 1160 5200 υυωωυαι
1185 5166 1222 5200 ι.
1247 5166 1485 5216 (13058οο
1509 5166 1612 5201 ιιι).
1646 5166 1699 5210 ν,
1736 5166 1869 5217 cap.
1904 5166 1985 5220 ν.)
2232 5166 2463 5205 ratione
2515 5166 2850 5217 lVal'CISSUS,
2892 5166 3031 5203 cum
3092 5166 3124 5202 θ
3169 5166 3488 5202 δοιιιιιαιιιθ
3547 5166 3831 5202 reversus

535 5166 614 5288 ἶδ)
649 5217 1146 5292 ln__persec_utio_ne
1203 5215 1316 5271 sub
1376 5219 1590 5292 Severo
1642 5219 1948 5292 Narcissus
1975 5220 2119 5292 iepi-
2232 5222 2651 5292 episcopatum
2685 5219 2930 5292 recepit,
2975 5234 3011 5274 a
3042 5220 3233 5292 Marco
3262 5217 3714 5292 quindecimus,
3753 5218 3831 5274 ab

537 5235 614 5288 is)
649 5235 709 5272 in
739 5235 1146 5286 persecutione
1203 5235 1316 5271 sun
1376 5235 1590 5273 severo
1642 5235 1948 5273 lVal'CISSllS
1997 5235 2119 5292 epi-
2232 5235 2436 5292 episco
2485 5235 2651 5275 atum
2685 5235 2924 5289 recepit,
2975 5235 3011 5274 a
3042 5235 3233 5274 marco
3262 5235 3714 5290 quindecimus,
3753 5235 3831 5274 an

466 5288 1268 5364 scopusllierosolymitanus
1291 5287 2116 5364 annosaliquotinsolislocis
2230 5235 2516 5364 apostolis
2546 5290 2880 5346 tricesimus
2907 5289 3084 5348 fuerit
3130 5289 3551 5362 Hierosolymis
3594 5292 3831 5364 episco-

465 5359 811 5438 latuit._Quo
843 5367 1108 5438 tempore
1150 5360 1386 5438 interim
1438 5360 1496 5438 e_i_
1541 5359 1774 5438 ordine
1805 5362 2114 5438 substituti
2229 5359 2365 5438 pus.

471 5437 632 5510 sunt
667 5430 825 5496 Dius,
884 5429 1270 5510 Germanion,
1323 5431 1724 5510 Gordius,_ut_
1761 5431 1917 5489 infra
1960 5433 2115 5492 libro
2230 5429 2254 5438 ⁷
2301 5435 2380 5510 (4)
2405 5433 2521 5492 Alii
2545 5432 2776 5492 Iulium
2799 5432 3043 5495 habent.

470 5499 698 5576 quinto,
730 5517 865 5578 cap.
896 5505 982 5574 10,
1013 5503 1308 5577 scribitur,
1341 5502 1443 5561 ubi
1473 5503 1592 5564 alia
1621 5503 1803 5581 hujus
1835 5519 2112 5566 secessus
