4032 6282
241 308 386 367 £039
1271 305 1833 364 ECCLESIASTICA

2005 305 2248 363 ‘TORIJE
2290 306 2428 363 LIB.
2469 307 2564 364 IV.
3461 307 3597 364 1030

229 439 422 510 σαρείᾳ
453 434 805 493 Παλαιστίνην
845 431 1088 506 Θεόφιλος
1118 427 1200 492 ἦν.
1240 431 1370 486 Καθ’
1394 427 1619 485 Ἐλλάδα
1650 428 1710 485 δι
1740 438 1821 489 τῆς

2006 430 2090 487 ibi
2115 430 2230 497 alii,
2266 435 2329 488 ut
2355 447 2465 504 par
2493 435 2637 497 erat,
2661 447 2844 505 quam
2877 431 3139 504 plurimi,
3167 431 3500 488 Commodo
3527 447 3598 489 ac

230 527 489 599 Κορίνθου
522 524 795 597 Βάκχυλος
845 522 1130 585 ἐπίσκοπος
1170 517 1231 581 ἦν
1264 538 1279 552 ο
1337 526 1427 575 καὶ
1457 531 1552 584 τῆς
1586 520 1634 573 έν
1693 521 1822 592 Ἐφέ·

2009 519 2161 576 ainde
2194 523 2408 577 Severo
2433 522 2771 578 Romanum
2798 521 3116 594 imperium
3137 522 3601 580 administranti-

227 635 308 688 σῳ
361 619 644 689 παροικίας
707 613 1062 688 Πολυκράτης,
1125 615 1216 664 καὶ
1271 609 1415 663 ἄλλοι
1465 630 1526 684 γε
1585 614 1654 672 ὡς
1702 610 1819 663 εἰκόι

1125 615 1216 664 καὶ
1271 609 1415 663 ἄλλοι
1465 630 1526 684 γε
1585 614 1654 672 ὡς
1702 610 1838 670 εἰκὸς
1944 609 2081 666 bus.
2112 612 2191 666 De
2215 611 2286 667 iis
2319 627 2479 668 nunc
2511 611 2674 668 satis.

225 703 315 758 έπὶ
341 707 548 767 τούτοις
576 708 776 778 μυρίοι,
813 697 1056 774 Κομόδου
1099 705 1190 753 καὶ
1231 705 1477 776 Σευῆρον
1498 703 1563 753 τά
1595 707 1840 774 σκῆπτρα

228 790 520 847 διεπόντων
549 802 644 856 τῆς
687 791 953 866 Ῥωμαίων
1008 792 1204 864 ἀρχῆς.
1261 795 1362 844 Καὶ
1418 795 1537 865 περὶ
1581 792 1674 862 μὲν
1715 791 1837 842 τού-

221 903 329 938 των
359 883 546 948 οὕτως.

854 970 1105 1026 ΚΕΦΑΛ.
1141 967 1221 1023 κ’.

2588 969 2811 1024 CAPUT
2852 970 2959 1025 XX.

225 1078 604 1150 κατάλογος
633 1081 741 1130 καὶ
772 1073 954 1136 αὖθις
983 1083 1102 1150 τῶν
1131 1075 1293 1147 μετὰ
1322 1081 1526 1127 ταῦτα
1551 1082 1663 1150 τῆς
1691 1073 1817 1150 ψευι

2010 1072 2592 1150 zt_atogus_auctorum
2615 1079 2668 1130 et
2686 1076 2901 1150 ducum
2915 1075 3076 1143 falso
3095 1075 3406 1150 nominata
3420 1076 3602 1150 sciens

305 1145 605 1223 δωνύμου
652 1153 944 1223 γνώσεως
982 1145 1296 1223 ἀρχηγῶν
1333 1164 1347 1176 ·
1402 1150 1508 1223 καὶ
1543 1147 1699 1223 ,ὅσοι
1737 1146 1833 1197 έκ-

2016 1145 2135 1223 tiae,
2171 1145 2278 1223 qui
2313 1152 2514 1223 postea
2555 1147 2917 1223 exstiterunt
2947 1163 2964 1201 :
2997 1153 3050 1203 et
3075 1147 3180 1219 qui
3221 1147 3607 1204 ecclesiastici

301 1216 772 1282 κλησίαστίκοὶ
825 1216 1049 1292 ἄνδρες
1072 1216 1356 1278 ’τούτοις
1405 1216 1830 1276 ἀντέστησαν.

1073 1216 1356 1278 ⁷τούτοις
1405 1216 1830 1276 ἀντέστησαν.
2015 1216 2135 1271 viri
2159 1217 2286 1272 illis
2316 1217 2665 1274 restiterim.

301 1335 414 1383 Τῶν
464 1324 514 1382 δ’
566 1327 843 1402 εἰρημένων
893 1333 1064 1399 μικρῷ
1118 1327 1342 1400 πρόσθεν
1393 1325 1636 1399 αἱρέσεων
1677 1323 1829 1397 ἀρετῇ

2016 1322 2351 1379 Ηωτοείὺυε
2381 1327 2606 1389 autem,
2634 1339 2787 1396 quas
2819 1324 3002 1396 paulo
3033 1329 3170 1380 ante
3207 1324 3486 1390 diximus,
3521 1324 3607 1381 di-

223 1423 323 1470 καί
377 1417 516 1489 λόγῳ
575 1424 674 1468 τῶν
730 1416 1136 1490 προειρημένων,
1213 1415 1358 1466 θείων
1420 1410 1622 1486 ἀνδρῶν
1680 1411 1726 1474 ές
1775 1432 1815 1464 τι

2013 1427 2244 1477 norum,
2277 1428 2430 1484 quos
2469 1413 2802 1482 retulimus,
2848 1414 3115 1469 virorum
3165 1414 3373 1470 virtute
3415 1420 3470 1469 et
3505 1415 3605 1470 do-

222 1505 474 1567 παντελὶς
557 1503 934 1580 ἀποῤῥυεισῶν,
1015 1504 1041 1555 6
1129 1509 1230 1553 τῶν
1303 1505 1546 1565 ζιζανίων
1614 1506 1805 1577 σπορεύ

2017 1504 2133 1557 rina
2159 1517 2405 1573 prorsus
2431 1501 2673 1568 evulsis,
2699 1502 3056 1558 zizaniorum
3085 1508 3246 1558 sator
3271 1503 3418 1558 alias
3448 1504 3609 1558 insu-

226 1595 390 1656 ἄλλας
442 1593 757 1666 ἐπισπείρειν
807 1589 1051 1646 ἰσπευδε.
1099 1590 1289 1644 Πολλαὶ
1329 1587 1389 1643 δὲ
1430 1596 1520 1644 καὶ
1557 1591 1818 1664 παρᾶφυά-

2014 1606 2052 1645 :r
2082 1591 2378 1646 seminare
2404 1606 2524 1646 non
2552 1592 2820 1647 cessavit.
2849 1591 2962 1648 Sed
2990 1598 3046 1648 et
3073 1592 3341 1664 priorum
3368 1592 3606 1648 illorum

227 1680 319 1746 δες
395 1687 471 1736 ἔτι
527 1683 728 1736 έκείνων
803 1678 958 1747 ἦσαν,
1028 1683 1114 1732 τόν
1167 1681 1395 1751 καθαρόν
1453 1687 1546 1742 τῆς
1605 1685 1819 1754 Κριστοί

2019 1679 2116 1736 ulti
2178 1679 2376 1736 adhuc
2427 1680 2734 1736 restabant
2789 1680 3034 1747 surculi,
3099 1697 3264 1753 purae
3326 1698 3611 1752 agrorum

223 1776 494 1846 γεωργίας
540 1771 728 1846 κλῆρον
770 1775 1128 1842 συγχέουσαι.
1190 1768 1440 1830 Πολλάκις
1475 1765 1534 1822 δε
1563 1774 1649 1820 καὶ
1681 1769 1813 1821 αύτα

2016 1769 2165 1826 tristi
2223 1769 2439 1825 sationi
2494 1769 2820 1825 otﬁcientes
2879 1787 2892 1825 :
2955 1787 3369 1842 smpenumero
3429 1771 3608 1827 etiam

224 1863 350 1916 καθ’
409 1861 592 1923 έαυτὰς
663 1860 983 1936 έμερίςοντο,
1031 1858 1100 1920 εἰς
1162 1857 1449 1934 διαφόρους
1502 1855 1815 1931 διιστάμενα

2015 1875 2096 1914 sae
2128 1857 2280 1914 inter
2311 1874 2372 1912 se
2402 1858 2853 1925 dividebantur,
2882 1859 3022 1914 etin
3055 1859 3251 1915 varias
3285 1861 3607 1916 sententias

225 1957 464 2025 γνώμας.
504 1951 694 2004 ῐΙόλλαί
729 1945 778 2002 δ’
818 1951 1005 2022 αἴφνης
1055 1951 1120 2009 ὡς
1165 1947 1218 2010 έξ
1260 1951 1508 2020 ὑπαρχῆς
1547 1946 1817 2020 λαμϐάνουι

2018 1947 2439 2003 scindebantur
2469 1964 2482 2014 ;
2517 1947 2720 2003 multae
2752 1948 2930 2004 etiam
2961 1949 3280 2020 derepente
3323 1957 3447 2004 tum
3487 1950 3610 2022 pri-

229 2060 327 2094 σαι
358 2045 451 2100 τὴν
515 2040 692 2114 ἀρχὴν
740 2035 1068 2093 ἀνεδίδοντο.
1126 2043 1304 2090 Πᾶσαι
1366 2034 1416 2090 δ’
1447 2034 1534 2090 οὖν
1561 2040 1696 2109 ὅμως
1745 2041 1821 2090 τὰς

2017 2053 2117 2092 um
2175 2035 2406 2092 initium
2457 2041 2760 2092 sumentes
2816 2037 3323 2109 producebantur.
3389 2041 3609 2094 Omnes

230 2127 411 2203 ἀρχὰς
463 2127 564 2180 ἀπὸ
629 2132 875 2200 Σίμωνος,
950 2131 1254 2201 Σατορνίνου
1318 2144 1370 2178 τε
1433 2130 1523 2178 καί
1579 2129 1822 2200 Κηρίνθοι

2019 2142 2148 2182 men
2181 2142 2217 2182 a
2249 2127 2490 2183 Simone
2520 2132 2574 2181 et
2620 2127 2959 2192 Saturnino,
3004 2134 3184 2199 atque
3223 2127 3301 2184 ab
3343 2128 3611 2186 absurda

229 2225 327 2280 τῆς
379 2215 578 2270 ἀτόπου
633 2220 874 2289 γνώσεως
914 2213 1097 2270 εἷλκον.
1157 2215 1419 2288 Ἀρτέμων
1464 2217 1553 2286 μεν
1606 2211 1694 2267 οὖν
1751 2235 1820 2267 κα

2051 2217 2396 2287 importuna
2446 2216 2697 2270 scientia
2749 2216 3006 2272 Cerinthi
3045 2223 3242 2272 ortum
3284 2222 3607 2275 traxerunt.

231 2308 262 2359 6
300 2310 567 2368 Μοντανὸς
623 2306 742 2380 ἄρτι
795 2308 911 2357 τότε
969 2303 1181 2377 ἐφύοντο
1216 2323 1229 2336 ο
1287 2307 1374 2356 καὶ
1414 2303 1499 2356 οἷά
1536 2323 1663 2365 τινες
1703 2308 1823 2377 ὄφειι

2017 2311 2231 2361 'temon
2277 2312 2331 2360 et
2370 2307 2681 2361 Montanus
2728 2309 2851 2360 tum
2903 2306 3162 2376 primum
3207 2306 3609 2378 pullulabant,

233 2404 414 2472 φρῦνοι
483 2395 691 2468 ὄλεθρον
755 2398 1009 2459 πνέοντες,
1091 2391 1300 2445 ἰοϐόλων
1374 2389 1530 2452 δίκην
1596 2391 1825 2466 ἑρπετῶν

2045 2400 2336 2466 tanquam
2367 2399 2670 2465 serpentes
2700 2393 2924 2449 rubetae
2955 2394 3257 2450 interitum
3293 2396 3607 2467 spirantes,

231 2488 375 2538 κατὰ
429 2488 524 2543 τὴν
609 2491 704 2546 τῆς
758 2483 944 2544 Ἀσίας
997 2487 1226 2554 Φρυγίαν
1287 2483 1478 2556 εἷρπον.
1540 2489 1823 2558 Μαρκίωνο.

2019 2490 2382 2539 ῃθωιιοτυω
2434 2482 2740 2554 reptilium
2788 2500 2975 2548 more,
3023 2500 3127 2556 per
3185 2486 3500 2557 Phrygiam
3551 2485 3611 2542 in

241 2571 360 2634 δἐἡ
419 2571 552 2638 δόξα
605 2570 850 2646 διῄρητο.
915 2576 1016 2626 Καὶ
1071 2571 1214 2624 ἄλλοι
1251 2568 1309 2624 δι
1345 2571 1428 2624 ἐπὶ
1476 2570 1678 2645 Ῥώμης
1708 2571 1833 2631 ἧσαι

2022 2573 2094 2628 sia
2131 2571 2658 2644 provolvebantur.
2701 2572 3017 2628 Marcionis
3053 2578 3252 2630 autem
3293 2580 3452 2630 secta
3491 2575 3614 2630 dis-

239 2664 568 2737 ἀκμάζοντες
620 2680 634 2692 ·
691 2662 946 2735 Φλωρίνος
983 2657 1127 2714 οὗτοι
1195 2665 1285 2713 καὶ
1333 2658 1563 2733 βλάστος
1622 2681 1831 2715 κατωνο-

2022 2667 2116 2718 cta
2155 2668 2333 2734 atque
2368 2660 2564 2716 divisa
2602 2665 2745 2717 erat.
2786 2661 3044 2726 Quidam
3084 2664 3262 2718 etiam
3293 2665 3494 2719 Romae
3531 2665 3614 2720 vi-

246 2755 496 2825 μάζοντο,
549 2750 932 2824 νεωτερίζοντες
1010 2754 1100 2802 καὶ
1157 2749 1312 2822 ἄμφω
1360 2753 1476 2822 περὶ
1537 2753 1624 2802 τόν
1677 2750 1838 2810 ἀληθῆ

2022 2751 2198 2818 :bant,
2243 2755 2303 2806 ut
2347 2751 2612 2806 Florinus
2650 2757 2706 2806 et
2748 2751 2999 2816 Blastus,
3041 2751 3144 2823 qui
3179 2757 3235 2808 et
3275 2753 3386 2824 ipsi
3429 2769 3614 2809 novas

251 2847 346 2901 τῆς
398 2839 632 2901 ἀληθείας
677 2838 849 2911 λόγον.
899 2838 957 2890 Ὀ
1010 2840 1101 2910 μεν
1151 2837 1426 2913 Φλωρῖνος,
1481 2846 1572 2890 τοῦ
1625 2839 1843 2901 τῆςἙκ-

2023 2842 2269 2896 uniones
2303 2839 2377 2894 de
2419 2855 2558 2894 vero
2597 2841 2855 2896 veritatis
2894 2841 3088 2896 Verbo
3131 2841 3512 2897 induxerunt.
3551 2844 3615 2898 Et

254 2929 472 2990 κλησίας
515 2928 890 3002 πρεσϐυτερίου
941 2926 1215 2980 ἀποπεσὼν
1249 2944 1261 2956 ·
1329 2927 1554 2989 Βλάστος
1606 2925 1686 2997 δὲ,
1743 2949 1846 2982 πα-

2023 2929 2227 2986 orinus
2287 2928 2554 3001 quidem,
2617 2929 2784 3002 quod
2839 2930 3286 3002 presbyteratus
3341 2931 3614 2986 Ecclesiae

243 3018 525 3094 ραπλησίῳ
578 3024 821 3091 πτώματι
876 3022 1300 3090 συνισχόμενος·
1353 3012 1468 3090 ἰδίᾳ
1523 3014 1571 3070 δ’
1630 3019 1835 3078 ἕκαστος

2025 3021 2150 3076 adu
2177 3017 2488 3074 abdicatus
2515 3025 2670 3073 esset
2695 3035 2708 3084 ;
2740 3017 2964 3074 Blastus
2993 3025 3215 3087 autem,
3244 3035 3362 3075 non
3392 3019 3471 3075 ob
3497 3020 3617 3075 dis-

242 3112 302 3161 τὸ
338 3117 434 3171 τῆς
480 3106 720 3168 ἀσεϐέιας
765 3108 1146 3179 καθιστάμενος
1201 3105 1571 3182 έργαστηριον,
1631 3107 1834 3160 πολλοὺς

2026 3108 2218 3164 milem
2256 3123 2498 3180 quoque
2528 3106 2787 3178 lapsum.
2823 3107 3078 3174 Quilibet
3117 3124 3253 3164 vero
3285 3125 3494 3164 eorum
3531 3109 3618 3164 of-

241 3205 349 3251 τῶν
444 3205 540 3260 τῆς
614 3195 924 3257 Ἐκκλησίας
1007 3201 1138 3269 πρὸς
1225 3195 1440 3257 ἑαυτοὺς
1532 3198 1827 3250 ἐπεσπῶντο

2025 3199 2140 3254 :ina
2190 3197 2443 3252 seorsim
2495 3201 2704 3252 contra
2750 3213 2954 3252 veram
3003 3198 3282 3268 pietatem
3330 3198 3617 3264 instituta,

239 3287 456 3361 Ἀμέλει
512 3289 650 3340 κατά
703 3289 795 3360 μεν
843 3286 1158 3360 ’Δρτέμωνος
1205 3290 1416 3338 καὶτοῦ
1465 3285 1625 3339 αὑτοῦ
1668 3283 1828 3340 διαδό

2025 3286 2295 3343 ιιιωυιιοε
2329 3301 2401 3340 ex
2433 3285 2688 3341 Ecclesia
2719 3285 2780 3340 in
2810 3302 3067 3341 errorem
3103 3303 3278 3342 suum
3314 3289 3617 3359 pertraxit.

245 3397 355 3451 χου
402 3372 664 3430 Θεοδότου
714 3376 996 3437 Βυζαντίου
1053 3382 1145 3427 τοῦ
1185 3379 1408 3435 σκυτέως
1447 3377 1530 3427 ἐπὶ
1568 3375 1758 3448 μᾶλλον
1788 3377 1837 3428 τό

2028 3377 2078 3431 ad
2108 3377 2269 3431 enim
2297 3379 2504 3430 contra
2529 3376 2908 3430 Artemonem
2934 3377 3186 3448 ejusque
3214 3393 3620 3432 successorem

245 3469 440 3520 τούτου
499 3465 817 3528 αὐξήσαντος
869 3466 894 3517 6
951 3467 1210 3538 μακάριος
1261 3469 1459 3539 Βίκτωρ
1524 3463 1837 3518 ἀνθίστατο⁴

2029 3465 2335 3520 leodotum
2369 3464 2716 3535 Byzantium
2761 3465 3103 3529 coriarium,
3133 3464 3233 3536 qui
3278 3464 3433 3519 illius
3465 3482 3621 3520 erro-

247 3555 457 3628 έλέσγχει
511 3549 570 3606 δὲ
603 3558 696 3612 την
747 3554 864 3607 κατ’
906 3554 1090 3615 αὐτοὺς
1143 3552 1362 3607 ἀτοπίαν
1401 3555 1426 3605 6
1485 3557 1670 3628 μικρὸς
1710 3554 1839 3628 εἰρη-

2033 3571 2089 3608 m
2135 3551 2388 3608 multum
2428 3553 2716 3623 provexit,
2759 3551 2965 3607 beatus
3008 3554 3199 3608 Victor
3231 3553 3617 3624 depugnavit.

249 3648 401 3718 μένος
432 3642 780 3718 Λαϐύρινθος,
816 3644 870 3695 ὃν
921 3661 1051 3715 φασι
1098 3645 1226 3704 τινες
1273 3643 1544 3715 Ὠριγένην
1577 3643 1841 3705 συττάξαι.

2024 3642 2284 3710 adarguit
2331 3656 2574 3712 quoque
2618 3640 3132 3712 importunitatem
3181 3659 3389 3698 eorum
3448 3642 3616 3709 liber,

247 3731 391 3787 Ἀλλ’
441 3733 467 3785 ό
517 3736 794 3807 χαρακτὴρ
848 3730 1052 3804 ἐλέγχει
1099 3735 1215 3792 τοὺς
1275 3731 1534 3802 λέγοντας.
1603 3739 1839 3802 Μοντανᾲ

2030 3733 2065 3786 Ii
2093 3746 2309 3802 parvus
2331 3728 2730 3800 Labyrinthus
2756 3729 2990 3795 dicitur,
3015 3747 3194 3802 quem
3229 3731 3497 3786 nonnulli
3520 3731 3622 3787 bo-

253 3817 305 3876 δ’
353 3820 777 3894 ἀκαταγὼνιστον
833 3820 986 3874 ὅπλον
1041 3819 1269 3893 έπαφῆκε
1321 3825 1445 3883 Θεὸς
1488 3823 1596 3888 τὸν,
1648 3821 1702 3883 ὃς
1759 3830 1845 3885 τῆς

2031 3821 2215 3892 'igene
2241 3820 2641 3891 compositum
2674 3836 2808 3876 esse
2832 3826 3148 3875 autumant
3182 3839 3194 3878 :
3227 3824 3332 3876 sed
3363 3837 3466 3876 eos
3505 3827 3623 3893 sty-

247 3909 609 3987 Ἱεραπολιτῶν
691 3911 865 3983 ἡγεῖτο
924 3909 1333 3985 ’Δπολλινάριος,
1413 3909 1541 3984 ἀνὴρ
1594 3910 1721 3984 πρός
1788 3919 1839 3984 τῇ

2030 3929 2057 3965 s
2100 3916 2156 3965 et
2199 3907 2552 3965 elocutionis
2599 3909 2794 3965 forma
2842 3908 3067 3964 refellit.
3113 3909 3290 3981 316
3342 3911 3621 3966 Montano

250 4005 446 4073 γνώσει
488 4008 588 4053 τῶν
638 4001 783 4052 θείων
825 4004 915 4052 καὶ
969 4004 1064 4058 τὴν
1107 3999 1286 4062 ἔξωθεν
1338 3995 1584 4052 παιδείαν
1649 4018 1842 4071 πρόσει·

2031 4016 2146 4057 ›ιϊο
2213 4004 2501 4071 tanquam
2568 3999 3032 4072 inexpugnabile
3100 4001 3623 4073 propugnaculum

251 4087 432 4161 ληφὼς
463 4105 476 4117 ·
506 4091 644 4162 Πρός
699 4091 866 4161 τούτῳ
915 4084 974 4141 δὲ
1013 4093 1102 4141 καὶ
1131 4085 1424 4150 Μιλτιάδης
1471 4093 1562 4141 καὶ
1600 4088 1843 4142 Ἀπολλώς

2035 4108 2123 4147 ius
2184 4089 2404 4159 objecit
2461 4089 2913 4161 llierapolitante
2969 4089 3241 4146 Ecclesiae
3301 4091 3627 4146 antistitem

254 4197 364 4239 νιος
403 4191 417 4204 ⁶
455 4182 545 4230 καὶ
580 4183 841 4251 Σεραπίων
872 4179 898 4229 6
929 4185 1020 4240 τῆς
1067 4178 1378 4250 Ἀντιοχέων
1431 4178 1710 4238 ἐκκλησίας
1747 4198 1846 4230 ποι·

2032 4179 2396 4252 pollinarem,
2429 4177 2618 4232 virum
2662 4178 2967 4245 eximium,
3000 4180 3104 4252 qui
3146 4180 3222 4234 ad
3262 4179 3479 4235 divinas
3518 4179 3624 4236 do-

256 4271 357 4340 μήν
385 4283 398 4298 ·
433 4271 523 4320 καὶ
578 4266 723 4320 ἄλλοι
747 4268 1003 4322 πλεῖστοι.
1051 4271 1198 4322 Κατὰ
1258 4265 1316 4321 δὲ
1376 4269 1609 4343 Πρόκλου
1648 4276 1744 4329 τῆς
1770 4267 1848 4320 αύ-

2033 4270 2174 4324 τίηεε
2206 4267 2606 4337 cognitionem
2631 4267 2912 4338 profanas
2939 4269 3117 4325 etiam
3143 4269 3495 4340 disciplinas
3523 4269 3625 4325 ad-

257 4363 354 4407 τοῦ
411 4358 660 4429 αἱρέσεως
705 4359 1149 4430 προστατεύοντος
1199 4359 1353 4420 Γάϊος
1404 4358 1430 4409 6
1470 4359 1692 4429 πρόσθεν
1735 4358 1849 4429 ἡμῖι

2035 4362 2208 4414 cerat.
2239 4356 2538 4411 Adversus
2565 4355 2725 4411 hunc
2755 4372 2998 4428 quoque
3029 4359 3392 4429 scripserunt
3422 4357 3627 4414 Miltia-

260 4444 528 4520 εἰρημένος
573 4445 794 4520 ἔγραψεν
827 4463 842 4476 ⁸
884 4455 946 4520 τῇ
982 4444 1040 4500 δε
1074 4451 1381 4523 Μαρκίωνος
1423 4443 1550 4519 δόξῃ
1590 4450 1679 4498 καὶ
1719 4443 1852 4499 διαι-

2033 4464 2098 4512 BS,
2161 4444 2526 4516 Apollonius,
2576 4444 2865 4516 Serapion
2921 4447 3302 4502 Antiochenaa
3356 4446 3625 4501 Ecclesiae

257 4503 402 4608 ρέσέι
451 4536 478 4587 6
543 4503 836 4608 σοφώτατος
885 4503 1196 4588 ἀνθίστατάι
1248 4532 1458 4590 Ῥόδων.
1507 4507 1744 4608 ⁴Ιλλωρίνῳ
1802 4531 1849 4587 δί

2034 4536 2314 4607 ιὶεωριιε,
2355 4538 2412 4589 et
2464 4533 2558 4588 alii
2613 4533 2951 4604 complures
3006 4552 3018 4590 :
3080 4535 3250 4590 sicuti
3307 4540 3362 4591 et
3418 4539 3626 4590 contra

258 4628 350 4676 καὶ
407 4623 617 4696 Βλάστῳ
682 4631 795 4687 τοῖς
873 4626 1008 4677 κατά
1071 4623 1271 4697 Ῥώμην
1349 4625 1701 4696 ἡγησαμένοις
1767 4632 1850 4677 τοί

2030 4623 2264 4686 roclum.
2295 4621 2563 4693 ejusdem
2591 4621 2884 4677 haereseos
2911 4624 3397 4693 antesignanum,
3427 4625 3622 4693 Cajus,

263 4717 568 4788 σχίσματος
597 4715 623 4766 6
673 4711 990 4789 προρῥηθεὶς
1040 4713 1316 4790 Εἰρηναῖος
1369 4722 1630 4786 παραινῶν
1653 4715 1855 4785 γράφει,

2036 4729 2151 4769 lem
2193 4718 2368 4768 antea
2396 4726 2636 4782 quoque
2669 4711 3129 4767 nominavimus.
3171 4712 3480 4768 Marcionis
3520 4729 3628 4769 au-

259 4813 363 4857 τῶν
417 4803 718 4875 κενολογιῶν
773 4802 1124 4870 ἀποστάντας,
1177 4811 1272 4866 τῆς
1337 4801 1691 4865 ἀποστολικῆς
1747 4803 1851 4875 ἔχε⁴

2033 4819 2091 4858 m
2147 4801 2438 4873 opinioni,
2497 4800 2743 4871 ejusque
2789 4800 3090 4867 divisioni,
3147 4801 3625 4872 sapientissimus

263 4893 392 4946 σθαι
438 4888 806 4966 παραδόσεως.
849 4893 982 4964 Ἐγὼ
1015 4889 1074 4944 δε
1111 4894 1177 4945 τὰ
1217 4892 1392 4944 εἰκότα
1418 4893 1680 4967 πράττων,
1712 4889 1855 4949 έκθή-

2027 4890 2183 4946 ιειὶιίι
2229 4887 2500 4944 Rhodon.
2536 4888 2620 4943 Ad
2651 4888 2953 4944 Florinum
2997 4895 3196 4945 autem
3236 4895 3292 4945 et
3335 4889 3619 4958 Blastum,

265 5001 428 5056 σομαι
463 4984 555 5054 μεν
607 4985 697 5034 καὶ
743 4990 842 5034 τῶν
905 4981 1184 5056 εἰρημένων
1242 4981 1478 5056 φλαύρων
1543 4977 1746 5054 ἀνδρῶν
1797 4982 1857 5033 τὰ

2034 4980 2077 5035 1i
2111 4982 2307 5035 Romae
2337 4977 2677 5032 schismatis
2708 4983 2764 5032 et
2793 4977 3020 5033 dissidii
3050 4980 3231 5034 duces
3258 4978 3440 5045 fuere,
3467 4995 3626 5051 saepe

261 5073 391 5124 νόθα
420 5075 511 5123 καὶ
560 5074 940 5147 παρέγγραπτα
988 5067 1234 5144 δόγματα
1261 5088 1274 5101 ⁸
1304 5073 1374 5132 ὡς
1405 5067 1452 5122 δ’
1489 5071 1618 5140 ένόν,
1658 5071 1853 5132 τούτοις

2033 5069 2152 5126 )bis
2186 5067 2530 5123 nominatus
2570 5065 2829 5121 Irenaaus
2867 5067 3305 5124 cohortationes
3345 5068 3625 5141 scripsit:

263 5156 417 5222 αὖθις
461 5158 762 5220 ἀντιστήσω
814 5163 936 5223 τοὺς
980 5161 1280 5235 εἰρημένους
1335 5155 1550 5233 ἄνδρας,
1615 5167 1721 5220 τοῖς
1778 5178 1855 5212 πε-

2037 5198 2042 5212 ,
2066 5157 2276 5214 nuntio
2303 5156 2471 5212 vanis
2497 5161 2675 5226 atque
2699 5155 2977 5210 inanibus
3003 5157 3378 5212 sermonibus
3405 5163 3461 5212 et
3486 5173 3629 5214 con-

262 5248 530 5325 τροϐόλοις
583 5258 682 5303 τῶν
760 5251 904 5303 θείων
965 5249 1433 5323 λόγων⁹έλέγχοις
1503 5250 1598 5309 τὰς
1663 5250 1854 5301 ἐκείνων

2037 5245 2399 5302 :rtationibus
2432 5245 2710 5312 remisso,
2742 5243 3081 5315 apostolicis
3121 5246 3476 5302 inhaererent
3516 5252 3629 5304 tra-

264 5341 504 5413 περιττὰς
528 5337 827 5414 έρεσχελίας
852 5335 1113 5414 ἀνδρικῶς
1132 5337 1614 5414 καταῤῥάσσοντας.

2033 5335 2323 5392 Ltionibus.
2354 5334 2660 5389 Enimvero
2682 5338 2835 5388 recte
2863 5350 2956 5390 me
2982 5334 3275 5391 facturum
3301 5352 3434 5391 esse
3459 5342 3625 5409 puto,

267 5429 316 5484 si
356 5429 825 5502 perniciosorum
857 5444 1067 5486 eorum
1112 5430 1433 5485 hominum
1470 5427 1777 5498 illegitima
1806 5430 1862 5482 et
1897 5427 2232 5485 adulterina
2270 5423 2560 5492 dogmata
2594 5438 2942 5495 exposuero,
2986 5429 3042 5480 et
3078 5430 3373 5496 quantum
3406 5425 3630 5493 licebit,

267 5519 355 5577 eis
395 5518 716 5590 praeclaros
758 5517 888 5574 illos
929 5518 1089 5574 viros
1133 5531 1498 5591 opposuero,
1524 5517 1629 5588 qui
1667 5515 1878 5572 validis
1929 5522 2110 5589 atque
2155 5513 2385 5570 invictis
2433 5511 2776 5568 divinorum
2823 5512 3202 5571 oraculorum
3250 5517 3627 5587 argumentis

269 5605 609 5686 superﬂuas
635 5612 694 5666 et
714 5605 948 5666 inutiles
971 5607 1214 5666 illorum
1241 5621 1436 5681 nugas
1464 5609 1521 5664 et
1547 5604 1955 5667 deliramenta
1978 5603 2204 5665 fortiter
2231 5601 2640 5662 confutarunt.
