4036 6288
508 226 642 290 1031

1130 364 1357 422 CAPUT
1398 364 1525 421 XXI.

506 491 584 548 De
611 490 925 563 Artemone
962 496 1015 545 et
1070 489 1362 547 Theodoto
1394 497 1637 563 sutore,
1691 491 1797 563 qui
1823 492 2157 548 docuerunt

581 562 883 619 Christum
922 577 1143 632 purum
1166 568 1351 631 fuisse
1382 562 1781 629 hominem,’et
1806 571 1866 618 ut
1897 566 1940 618 ii
1974 563 2158 633 primi

577 635 922 775 Scr;pturas
936 649 1314 705 corrumpere
1335 635 1699 705 inceperim:
1711 642 1765 691 et
1777 636 1850 692 de
1876 636 2156 692 Anatolio

578 720 684 762 con
721 721 929 761 essore.

578 720 716 762 εοηῙ
721 721 910 761 83801⁸8
917 747 929 761 .

574 834 853 885 Artemon
906 829 1104 901 igitur,
1142 829 1245 902 qui
1294 834 1350 885 et
1396 834 1667 886 Artemas
1697 831 1892 887 dictus
1925 835 2031 898 est,
2060 847 2154 888 ea-

500 918 639 974 dem
669 934 805 990 quae
850 934 981 985 nos,
1022 919 1096 973 de
1137 919 1253 974 Deo
1312 920 1712 976 universitatis
1734 921 1913 991 hujus
1949 920 2153 986 sensit,

499 1008 871 1064 conditorem
896 1024 1036 1063 eum
1075 1024 1204 1064 esse
1242 1024 1440 1064 rerum
1481 1010 1753 1065 omnium
1776 1010 2002 1066 dicens.
2048 1012 2154 1066 Do-

498 1097 731 1153 minum
758 1102 961 1153 autem
1009 1102 1280 1154 nostrum
1332 1098 1532 1153 Jesum
1567 1097 1865 1155 Christum
1898 1099 2151 1156 asseruit

496 1202 729 1243 merum
784 1203 915 1243 esse
963 1186 1292 1251 hominem,
1326 1204 1397 1243 ex
1443 1189 1671 1258 virgine
1703 1194 1932 1259 natum,
1958 1194 2012 1245 et
2042 1188 2151 1244 vir-

495 1279 618 1332 tute
650 1276 955 1349 prophetis
999 1277 1498 1347 praestantiorem.
1532 1284 1725 1350 Atque
1768 1278 1979 1333 eadem
2019 1278 2149 1334 haec

492 1366 799 1437 apostolos
814 1381 1054 1438 quoque
1070 1364 1426 1436 praedicasse
1440 1367 1799 1423 asseveravit
1810 1382 2149 1439 ,perperam

491 1470 799 1528 exponens
833 1462 1012 1526 atque
1050 1455 1390 1526 depravans
1423 1456 1767 1512 divinarum
1798 1457 2147 1513 Litterarum

486 1560 756 1601 sensum.
814 1546 1196 1600 Successores
1248 1550 1448 1599 autem
1506 1561 1715 1601 eorum
1770 1545 2144 1602 divinitatem

482 1633 760 1690 tribuisse
810 1634 1064 1699 Christo,
1114 1649 1252 1687 cum
1308 1638 1487 1688 antea
1544 1636 1695 1689 Deus
1755 1650 1877 1690 non
1947 1634 2139 1700 fuerit,

1806 216 2196 289 NICEPHORl
2235 218 2550 289 CALLISTI

3733 220 3832 287 103

2860 365 3103 423 ΚΕΦΑΛ.
3134 365 3266 424 KA'.

2266 491 2841 565 ΠερὶἊρτέμωνος
2891 488 3357 565 καὶΑΘεοδότου
3394 496 3500 544 τοῦ
3557 494 3853 555 σκυτέως,

2335 510 2349 545 ι
2405 509 2841 565 ι⁷Αρτεμωνος
2891 509 2997 546 και
3034 509 3357 546 υεοο-οτου
3394 510 3500 544 του
3557 509 3853 555 σκυτεως,

2335 509 2525 634 δειλόν
2574 565 2909 637 ἄνθρωπον
2978 561 3512 637 δογματιςόντων
3587 568 3855 637 Χριστόν

2334 633 2439 688 καὶ
2465 638 2541 699 ὡς
2568 633 2807 709 πρῶτοι
2837 639 2946 699 τὰς
2988 633 3243 711 Γράφὰς
3275 633 3702 759 διαφθείρειν
3726 634 3857 706 ipi-

2336 726 2483 759 αντο
2516 726 2530 738 ·
2564 713 2671 759 καὶ
2699 713 2846 759 περὶ
2871 708 3265 759 Ἀνατολίου
3294 715 3404 759 τοῦ
3434 708 3549 759 όαο
3606 714 3856 759 οτητοῦ.

2336 726 2483 760 αντο
2516 726 2530 738 ο
2564 708 2671 761 καὶ
2699 713 2846 782 περὶ
2871 708 3265 765 Ἀνατολίου
3294 715 3404 761 τοῦ
3434 708 3856 780 όμολοτητοῦ.

2335 828 2595 904 Ἀρτέμων
2651 834 2743 903 μὲν
2793 828 2903 899 οὖν,
2957 832 2983 883 ό
3022 836 3112 884 καὶ
3165 830 3438 905 ’Δρτεμᾶς,
3494 831 3565 883 τὰ
3739 831 3860 882 κατὰ

2262 922 2349 972 τόν
2408 928 2507 972 τῶν
2586 920 2712 973 ὅλων
2770 926 2899 975 Θιόν
2955 920 3337 996 παραπλησίως
3404 922 3531 993 ἡμῖν
3602 916 3855 984 εδόξασιν,

2264 1009 2483 1081 εἰρηκὼς
2515 1009 2671 1063 αὐτόν
2702 1007 2830 1063 εἶναι
2880 1015 3103 1069 ποιητὴν
3136 1016 3230 1063 τοῦ
3274 1013 3465 1071 παντός
3510 1014 3611 1061 καὶ
3644 1004 3859 1081 δημιουρ

2261 1103 2349 1171 γόν
2380 1120 2392 1131 ·
2446 1104 2530 1153 τὸν
2589 1097 2648 1154 δε
2698 1103 2885 1175 Κύριον
2924 1102 3070 1174 ἡμῶν
3119 1098 3324 1159 Ἰησοῦν
3384 1103 3625 1175 Χριστὸν
3678 1100 3861 1172 ἄνθρω-

2261 1208 2356 1241 πον
2442 1188 2550 1243 ιῖπε
2614 1190 2786 1262 ψιλὸν,
2856 1190 2914 1243 έκ
2990 1192 3244 1264 παρθένου
3322 1193 3412 1262 μεν
3469 1194 3859 1262 γεγεννημένον,

2260 1286 2359 1331 τῶν
2416 1288 2693 1353 προφητῶν
2751 1276 2811 1332 δε
2868 1276 2941 1333 δι’
2998 1278 3189 1355 ἀρετὴν
3241 1284 3531 1355 κρείττονα.
3583 1286 3773 1333 Ταῦτα
3810 1277 3858 1331 δε

2260 1372 2347 1420 καὶ
2439 1372 2559 1431 τοὺς
2643 1368 2965 1432 ἀποστόλους
3021 1373 3371 1444 κεκηρυχέναι
3440 1368 3609 1440 ἑλέ-γε,
3682 1387 3858 1443 παρερ·

2258 1459 2491 1530 μηνεύων
2531 1466 2629 1509 τῶν
2684 1460 2830 1511 θείων
2888 1464 3102 1533 Γραφῶν
3154 1463 3248 1517 τὴν
3304 1454 3568 1514 διάνοιαν.
3637 1461 3771 1519 Τούς
3809 1453 3861 1509 δί

2259 1545 2365 1617 μετ’
2410 1545 2633 1608 έκείνους
2685 1550 2874 1620 ἔφασκε
2933 1548 3243 1619 θεολογῆσαι
3302 1551 3388 1599 τὸν
3440 1550 3711 1621 Χριστὸν,
3776 1546 3859 1598 οὐκ

2258 1639 2382 1688 ὄντα
2434 1640 2563 1691 Θεὸν
2601 1641 2868 1710 πρότερον.
2915 1641 3136 1699 Σκυτεὺς
3186 1633 3246 1690 δέ
3294 1656 3369 1698 τις
3398 1636 3715 1702 Βυζάντιος,
3750 1639 3857 1689 Θιόι

483 1720 653 1777 dixit.
680 1723 973 1778 Coriarius
1008 1739 1148 1779 vero
1179 1723 1429 1795 quidam
1456 1723 2138 1795 Byzantius,Theodotus

2258 1720 2412 1787 δοτος
2468 1729 2648 1797 ὄνομα,
2705 1727 2948 1797 μαθητὴς
3010 1728 3206 1778 ἐκείνου
3263 1730 3547 1798 γενόμενος,
3616 1730 3862 1799 φρατρίας

481 1812 749 1877 nomine,
782 1812 1118 1885 disctpulus
1161 1812 1311 1882 ejus,
1357 1812 1594 1867 alterius
1656 1818 1829 1867 secta)
1865 1812 2144 1885 princeps

478 1902 718 1966 exstitit,
768 1910 823 1957 et
869 1902 1054 1957 multo
1103 1902 1302 1957 adhuc
1356 1901 1563 1973 pejora
1600 1906 1688 1958 est
1742 1907 2139 1957 commentus.

482 1988 837 2046 Praeclaram
867 1997 1068 2046 autem
1095 2006 1220 2045 rem
1252 2006 1314 2045 se
1341 1990 1533 2045 facere
1560 1990 1941 2055 existimavit,
1976 1990 2143 2063 quod

480 2080 894 2135 auctoritatem
923 2080 1210 2135 divinitus
1232 2079 1534 2150 inspiratis
1563 2079 1788 2135 Litteris
1804 2081 2140 2150 abrogavit,

481 2174 539 2225 et
562 2185 662 2224 eas
690 2185 842 2241 quas
885 2169 1135 2240 ipsemet
1184 2170 1420 2239 recepit,
1458 2171 1744 2241 corrupit.
1785 2170 1879 2224 His
1928 2170 2137 2234 Victor,

480 2258 803 2329 episcopus
852 2260 1176 2322 Romanus,
1205 2257 1383 2312 veluti
1426 2256 1759 2313 doctrinam
1791 2256 1930 2312 ﬁdei
1970 2256 2142 2312 adul-

478 2346 807 2403 terantibus
830 2362 1117 2416 generose
1138 2347 1367 2412 restitit,
1390 2346 1830 2417 coriariumque
1856 2346 1934 2401 ad
1950 2346 2142 2401 Eccle-

481 2436 573 2493 sia
604 2436 965 2508 proscripsit.
1005 2435 1113 2501 Qui
1148 2451 1406 2507 parvum
1432 2436 1867 2507 Labyrinthum
1898 2451 2141 2507 compo-

477 2526 595 2581 suit
632 2526 903 2598 scriptor,
929 2524 1040 2579 hos
1056 2525 1382 2596 redarguit,
1412 2531 1743 2580 asserentes
1757 2540 1819 2581 se
1841 2524 2139 2596 ejusmodi

473 2613 810 2670 doctrinam
864 2614 943 2669 ab
991 2614 1279 2685 apostolis
1314 2620 1371 2669 et
1415 2613 1870 2669 successoribus
1927 2629 2138 2669 eorum

475 2705 765 2776 accipisse
799 2719 812 2757 :
843 2702 1013 2774 317
1072 2702 1500 2774 veritatemque
1544 2719 1732 2775 asque
1772 2702 1850 2759 ad
1895 2703 2138 2758 Victoris

471 2797 769 2865 tempora,
809 2793 914 2864 qui
973 2792 1247 2847 decimus
1314 2792 1520 2847 tertius
1550 2808 1586 2847 a
1634 2792 1804 2847 Petro
1854 2794 2137 2847 Romanae

474 2883 640 2938 urbis
694 2882 1017 2953 episcopus
1068 2881 1199 2950 fuit,
1253 2880 1613 2947 obtinuisse,
1638 2886 1692 2935 et
1726 2897 1761 2937 a
1792 2896 2137 2936 successore

471 2971 602 3042 ejus
641 2969 974 3043 Zephyrino
1032 2976 1378 3041 corruptam
1418 2968 1623 3025 fuisse.
1666 2969 1857 3025 Verba
1882 2970 2012 3041 ejus
2053 2969 2137 3025 sic

472 3060 741 3118 habent:
776 3079 805 3111 ιι
833 3062 895 3115 Et
924 3061 1178 3115 fortasse
1219 3060 1277 3114 id
1334 3058 1499 3132 quod
1555 3058 1636 3113 illi
1677 3058 2005 3124 docebant,
2038 3075 2136 3114 ve-

2254 3062 2329 3111 νὸν
2385 3062 2443 3112 τὸ
2494 3059 2783 3132 λεγόμενον,

470 3149 722 3207 risimile
752 3148 975 3214 fuisset,
1008 3148 1119 3203 nisi
1150 3148 1234 3203 eis
1279 3149 1723 3217 refragarentur
1754 3148 2017 3219 primum
2045 3148 2134 3202 di-

470 3239 626 3296 vinae
684 3239 1026 3309 Scriptum,
1059 3237 1275 3292 deinde
1307 3236 1559 3294 fratrum
1607 3236 2013 3308 quorumdam
2046 3237 2137 3291 Vi-

466 3330 652 3385 ctoris
689 3334 955 3399 tempore
983 3326 1473 3398 presbyterorum
1504 3325 1661 3394 libri,
1687 3342 1840 3397 quos
1864 3325 1944 3381 illi
1970 3332 2027 3382 et
2056 3325 2136 3381 ad

478 3422 686 3488 gentes
723 3423 781 3473 et
831 3416 1119 3472 adversus
1162 3418 1420 3471 haereses
1472 3431 1581 3487 pro
1611 3415 1857 3471 veritate
1888 3416 2136 3487 scripse-

469 3506 905 3570 runtzlustini,
966 3505 1238 3577 inquam,
1269 3510 1326 3559 et
1375 3502 1665 3569 Miltiadis,
1720 3503 1972 3568 Tatiani,
2005 3502 2134 3559 Cle-

471 3597 710 3662 mentis,
744 3600 801 3651 et
837 3594 1093 3650 aliorum
1133 3592 1555 3665 complurium,
1586 3593 1645 3648 in
1685 3592 1906 3664 quibus
1945 3593 2136 3648 omni-

468 3684 587 3741 bus
653 3684 932 3740 divinitas
997 3684 1223 3740 Christo
1290 3682 1566 3737 tribuitur
1626 3697 1639 3736 :
1699 3698 1843 3737 nam
1909 3681 2135 3747 lrenaai,

464 3773 775 3839 Melitonis,
834 3780 891 3829 et
944 3772 1338 3844 reliquorum,
1408 3770 1545 3842 quis
1610 3772 1848 3841 ignorat
1914 3769 2136 3842 scripta

466 3863 769 3919 Christum
818 3866 1002 3917 Deum
1047 3862 1451 3934 eumdemque
1495 3862 1800 3916 hominem
1841 3860 2135 3931 deprendi-

468 3968 606 4009 care
638 3951 667 4007 ?
717 3952 931 4007 Psalmi
971 3952 1151 4007 etiam
1198 3960 1254 4006 et
1292 3949 1562 4005 carmina
1601 3965 1980 4021 quaecunque
2005 3951 2135 4020 jam

470 4041 612 4097 inde
644 4058 679 4097 a
722 4040 1016 4113 principio
1047 4057 1083 4096 a
1114 4038 1392 4095 ﬁdelibus
1436 4044 1575 4094 sunt
1613 4039 1969 4110 composita,
2002 4040 2140 4098 Ver-

466 4130 617 4188 bum
658 4132 757 4186 Dei
787 4130 1084 4185 Christum
1122 4128 1404 4184 laudibus
1435 4128 1819 4192 celebrantia,
1852 4127 2133 4184 deitatem

466 4222 520 4278 ei
546 4221 829 4277 tribuunt.
864 4218 1180 4284 Quomodo
1212 4218 1387 4289 igitur
1419 4216 1818 4272 ecclesiastico
1848 4217 2134 4287 dogmate

466 4326 504 4366 ο.
533 4315 618 4365 tot
645 4308 819 4365 annis
851 4307 1254 4379 depraedicato
1292 4306 1536 4361 defendi
1575 4312 1789 4377 potest,
1824 4321 2016 4377 usque
2056 4307 2135 4363 ad

465 4395 715 4455 Victoris
754 4404 1031 4468 tempora
1072 4396 1407 4451 doctrinam
1452 4395 1626 4462 hanc,
1672 4400 1733 4450 ut
1761 4395 1872 4466 ipsi
1905 4394 2133 4468 dicunt,

464 4490 528 4547 in
558 4488 820 4544 ecclesiis
850 4480 1225 4541 obtinuisse?
1256 4484 1573 4550 Quomodo
1613 4484 1794 4539 etiam
1838 4499 1958 4539 non
2001 4500 2137 4540 eru-

462 4578 735 4642 bescunt,
770 4576 898 4632 hth
928 4582 1137 4630 contra
1184 4576 1475 4629 Victorem
1519 4572 1954 4628 ementientes?
1995 4588 2135 4628 cum

461 4674 623 4724 certo
687 4666 900 4730 sciant,
965 4663 1337 4719 Theodotum
1405 4662 1751 4729 coriarium,
1825 4662 1929 4733 qui
1994 4666 2133 4734 post

462 4754 845 4813 Artemonem
888 4760 1056 4826 pater
1105 4759 1161 4808 et
1206 4753 1485 4824 princeps
1532 4751 1712 4822 hujus
1762 4750 2132 4807 divinitatem

461 4847 737 4917 negantis
767 4844 1115 4900 defectionis
1159 4842 1285 4909 fuit,
1320 4846 1377 4898 et
1417 4840 1715 4897 Christum
1746 4841 1976 4913 primus
2017 4857 2126 4912 pu-

459 4952 599 4996 rum
627 4935 936 4992 hominem
960 4950 1087 4989 esse
1118 4932 1287 4999 dixit,
1315 4948 1352 4988 a
1386 4932 1609 4987 Victore
1636 4946 1764 4987 esse
1794 4947 1831 4987 a
1857 4946 2131 4987 commu-

459 5025 641 5084 nione
686 5020 1036 5096 repulsum?
1074 5022 1131 5077 Si
1171 5022 1330 5078 enim
1362 5021 1553 5076 Victor
1601 5019 1814 5077 eadem
1860 5035 1996 5091 quae
2046 5018 2129 5074 illi

462 5117 743 5173 sensisset
782 5112 979 5185 (sicuti
1018 5112 1257 5168 illorum
1304 5110 1480 5167 docet
1514 5109 1939 5181 blasphemia),
1971 5124 2129 5181 quo-

457 5207 643 5262 modo
689 5205 738 5259 is
767 5202 1134 5258 Theodotum
1176 5199 1421 5256 haeresis
1452 5201 1580 5270 ejus
1622 5201 1994 5255 inventorem
2040 5215 2129 5254 re-

452 5294 737 5368 jecisset?
770 5312 798 5344 ››
835 5291 925 5348 Ad
963 5293 1090 5347 haec
1120 5290 1219 5345 illa
1263 5290 1503 5361 adjicit:
1552 5308 1577 5339 α
1616 5290 1948 5360 Scripturas
1986 5288 2127 5359 qui-

457 5383 603 5439 dam
629 5398 828 5438 sacras
860 5381 1089 5453 absque
1112 5381 1322 5435 timore
1348 5384 1404 5434 et
1433 5378 1661 5451 pudore
1690 5377 1856 5434 omni
1888 5375 2127 5433 adulte-

453 5477 682 5538 rarunt,
697 5470 973 5543 antiquos
986 5470 1123 5525 ﬁdei
1141 5485 1402 5526 canones
1416 5464 2119 5538 abrogarunt,Christum

451 5559 829 5629 ignorarunt.
879 5563 995 5617 Nec
1041 5561 1124 5618 illi
1173 5561 1319 5636 quid
1365 5556 1580 5617 divinae
1632 5552 1854 5616 Littera:
1906 5558 2104 5617 dicant

2255 1814 2426 1887 ἐτέρας
2492 1814 2808 1888 κατήρξατο,
2868 1820 2958 1867 καὶ
3016 1815 3145 1867 ἄλλα
3200 1814 3370 1885 πολλῷ
3424 1820 3658 1889 χείρονα
3713 1813 3861 1868 έπινεο

2252 1907 2469 1965 νοηκώς.
2526 1906 2798 1976 Προῦργου
2832 1901 2881 1957 δ’
2913 1902 3107 1958 έτίθετο
3164 1906 3259 1966 τὰς
3290 1906 3686 1967 θεοπνεύστους
3742 1908 3859 1974 Γρα·

2252 1994 2347 2065 φας
2384 1990 2580 2044 ἀθετεῖν
2613 2009 2626 2023 ’
2686 1994 3055 2067 πσραφθείρειν
3105 1990 3164 2046 δε
3218 1998 3307 2046 καὶ
3344 1992 3403 2053 ἃς
3440 1992 3611 2055 αὐτὸς
3651 1988 3858 2065 παρεδέο

2251 2100 2400 2152 χετο,
2428 2084 2643 2144 Τούτοις
2676 2085 2766 2153 μεν
2799 2079 2886 2134 οὖν
2918 2083 3123 2155 Βίκτωρ
3154 2082 3181 2134 ό
3202 2090 3295 2144 τῆς
3316 2081 3518 2154 Ῥώμης
3552 2084 3852 2146 ἐπίσκοπος,

2251 2169 2341 2223 ἅτε
2393 2167 2461 2229 δὴ
2523 2172 2591 2223 τὰ
2634 2178 2731 2231 τῆς
2780 2176 3002 2233 πίστεως
3054 2173 3535 2247 παραχαράττουσι
3595 2169 3849 2244 δόγματα,

2248 2264 2493 2331 γενναίως
2547 2257 2830 2313 ἀνθίστατο
2860 2278 2873 2292 ·
2933 2264 3019 2314 τὸν
3064 2258 3123 2314 δε
3172 2266 3367 2314 σκυτέα
3412 2267 3503 2314 καὶ
3536 2260 3850 2335 ἐκκηρυκτον

2250 2348 2329 2400 ἐπ’
2384 2348 2660 2410 ἐκκλησίας
2709 2347 2885 2404 έτίθει.
2942 2348 3009 2402 ’⁸0
3055 2368 3115 2421 γε
3156 2355 3259 2423 μὴν
3314 2355 3407 2409 τὴν
3447 2352 3651 2423 μαρὰ-υ
3691 2347 3849 2404 Λαϐύ.

2248 2439 2421 2510 ρινθον
2458 2437 2573 2490 κατ’
2619 2437 2786 2489 αὐτῶν
2842 2440 3236 2511 συστησάμενος
3286 2437 3573 2511 ἀπελέγχει
3625 2442 3839 2504 τούτους,

2249 2527 2539 2599 φάσκοντας
2593 2525 2694 2579 ἀπό
2751 2534 2850 2579 τῶν
2908 2526 3210 2580 ἀποστόλων
3268 2533 3359 2581 καὶ
3414 2528 3648 2591 καθεξῆς
3696 2536 3839 2581 ταῦτα

2247 2614 2562 2688 παραλαϐεῖν
2596 2632 2607 2644 ”
2642 2620 2732 2669 καὶ
2790 2612 3211 2691 διατετηρῆσθαι
3267 2620 3361 2676 τὴν
3416 2615 3673 2675 ἀλήθειαν
3722 2619 3834 2691 ἄχρι

2250 2700 2317 2761 δή
2351 2709 2442 2756 καὶ
2487 2712 2587 2756 τῶν
2634 2708 2840 2777 χρόνων
2872 2708 3152 2781 Βίκτωρος,
3212 2706 3269 2768 ὃς
3324 2703 3385 2764 ἥν
3415 2703 3833 2779 τρισκαιδέκατος

2248 2791 2350 2845 ἀπὸ
2406 2797 2603 2867 Πέτρου
2656 2792 2704 2845 έν
2761 2799 2913 2866 Ρώμῃ
2963 2798 3269 2860 ὶπίσκοπος,
3308 2794 3410 2847 ἀπὸ
3440 2792 3503 2848 δε
3531 2804 3633 2848 τοῦ
3672 2790 3826 2848 διαδό-

2246 2902 2352 2954 χου
2406 2882 2566 2934 αὐτοῦ
2615 2886 2895 2955 Ζεφυρίνου
2934 2885 3427 2957 παρακεχαροὲχθαι
3457 2888 3557 2943 τὴν
3593 2885 3809 2942 ἀλήθειαν.

2248 2974 2399 3042 Λέγει
2430 2967 2481 3023 δ’
2508 2971 2593 3023 ἐπὶ
2623 2970 2802 3034 λέξεως
2859 2972 3024 3034 οὕτως
3056 2990 3069 3001 ’
3100 2992 3128 3024 ιι
3178 2972 3275 3025 Ἦν
3318 2970 3370 3026 δ’
3402 2972 3466 3025 ἂν
3504 2978 3661 3045 τυχόν
3683 2974 3797 3024 πιθα-

2872 3060 2917 3113 εἰ
2966 3066 3039 3133 μὴ
3107 3069 3309 3135 πρῶτον
3386 3065 3483 3135 μὲν
3546 3062 3795 3115 ἀπέπιπτον

2248 3148 2424 3211 αὐτοῖς
2463 3150 2518 3201 αἱ
2561 3152 2695 3202 θεῖαι
2744 3154 2945 3223 Γραφαί
2972 3167 2984 3180 ·
3018 3155 3108 3203 καὶ
3158 3147 3390 3224 ἀδελφῶν
3447 3148 3513 3205 δέ
3566 3172 3695 3205 τινων
3715 3150 3812 3202 Em

2245 3241 2528 3313 γράμματα
2596 3237 2960 3311 πρεσϐυτέρων
3026 3247 3126 3291 τῶν
3193 3240 3457 3315 Βίκτωρος
3507 3247 3703 3314 χρόνων
3729 3257 3741 3270 ·
3791 3237 3821 3289 ἆ

2247 3326 2432 3379 έκεῖνοι
2474 3330 2606 3399 πρὸς
2658 3330 2778 3386 ἔθνη
2829 3328 2955 3401 ὑπὲρ
3014 3336 3107 3389 τῆς
3166 3327 3404 3391 ἀληθείας
3458 3334 3706 3405 καὶπρὸς
3749 3328 3830 3389 τὰς

2245 3421 2363 3469 τότε
2398 3418 2619 3491 αἱρέσεις
2653 3416 2886 3492 ἔγραψαν
2919 3436 2933 3449 ο
2971 3416 3104 3489 λέγω
3151 3414 3211 3471 δε
3251 3418 3539 3472 ’1ουστίνου
3582 3424 3673 3472 καὶ
3712 3416 3831 3472 Mt)-

2245 3501 2455 3571 τιάδου,
2532 3511 2791 3559 Τατιανοῡ
2865 3524 2920 3559 τε
2982 3512 3073 3558 καὶ
3155 3506 3461 3580 Κλήμεντος,
3526 3514 3624 3561 καὶ
3674 3507 3832 3580 ἑτέρων

2244 3592 2509 3660 πλειόνων,
2569 3593 2618 3646 έν
2675 3596 2748 3656 οἷς
2797 3594 2965 3648 ἅπασι
3015 3595 3330 3668 θεολογιῖται
3381 3598 3407 3649 ό
3450 3604 3692 3673 Χριστός
3723 3618 3736 3630 ·
3778 3598 3834 3648 τὰ

2247 3685 2347 3756 γὰρ
2402 3682 2681 3757 Εἰρηναίου
2735 3703 2789 3737 τε
2844 3689 2933 3737 καὶ
2987 3684 3297 3751 Μελίτωνος,
3343 3690 3435 3738 καὶ
3486 3693 3589 3738 τῶν
3639 3686 3829 3753 λοιπῶν,

2247 3777 2328 3834 τίς
2375 3771 2547 3843 ἀγνοεῖ
2580 3770 2779 3846 βιϐλία,
2812 3776 2933 3826 Θεὸν
2990 3778 3080 3826 καὶ
3131 3774 3401 3845 ἄνθρωπον
3429 3775 3835 3847 καταγγελλοντα

2245 3865 2332 3914 τόν
2383 3867 2612 3935 Χριστόν
2646 3878 2661 3931 ;
2693 3861 2897 3935 Ψαλμοὶ
2936 3858 2995 3916 δὲ
3035 3864 3151 3916 ὅσοι
3201 3870 3291 3916 καὶ
3320 3860 3458 3935 ᾠδαὶ
3494 3860 3731 3937 ἀδελφῶν
3756 3862 3833 3914 ἀπ’

2249 3949 2426 4026 ἀρχῆς
2483 3950 2584 4003 ἀπὸ
2623 3960 2823 4004 πιστῶν
2876 3959 3182 4025 γραφεῖσαι,
3239 3958 3407 4025 Λόγον
3461 3961 3553 4006 τοῦ
3598 3955 3832 4008 Θεούτὸν

2248 4043 2475 4115 Χριστὸν
2551 4042 2775 4113 ὑμνοῦσι
2833 4041 3207 4113 θεολογοῡντες.
3265 4049 3383 4106 Πῶς
3439 4042 3531 4097 οὖν
3582 4046 3831 4097 τοσούτων

2247 4131 2367 4182 έτῶν
2419 4129 2890 4202 καταγγελλομένου
2940 4137 3032 4182 τοῦ
3070 4129 3513 4189 έκκλησιαστικοῡ
3578 4138 3831 4205 φρονημα-

2246 4237 2354 4284 τος,
2408 4214 2681 4291 ἐνδέχεται
2729 4222 2847 4280 τοὺς
2894 4222 3058 4294 μέχρι
3107 4223 3363 4295 Βίκτωρος
3388 4226 3616 4295 χρόνους
3654 4222 3825 4290 οὕτως,

2246 4306 2316 4369 ὡς
2358 4307 2503 4360 οὗτοι
2556 4308 2785 4380 λέγουσι,
2820 4313 3169 4384 κεκηρυχέναι
3198 4326 3213 4377 ;
3245 4317 3361 4373 Πῶς
3403 4307 3462 4364 δὲ
3510 4310 3606 4364 ούκ
3639 4308 3826 4364 αἰδοῦν·

2245 4416 2334 4449 ται
2398 4404 2563 4448 ταῦτα
2612 4398 2879 4471 Βίκτωρος
2920 4396 3379 4470 καταψεύσασθαι,
3440 4398 3675 4473 ἀκριϐῶς
3706 4395 3824 4453 εἰδό-

2245 4505 2346 4553 τες,
2376 4488 2457 4538 ὃτι
2494 4491 2692 4559 Βίκτωρ
2745 4483 2993 4540 Θεόδοτον
3045 4491 3131 4540 τόν
3184 4493 3397 4552 σκυτέα,
3439 4492 3528 4542 τὸν
3562 4490 3675 4562 μετ’
3720 4489 3817 4560 ’Δρο

2244 4578 2445 4648 τέμωνα
2508 4574 2749 4649 ἀρχηγὸν
2821 4582 2911 4629 καὶ
2989 4583 3188 4651 πατέρα
3252 4581 3448 4641 ταύτης
3530 4578 3806 4652 ἀρνησιθέον

2245 4663 2598 4731 ἀποστασίας,
2654 4664 2943 4740 ἀπεκήρυξε
3008 4674 3103 4729 τῆς
3162 4672 3450 4734 κοινωνίας,
3521 4678 3715 4741 πρῶτον
3754 4664 3810 4715 εἰ·

2245 4758 2407 4806 πάντα
2432 4752 2584 4825 ψιλόν
2611 4754 2878 4828 ἄνθρωπον
2930 4758 3017 4808 τόν
3067 4760 3297 4830 Χριστόν
3319 4776 3337 4829 ;
3396 4756 3455 4810 Εἰ
3502 4760 3606 4831 γὰρ
3649 4760 3814 4826 Βίκτωρ

2241 4844 2355 4896 κατ’
2398 4843 2583 4904 αύτούς
2632 4842 2791 4905 οὕτως
2847 4844 3064 4919 έφρόνει,
3123 4847 3193 4908 ὡς
3247 4848 3277 4904 ἡ
3339 4849 3535 4899 τούτων
3594 4844 3825 4900 διδάσκει

2242 4928 2575 5007 βλασφημία,
2630 4942 2741 4994 πῶς
2788 4930 2848 4986 ἃν
2890 4931 3109 4989 ἀπέϐαλε
3167 4931 3449 5004 Θεόδοτον,
3501 4939 3590 4989 τὸν
3638 4945 3731 4998 τῆς
3760 4935 3832 4986 αἱ·

2240 5027 2426 5093 ρέσεως
2478 5025 2674 5086 ταύτης
2729 5023 2931 5097 εὑρετὴν
2966 5042 2980 5092 ;
3022 5043 3052 5076 ιι
3084 5029 3223 5099 Πρὸς
3276 5026 3484 5087 τούτοις
3534 5030 3627 5079 καὶ
3677 5032 3838 5079 ταῦτα

2240 5112 2422 5183 ἕποίγει
2470 5126 2483 5139 ⁸
2548 5133 2577 5163 ιι
2626 5115 2829 5184 Γραφὰς
2884 5116 2973 5185 μεν
3025 5115 3164 5175 θείας
3212 5112 3415 5186 ἀφόϐως
3455 5111 3838 5188 ῥερᾳδιουργῆ·

2238 5217 2368 5253 κασι
2417 5215 2431 5228 ⁸
2468 5204 2695 5263 πίστεως
2739 5200 2969 5275 ἀρχαίας
3015 5208 3205 5256 κανόνα
3235 5201 3528 5262 ἠθιτήκασι
3559 5220 3573 5233 ·
3610 5206 3838 5279 Χριστόν

2238 5289 2561 5363 ἠγνοήκασιν
2585 5307 2597 5320 ·
2640 5290 2699 5343 ού
2729 5295 2781 5343 τί
2822 5291 3060 5364 λέγουσιν
3111 5295 3166 5345 αἱ
3202 5294 3335 5346 θιίαι
3375 5298 3578 5367 Γραιφαὶ
3625 5296 3838 5358 ζητοῦν·

2240 5396 2341 5441 τες.
2377 5375 2668 5442 Εὐκλείδης
2721 5376 2779 5433 δὲ
2828 5386 2918 5434 καὶ
2948 5381 3174 5446 Γαληνὸς
3222 5383 3354 5444 ἴσως
3392 5384 3572 5445 αὐτοῖς
3601 5401 3839 5458 προσκυ-

2232 5475 2417 5524 νεῖται.
2452 5490 2479 5521 »
2529 5472 2633 5524 Καὶ
2680 5470 2793 5543 μετ’
2844 5467 2998 5544 ὀλίγα
3050 5489 3064 5503 ·
3094 5495 3122 5524 ιι
3174 5473 3271 5526 Διὰ
3324 5478 3479 5525 τοῦτο
3517 5478 3631 5533 ταῖς
3672 5473 3835 5532 θείαις

2233 5560 2466 5639 Γραφαῖς
2500 5560 2592 5624 τὰς
2640 5562 2827 5636 χεῖρας
2882 5559 3147 5631 ἐπέϐαλον,
3193 5561 3421 5636 λέγοντες
3478 5560 3643 5625 αὐτὰς
3690 5557 3833 5637 διορ-
