  <div class='ocr_page' id='page_1' title='image "/cluster/home/n/w/nwhite01/storage/ocr_20150623/145/mdp.39015061167048/524.png"; bbox 0 0 4036 6288; ppageno 0'>
   <div class='ocr_carea' id='block_1_1' title="bbox 155 283 318 340">
    <p class='ocr_par' dir='ltr' id='par_1_1' title="bbox 155 283 318 340">
     <span class='ocr_line' id='line_1_1' title="bbox 155 283 318 340; baseline -0.012 0"><span class='ocrx_word' id='word_1_1' title='bbox 155 285 186 340; x_wconf 81' lang='grc'><strong>1</strong></span> <span class='ocrx_word' id='word_1_2' title='bbox 197 283 318 338; x_wconf 88' lang='grc'>033</span> 
     </span>
    </p>
   </div>
   <div class='ocr_carea' id='block_1_2' title="bbox 162 400 1847 480">
    <p class='ocr_par' dir='ltr' id='par_1_2' title="bbox 162 400 1847 480">
     <span class='ocr_line' id='line_1_2' title="bbox 162 400 1847 480; baseline -0.002 -20"><span class='ocrx_word' id='word_1_3' title='bbox 162 410 321 472; x_wconf 86' lang='grc' dir='ltr'>θοῦν,</span> <span class='ocrx_word' id='word_1_4' title='bbox 377 412 672 480; x_wconf 78' lang='grc' dir='ltr'>πανουργίᾳ</span> <span class='ocrx_word' id='word_1_5' title='bbox 704 411 798 464; x_wconf 82' lang='grc' dir='ltr'>τὴν</span> <span class='ocrx_word' id='word_1_6' title='bbox 849 405 1015 464; x_wconf 80' lang='grc' dir='ltr'>ἁπλῆν</span> <span class='ocrx_word' id='word_1_7' title='bbox 1060 414 1158 458; x_wconf 84' lang='grc' dir='ltr'>τῶν</span> <span class='ocrx_word' id='word_1_8' title='bbox 1215 407 1360 458; x_wconf 80' lang='grc' dir='ltr'>θείων</span> <span class='ocrx_word' id='word_1_9' title='bbox 1419 412 1633 478; x_wconf 81' lang='grc' dir='ltr'>Γραφῶν</span> <span class='ocrx_word' id='word_1_10' title='bbox 1676 400 1771 456; x_wconf 81' lang='grc' dir='ltr'>δύ-</span> <span class='ocrx_word' id='word_1_11' title='bbox 1803 404 1847 457; x_wconf 87' lang='grc' dir='ltr'><strong>Α</strong></span> 
     </span>
    </p>
   </div>
   <div class='ocr_carea' id='block_1_3' title="bbox 160 493 1769 570">
    <p class='ocr_par' dir='ltr' id='par_1_3' title="bbox 160 493 1769 570">
     <span class='ocr_line' id='line_1_3' title="bbox 160 493 1769 570; baseline -0.002 -22"><span class='ocrx_word' id='word_1_12' title='bbox 160 517 330 570; x_wconf 82' lang='grc' dir='ltr'>ναμιν</span> <span class='ocrx_word' id='word_1_13' title='bbox 376 495 764 560; x_wconf 79' lang='grc' dir='ltr'>καπηλεύοντες,</span> <span class='ocrx_word' id='word_1_14' title='bbox 820 498 1138 569; x_wconf 75' lang='grc' dir='ltr'>σοφωτέρους</span> <span class='ocrx_word' id='word_1_15' title='bbox 1204 494 1417 556; x_wconf 82' lang='grc' dir='ltr'>ἑαυτοὺς</span> <span class='ocrx_word' id='word_1_16' title='bbox 1470 502 1563 546; x_wconf 86' lang='grc' dir='ltr'>τοῦ</span> <span class='ocrx_word' id='word_1_17' title='bbox 1617 493 1769 563; x_wconf 78' lang='grc' dir='ltr'>ἁγίου</span> 
     </span>
    </p>
   </div>
   <div class='ocr_carea' id='block_1_4' title="bbox 162 580 1771 658">
    <p class='ocr_par' dir='ltr' id='par_1_4' title="bbox 162 580 1771 658">
     <span class='ocr_line' id='line_1_4' title="bbox 162 580 1771 658; baseline -0.002 -20"><span class='ocrx_word' id='word_1_18' title='bbox 162 589 475 658; x_wconf 82' lang='grc' dir='ltr'>Πνεύματος</span> <span class='ocrx_word' id='word_1_19' title='bbox 508 583 890 656; x_wconf 79' lang='grc' dir='ltr'>ἀποφαίνοντες.</span> <span class='ocrx_word' id='word_1_20' title='bbox 934 606 963 636; x_wconf 87' lang='grc'>›)</span> <span class='ocrx_word' id='word_1_21' title='bbox 1014 590 1168 655; x_wconf 80' lang='grc' dir='ltr'>Λέγει</span> <span class='ocrx_word' id='word_1_22' title='bbox 1201 581 1261 636; x_wconf 73' lang='grc' dir='ltr'>δὲ</span> <span class='ocrx_word' id='word_1_23' title='bbox 1298 580 1437 655; x_wconf 72' lang='grc' dir='ltr'>μηδὲ</span> <span class='ocrx_word' id='word_1_24' title='bbox 1476 591 1633 635; x_wconf 83' lang='grc' dir='ltr'>τυῦτο</span> <span class='ocrx_word' id='word_1_25' title='bbox 1681 582 1771 634; x_wconf 89' lang='grc' dir='ltr'>αύ-</span> 
     </span>
    </p>
   </div>
   <div class='ocr_carea' id='block_1_5' title="bbox 161 671 1771 750">
    <p class='ocr_par' dir='ltr' id='par_1_5' title="bbox 161 671 1771 750">
     <span class='ocr_line' id='line_1_5' title="bbox 161 671 1771 750; baseline -0.003 -23"><span class='ocrx_word' id='word_1_26' title='bbox 161 679 301 736; x_wconf 83' lang='grc' dir='ltr'>τοὺς</span> <span class='ocrx_word' id='word_1_27' title='bbox 365 671 676 750; x_wconf 75' lang='grc' dir='ltr'>δεδρακέναι</span> <span class='ocrx_word' id='word_1_28' title='bbox 736 678 1022 744; x_wconf 72' lang='grc' dir='ltr'>συμφώνως</span> <span class='ocrx_word' id='word_1_29' title='bbox 1069 690 1082 702; x_wconf 90' lang='grc'><strong>·</strong></span> <span class='ocrx_word' id='word_1_30' title='bbox 1145 673 1270 725; x_wconf 80' lang='grc' dir='ltr'>ἀλλὰ</span> <span class='ocrx_word' id='word_1_31' title='bbox 1327 673 1490 732; x_wconf 80' lang='grc' dir='ltr'>ἄλλως</span> <span class='ocrx_word' id='word_1_32' title='bbox 1548 675 1636 744; x_wconf 85' lang='grc' dir='ltr'>μὲν</span> <span class='ocrx_word' id='word_1_33' title='bbox 1687 675 1771 723; x_wconf 88' lang='grc' dir='ltr'>τόν</span> 
     </span>
    </p>
   </div>
   <div class='ocr_carea' id='block_1_6' title="bbox 166 759 1774 834">
    <p class='ocr_par' dir='ltr' id='par_1_6' title="bbox 166 759 1774 834">
     <span class='ocr_line' id='line_1_6' title="bbox 166 759 1774 834; baseline -0.004 -16"><span class='ocrx_word' id='word_1_34' title='bbox 166 761 463 829; x_wconf 82' lang='grc' dir='ltr'>Θεόδοτον,</span> <span class='ocrx_word' id='word_1_35' title='bbox 515 763 692 834; x_wconf 75' lang='grc' dir='ltr'>ἑτέρως</span> <span class='ocrx_word' id='word_1_36' title='bbox 743 759 800 814; x_wconf 72' lang='grc' dir='ltr'>δὲ</span> <span class='ocrx_word' id='word_1_37' title='bbox 851 766 935 814; x_wconf 87' lang='grc' dir='ltr'>τόν</span> <span class='ocrx_word' id='word_1_38' title='bbox 974 759 1443 827; x_wconf 83' lang='grc' dir='ltr'>Ἀσκληπιόδοτον,</span> <span class='ocrx_word' id='word_1_39' title='bbox 1475 766 1564 812; x_wconf 89' lang='grc' dir='ltr'>καὶ</span> <span class='ocrx_word' id='word_1_40' title='bbox 1592 761 1774 834; x_wconf 83' lang='grc' dir='ltr'>Ἑρμό-</span> 
     </span>
    </p>
   </div>
   <div class='ocr_carea' id='block_1_7' title="bbox 165 849 1774 926">
    <p class='ocr_par' dir='ltr' id='par_1_7' title="bbox 165 849 1774 926">
     <span class='ocr_line' id='line_1_7' title="bbox 165 849 1774 926; baseline -0.002 -20"><span class='ocrx_word' id='word_1_41' title='bbox 165 853 324 926; x_wconf 76' lang='grc' dir='ltr'>φιλον</span> <span class='ocrx_word' id='word_1_42' title='bbox 405 853 588 921; x_wconf 77' lang='grc' dir='ltr'>ἄλλως,</span> <span class='ocrx_word' id='word_1_43' title='bbox 640 857 730 904; x_wconf 80' lang='grc' dir='ltr'>καὶ</span> <span class='ocrx_word' id='word_1_44' title='bbox 812 855 900 904; x_wconf 87' lang='grc' dir='ltr'>τόν</span> <span class='ocrx_word' id='word_1_45' title='bbox 955 849 1344 909; x_wconf 81' lang='grc' dir='ltr'>Ἀπολλωνίδην</span> <span class='ocrx_word' id='word_1_46' title='bbox 1415 851 1616 924; x_wconf 77' lang='grc' dir='ltr'>ἑτέρως.</span> <span class='ocrx_word' id='word_1_47' title='bbox 1674 855 1774 902; x_wconf 83' lang='grc' dir='ltr'>Καὶ</span> 
     </span>
    </p>
   </div>
   <div class='ocr_carea' id='block_1_8' title="bbox 162 938 1776 1013">
    <p class='ocr_par' dir='ltr' id='par_1_8' title="bbox 162 938 1776 1013">
     <span class='ocr_line' id='line_1_8' title="bbox 162 938 1776 1013; baseline -0.004 -17"><span class='ocrx_word' id='word_1_48' title='bbox 162 947 375 996; x_wconf 86' lang='grc' dir='ltr'>τούτων</span> <span class='ocrx_word' id='word_1_49' title='bbox 423 940 481 994; x_wconf 78' lang='grc' dir='ltr'>δὲ</span> <span class='ocrx_word' id='word_1_50' title='bbox 525 943 757 994; x_wconf 83' lang='grc' dir='ltr'>ἓκαστων</span> <span class='ocrx_word' id='word_1_51' title='bbox 804 938 1174 1013; x_wconf 84' lang='grc' dir='ltr'>ἐπιδιόρθωσιν</span> <span class='ocrx_word' id='word_1_52' title='bbox 1230 949 1326 992; x_wconf 84' lang='grc' dir='ltr'>τῶν</span> <span class='ocrx_word' id='word_1_53' title='bbox 1371 939 1570 992; x_wconf 80' lang='grc' dir='ltr'>οἰκείων</span> <span class='ocrx_word' id='word_1_54' title='bbox 1613 944 1776 996; x_wconf 83' lang='grc' dir='ltr'>ποιή-</span> 
     </span>
    </p>
   </div>
   <div class='ocr_carea' id='block_1_9' title="bbox 165 1026 1778 1104">
    <p class='ocr_par' dir='ltr' id='par_1_9' title="bbox 165 1026 1778 1104">
     <span class='ocr_line' id='line_1_9' title="bbox 165 1026 1778 1104; baseline -0.004 -18"><span class='ocrx_word' id='word_1_55' title='bbox 165 1034 384 1086; x_wconf 86' lang='grc' dir='ltr'>σασθαι</span> <span class='ocrx_word' id='word_1_56' title='bbox 412 1051 424 1062; x_wconf 93' lang='grc'>·</span> <span class='ocrx_word' id='word_1_57' title='bbox 455 1033 589 1082; x_wconf 81' lang='grc' dir='ltr'>ὥστε</span> <span class='ocrx_word' id='word_1_58' title='bbox 618 1029 809 1088; x_wconf 72' lang='grc' dir='ltr'>πολλὴν</span> <span class='ocrx_word' id='word_1_59' title='bbox 849 1026 980 1081; x_wconf 82' lang='grc' dir='ltr'>εἶναι</span> <span class='ocrx_word' id='word_1_60' title='bbox 1034 1038 1132 1081; x_wconf 86' lang='grc' dir='ltr'>τῶν</span> <span class='ocrx_word' id='word_1_61' title='bbox 1171 1029 1293 1104; x_wconf 88' lang='grc' dir='ltr'>παρ’</span> <span class='ocrx_word' id='word_1_62' title='bbox 1334 1029 1507 1088; x_wconf 78' lang='grc' dir='ltr'>αὐτοῖς</span> <span class='ocrx_word' id='word_1_63' title='bbox 1537 1027 1778 1100; x_wconf 78' lang='grc' dir='ltr'>ἀντιγρά-</span> 
     </span>
    </p>
   </div>
   <div class='ocr_carea' id='block_1_10' title="bbox 167 1115 1779 1194">
    <p class='ocr_par' dir='ltr' id='par_1_10' title="bbox 167 1115 1779 1194">
     <span class='ocr_line' id='line_1_10' title="bbox 167 1115 1779 1194; baseline -0.002 -21"><span class='ocrx_word' id='word_1_64' title='bbox 167 1143 286 1194; x_wconf 80' lang='grc' dir='ltr'>φων</span> <span class='ocrx_word' id='word_1_65' title='bbox 333 1119 638 1192; x_wconf 81' lang='grc' dir='ltr'>διαφωνίαν.</span> <span class='ocrx_word' id='word_1_66' title='bbox 693 1118 860 1171; x_wconf 80' lang='grc' dir='ltr'>Ἐνιοι</span> <span class='ocrx_word' id='word_1_67' title='bbox 902 1115 961 1171; x_wconf 75' lang='grc' dir='ltr'>δὲ</span> <span class='ocrx_word' id='word_1_68' title='bbox 1000 1119 1188 1184; x_wconf 74' lang='grc' dir='ltr'>αὐτῶν,</span> <span class='ocrx_word' id='word_1_69' title='bbox 1231 1123 1408 1191; x_wconf 86' lang='grc' dir='ltr'>φησὶν,</span> <span class='ocrx_word' id='word_1_70' title='bbox 1441 1119 1500 1170; x_wconf 85' lang='grc' dir='ltr'>ού</span> <span class='ocrx_word' id='word_1_71' title='bbox 1531 1137 1779 1191; x_wconf 89' lang='grc' dir='ltr'>παραχα-</span> 
     </span>
    </p>
   </div>
   <div class='ocr_carea' id='block_1_11' title="bbox 162 1207 1776 1285">
    <p class='ocr_par' dir='ltr' id='par_1_11' title="bbox 162 1207 1776 1285">
     <span class='ocr_line' id='line_1_11' title="bbox 162 1207 1776 1285; baseline -0.003 -23"><span class='ocrx_word' id='word_1_72' title='bbox 162 1214 387 1285; x_wconf 83' lang='grc' dir='ltr'>ράττειν</span> <span class='ocrx_word' id='word_1_73' title='bbox 426 1209 657 1272; x_wconf 76' lang='grc' dir='ltr'>ἠξίωσαν</span> <span class='ocrx_word' id='word_1_74' title='bbox 687 1209 866 1272; x_wconf 72' lang='grc' dir='ltr'>αὐτὰς,</span> <span class='ocrx_word' id='word_1_75' title='bbox 914 1207 1018 1259; x_wconf 77' lang='grc' dir='ltr'>ἀλλ’</span> <span class='ocrx_word' id='word_1_76' title='bbox 1063 1208 1235 1269; x_wconf 84' lang='grc' dir='ltr'>ἁπλῶς</span> <span class='ocrx_word' id='word_1_77' title='bbox 1290 1207 1640 1282; x_wconf 76' lang='grc' dir='ltr'>ἀρνησάμενοι</span> <span class='ocrx_word' id='word_1_78' title='bbox 1691 1213 1776 1258; x_wconf 88' lang='grc' dir='ltr'>τόν</span> 
     </span>
    </p>
   </div>
   <div class='ocr_carea' id='block_1_12' title="bbox 166 1292 1779 1372">
    <p class='ocr_par' dir='ltr' id='par_1_12' title="bbox 166 1292 1779 1372">
     <span class='ocr_line' id='line_1_12' title="bbox 166 1292 1779 1372; baseline -0.003 -20"><span class='ocrx_word' id='word_1_79' title='bbox 166 1319 227 1352; x_wconf 79' lang='grc' dir='ltr'>τε</span> <span class='ocrx_word' id='word_1_80' title='bbox 261 1305 420 1372; x_wconf 88' lang='grc' dir='ltr'>νόμον</span> <span class='ocrx_word' id='word_1_81' title='bbox 458 1304 549 1351; x_wconf 83' lang='grc' dir='ltr'>καὶ</span> <span class='ocrx_word' id='word_1_82' title='bbox 590 1303 713 1360; x_wconf 88' lang='grc' dir='ltr'>τοὺς</span> <span class='ocrx_word' id='word_1_83' title='bbox 750 1303 1036 1372; x_wconf 79' lang='grc' dir='ltr'>προφήτας,</span> <span class='ocrx_word' id='word_1_84' title='bbox 1070 1297 1262 1369; x_wconf 83' lang='grc' dir='ltr'>ἀνόμου</span> <span class='ocrx_word' id='word_1_85' title='bbox 1317 1302 1406 1348; x_wconf 87' lang='grc' dir='ltr'>καὶ</span> <span class='ocrx_word' id='word_1_86' title='bbox 1438 1297 1591 1348; x_wconf 79' lang='grc' dir='ltr'>ἀθέου</span> <span class='ocrx_word' id='word_1_87' title='bbox 1625 1292 1779 1348; x_wconf 79' lang='grc' dir='ltr'>διδαο</span> 
     </span>
    </p>
   </div>
   <div class='ocr_carea' id='block_1_13' title="bbox 169 1385 1781 1461">
    <p class='ocr_par' dir='ltr' id='par_1_13' title="bbox 169 1385 1781 1461">
     <span class='ocr_line' id='line_1_13' title="bbox 169 1385 1781 1461; baseline -0.003 -19"><span class='ocrx_word' id='word_1_88' title='bbox 169 1390 406 1451; x_wconf 86' lang='grc' dir='ltr'>σκαλίας</span> <span class='ocrx_word' id='word_1_89' title='bbox 480 1390 736 1461; x_wconf 73' lang='grc' dir='ltr'>προφάσει</span> <span class='ocrx_word' id='word_1_90' title='bbox 808 1391 1034 1460; x_wconf 86' lang='grc' dir='ltr'>χάριτος</span> <span class='ocrx_word' id='word_1_91' title='bbox 1110 1387 1183 1448; x_wconf 87' lang='grc' dir='ltr'>εὶς</span> <span class='ocrx_word' id='word_1_92' title='bbox 1238 1389 1465 1458; x_wconf 79' lang='grc' dir='ltr'>ἔσχατον</span> <span class='ocrx_word' id='word_1_93' title='bbox 1525 1385 1781 1447; x_wconf 80' lang='grc' dir='ltr'>ἀπωλείας</span> 
     </span>
    </p>
   </div>
   <div class='ocr_carea' id='block_1_14' title="bbox 165 1475 1782 1547">
    <p class='ocr_par' dir='ltr' id='par_1_14' title="bbox 165 1475 1782 1547">
     <span class='ocr_line' id='line_1_14' title="bbox 165 1475 1782 1547; baseline -0.003 -16"><span class='ocrx_word' id='word_1_94' title='bbox 165 1478 529 1531; x_wconf 85' lang='grc' dir='ltr'>κατὼλισθον.</span> <span class='ocrx_word' id='word_1_95' title='bbox 582 1477 640 1529; x_wconf 84' lang='grc' dir='ltr'><strong>Ὀ</strong></span> <span class='ocrx_word' id='word_1_96' title='bbox 691 1475 750 1529; x_wconf 70' lang='grc' dir='ltr'>δὲ</span> <span class='ocrx_word' id='word_1_97' title='bbox 805 1481 864 1528; x_wconf 87' lang='grc' dir='ltr'>τὸ</span> <span class='ocrx_word' id='word_1_98' title='bbox 913 1477 1027 1528; x_wconf 89' lang='grc' dir='ltr'>κατ’</span> <span class='ocrx_word' id='word_1_99' title='bbox 1086 1477 1254 1528; x_wconf 74' lang='grc' dir='ltr'>αὐτῶν</span> <span class='ocrx_word' id='word_1_100' title='bbox 1313 1479 1639 1547; x_wconf 88' lang='grc' dir='ltr'>σύγγραμμα</span> <span class='ocrx_word' id='word_1_101' title='bbox 1691 1495 1782 1526; x_wconf 91' lang='grc' dir='ltr'>συ-</span> 
     </span>
    </p>
   </div>
   <div class='ocr_carea' id='block_1_15' title="bbox 171 1562 1781 1640">
    <p class='ocr_par' dir='ltr' id='par_1_15' title="bbox 171 1562 1781 1640">
     <span class='ocr_line' id='line_1_15' title="bbox 171 1562 1781 1640; baseline -0.003 -20"><span class='ocrx_word' id='word_1_102' title='bbox 171 1569 534 1640; x_wconf 77' lang='grc' dir='ltr'>στησάμενος,</span> <span class='ocrx_word' id='word_1_103' title='bbox 576 1571 664 1618; x_wconf 87' lang='grc' dir='ltr'>καί</span> <span class='ocrx_word' id='word_1_104' title='bbox 703 1586 755 1618; x_wconf 89' lang='grc' dir='ltr'>τι</span> <span class='ocrx_word' id='word_1_105' title='bbox 800 1571 920 1638; x_wconf 85' lang='grc' dir='ltr'>περὶ</span> <span class='ocrx_word' id='word_1_106' title='bbox 973 1569 1167 1618; x_wconf 90' lang='grc' dir='ltr'>τούτων</span> <span class='ocrx_word' id='word_1_107' title='bbox 1219 1562 1466 1636; x_wconf 78' lang='grc' dir='ltr'>διήγημα</span> <span class='ocrx_word' id='word_1_108' title='bbox 1509 1567 1722 1636; x_wconf 84' lang='grc' dir='ltr'>ἱστορεῖ,</span> <span class='ocrx_word' id='word_1_109' title='bbox 1756 1563 1781 1615; x_wconf 90' lang='grc' dir='ltr'><strong>ὂ</strong></span> 
     </span>
    </p>
   </div>
   <div class='ocr_carea' id='block_1_16' title="bbox 168 1651 1782 1730">
    <p class='ocr_par' dir='ltr' id='par_1_16' title="bbox 168 1651 1782 1730">
     <span class='ocr_line' id='line_1_16' title="bbox 168 1651 1782 1730; baseline -0.004 -21"><span class='ocrx_word' id='word_1_110' title='bbox 168 1665 237 1730; x_wconf 75' lang='grc' dir='ltr'>τῇ</span> <span class='ocrx_word' id='word_1_111' title='bbox 300 1658 547 1729; x_wconf 74' lang='grc' dir='ltr'>παρούσῃ</span> <span class='ocrx_word' id='word_1_112' title='bbox 601 1660 933 1729; x_wconf 79' lang='grc' dir='ltr'>πραγματείᾳ</span> <span class='ocrx_word' id='word_1_113' title='bbox 963 1657 1207 1707; x_wconf 80' lang='grc' dir='ltr'>ἐκθέσθαι</span> <span class='ocrx_word' id='word_1_114' title='bbox 1258 1651 1484 1707; x_wconf 85' lang='grc' dir='ltr'>δίκαιον.</span> <span class='ocrx_word' id='word_1_115' title='bbox 1524 1654 1782 1706; x_wconf 86' lang='grc' dir='ltr'>Νατάλιον</span> 
     </span>
    </p>
   </div>
   <div class='ocr_carea' id='block_1_17' title="bbox 171 1742 1860 1820">
    <p class='ocr_par' dir='ltr' id='par_1_17' title="bbox 171 1742 1860 1820">
     <span class='ocr_line' id='line_1_17' title="bbox 171 1742 1860 1820; baseline -0.002 -23"><span class='ocrx_word' id='word_1_116' title='bbox 171 1748 282 1819; x_wconf 88' lang='grc' dir='ltr'>γάρ</span> <span class='ocrx_word' id='word_1_117' title='bbox 351 1765 466 1797; x_wconf 90' lang='grc' dir='ltr'>τινα</span> <span class='ocrx_word' id='word_1_118' title='bbox 509 1749 641 1816; x_wconf 84' lang='grc' dir='ltr'>φησί</span> <span class='ocrx_word' id='word_1_119' title='bbox 690 1752 789 1796; x_wconf 85' lang='grc' dir='ltr'>τῶν</span> <span class='ocrx_word' id='word_1_120' title='bbox 841 1748 1081 1814; x_wconf 88' lang='grc' dir='ltr'>γενναίων</span> <span class='ocrx_word' id='word_1_121' title='bbox 1129 1742 1453 1814; x_wconf 85' lang='grc' dir='ltr'>όμολογητῶν</span> <span class='ocrx_word' id='word_1_122' title='bbox 1508 1743 1594 1794; x_wconf 80' lang='grc' dir='ltr'>ἕνα</span> <span class='ocrx_word' id='word_1_123' title='bbox 1642 1761 1784 1812; x_wconf 84' lang='grc' dir='ltr'>γεγε·</span> <span class='ocrx_word' id='word_1_124' title='bbox 1816 1765 1860 1820; x_wconf 81' lang='grc' dir='ltr'>Β</span> 
     </span>
    </p>
   </div>
   <div class='ocr_carea' id='block_1_18' title="bbox 171 1828 1782 1907">
    <p class='ocr_par' dir='ltr' id='par_1_18' title="bbox 171 1828 1782 1907">
     <span class='ocr_line' id='line_1_18' title="bbox 171 1828 1782 1907; baseline -0.003 -20"><span class='ocrx_word' id='word_1_125' title='bbox 171 1839 406 1907; x_wconf 81' lang='grc' dir='ltr'>νημένον</span> <span class='ocrx_word' id='word_1_126' title='bbox 462 1833 549 1885; x_wconf 76' lang='grc' dir='ltr'>ὑπ’</span> <span class='ocrx_word' id='word_1_127' title='bbox 614 1829 1067 1890; x_wconf 83' lang='grc' dir='ltr'>Ἀσκληπιοδότου</span> <span class='ocrx_word' id='word_1_128' title='bbox 1139 1836 1226 1884; x_wconf 81' lang='grc' dir='ltr'>καὶ</span> <span class='ocrx_word' id='word_1_129' title='bbox 1292 1828 1550 1884; x_wconf 76' lang='grc' dir='ltr'>Θεοδότου</span> <span class='ocrx_word' id='word_1_130' title='bbox 1612 1831 1782 1904; x_wconf 83' lang='grc' dir='ltr'>ἑτέρου</span> 
     </span>
    </p>
   </div>
   <div class='ocr_carea' id='block_1_19' title="bbox 175 1916 1785 1998">
    <p class='ocr_par' dir='ltr' id='par_1_19' title="bbox 175 1916 1785 1998">
     <span class='ocr_line' id='line_1_19' title="bbox 175 1916 1785 1998; baseline -0.003 -22"><span class='ocrx_word' id='word_1_131' title='bbox 175 1927 324 1984; x_wconf 87' lang='grc' dir='ltr'>τινός</span> <span class='ocrx_word' id='word_1_132' title='bbox 375 1923 691 1998; x_wconf 77' lang='grc' dir='ltr'>τραπεζίτου</span> <span class='ocrx_word' id='word_1_133' title='bbox 767 1921 1174 1985; x_wconf 85' lang='grc' dir='ltr'>ἐξαπατηθῆναι.</span> <span class='ocrx_word' id='word_1_134' title='bbox 1243 1923 1491 1978; x_wconf 84' lang='grc' dir='ltr'>Μαθηταὶ</span> <span class='ocrx_word' id='word_1_135' title='bbox 1551 1916 1602 1972; x_wconf 86' lang='grc' dir='ltr'>δ’</span> <span class='ocrx_word' id='word_1_136' title='bbox 1651 1917 1785 1978; x_wconf 74' lang='grc' dir='ltr'>ἦσαν</span> 
     </span>
    </p>
   </div>
   <div class='ocr_carea' id='block_1_20' title="bbox 178 2010 1788 2084">
    <p class='ocr_par' dir='ltr' id='par_1_20' title="bbox 178 2010 1788 2084">
     <span class='ocr_line' id='line_1_20' title="bbox 178 2010 1788 2084; baseline -0.005 -16"><span class='ocrx_word' id='word_1_137' title='bbox 178 2010 452 2068; x_wconf 82' lang='grc' dir='ltr'>Θεοδότου</span> <span class='ocrx_word' id='word_1_138' title='bbox 492 2021 585 2064; x_wconf 84' lang='grc' dir='ltr'>τού</span> <span class='ocrx_word' id='word_1_139' title='bbox 633 2014 743 2084; x_wconf 84' lang='grc' dir='ltr'>μετ’</span> <span class='ocrx_word' id='word_1_140' title='bbox 791 2011 1087 2083; x_wconf 86' lang='grc' dir='ltr'>Ἀρτέμωνα</span> <span class='ocrx_word' id='word_1_141' title='bbox 1133 2019 1224 2070; x_wconf 86' lang='grc' dir='ltr'>τῆς</span> <span class='ocrx_word' id='word_1_142' title='bbox 1254 2013 1504 2070; x_wconf 87' lang='grc' dir='ltr'>τοιαύτης</span> <span class='ocrx_word' id='word_1_143' title='bbox 1542 2011 1788 2084; x_wconf 83' lang='grc' dir='ltr'>αἱρέσεως</span> 
     </span>
    </p>
   </div>
   <div class='ocr_carea' id='block_1_21' title="bbox 180 2101 1790 2177">
    <p class='ocr_par' dir='ltr' id='par_1_21' title="bbox 180 2101 1790 2177">
     <span class='ocr_line' id='line_1_21' title="bbox 180 2101 1790 2177; baseline -0.003 -23"><span class='ocrx_word' id='word_1_144' title='bbox 180 2101 462 2177; x_wconf 76' lang='grc' dir='ltr'>ἀρχηγοῦ,</span> <span class='ocrx_word' id='word_1_145' title='bbox 523 2103 654 2153; x_wconf 80' lang='grc' dir='ltr'>ὥστε</span> <span class='ocrx_word' id='word_1_146' title='bbox 693 2109 982 2173; x_wconf 84' lang='grc' dir='ltr'>προστῆναι</span> <span class='ocrx_word' id='word_1_147' title='bbox 1032 2103 1114 2152; x_wconf 77' lang='grc' dir='ltr'>ἐπὶ</span> <span class='ocrx_word' id='word_1_148' title='bbox 1171 2102 1344 2170; x_wconf 86' lang='grc' dir='ltr'>μισθῷ</span> <span class='ocrx_word' id='word_1_149' title='bbox 1389 2107 1486 2161; x_wconf 81' lang='grc' dir='ltr'>τῆς</span> <span class='ocrx_word' id='word_1_150' title='bbox 1543 2102 1790 2172; x_wconf 73' lang='grc' dir='ltr'>φρατρίας</span> 
     </span>
    </p>
   </div>
   <div class='ocr_carea' id='block_1_22' title="bbox 186 2184 1789 2261">
    <p class='ocr_par' dir='ltr' id='par_1_22' title="bbox 186 2184 1789 2261">
     <span class='ocr_line' id='line_1_22' title="bbox 186 2184 1789 2261; baseline -0.004 -17"><span class='ocrx_word' id='word_1_151' title='bbox 186 2189 284 2244; x_wconf 77' lang='grc' dir='ltr'>διὰ</span> <span class='ocrx_word' id='word_1_152' title='bbox 329 2196 388 2244; x_wconf 87' lang='grc' dir='ltr'>τό</span> <span class='ocrx_word' id='word_1_153' title='bbox 444 2198 537 2252; x_wconf 80' lang='grc' dir='ltr'>τῆς</span> <span class='ocrx_word' id='word_1_154' title='bbox 592 2189 866 2261; x_wconf 80' lang='grc' dir='ltr'>ὁμολογίας</span> <span class='ocrx_word' id='word_1_155' title='bbox 905 2190 1182 2261; x_wconf 83' lang='grc' dir='ltr'>ἐπίσημον.</span> <span class='ocrx_word' id='word_1_156' title='bbox 1217 2191 1449 2261; x_wconf 81' lang='grc' dir='ltr'>Δηνάρια</span> <span class='ocrx_word' id='word_1_157' title='bbox 1495 2184 1553 2241; x_wconf 72' lang='grc' dir='ltr'>δὲ</span> <span class='ocrx_word' id='word_1_158' title='bbox 1611 2187 1789 2239; x_wconf 79' lang='grc' dir='ltr'>ἑκατὸν</span> 
     </span>
    </p>
   </div>
   <div class='ocr_carea' id='block_1_23' title="bbox 186 2278 1793 2350">
    <p class='ocr_par' dir='ltr' id='par_1_23' title="bbox 186 2278 1793 2350">
     <span class='ocr_line' id='line_1_23' title="bbox 186 2278 1793 2350; baseline -0.003 -17"><span class='ocrx_word' id='word_1_159' title='bbox 186 2285 278 2333; x_wconf 82' lang='grc' dir='ltr'>καὶ</span> <span class='ocrx_word' id='word_1_160' title='bbox 317 2285 644 2337; x_wconf 80' lang='grc' dir='ltr'>πεντήκοντα</span> <span class='ocrx_word' id='word_1_161' title='bbox 693 2280 809 2331; x_wconf 80' lang='grc' dir='ltr'>καθ’</span> <span class='ocrx_word' id='word_1_162' title='bbox 843 2278 1067 2336; x_wconf 76' lang='grc' dir='ltr'>εκάστην</span> <span class='ocrx_word' id='word_1_163' title='bbox 1125 2279 1200 2348; x_wconf 81' lang='grc'>(1)</span> <span class='ocrx_word' id='word_1_164' title='bbox 1241 2279 1598 2347; x_wconf 80' lang='grc' dir='ltr'>ὑπισχνοῦντο</span> <span class='ocrx_word' id='word_1_165' title='bbox 1637 2280 1793 2350; x_wconf 85' lang='grc' dir='ltr'>παρέ-</span> 
     </span>
    </p>
   </div>
   <div class='ocr_carea' id='block_1_24' title="bbox 188 2362 1792 2442">
    <p class='ocr_par' dir='ltr' id='par_1_24' title="bbox 188 2362 1792 2442">
     <span class='ocr_line' id='line_1_24' title="bbox 188 2362 1792 2442; baseline -0.004 -20"><span class='ocrx_word' id='word_1_166' title='bbox 188 2389 308 2442; x_wconf 83' lang='grc' dir='ltr'>χειν</span> <span class='ocrx_word' id='word_1_167' title='bbox 341 2369 504 2438; x_wconf 78' lang='grc' dir='ltr'>αύτῷ.</span> <span class='ocrx_word' id='word_1_168' title='bbox 536 2367 624 2429; x_wconf 84' lang='grc' dir='ltr'>Ὠς</span> <span class='ocrx_word' id='word_1_169' title='bbox 655 2365 704 2420; x_wconf 85' lang='grc' dir='ltr'>δ’</span> <span class='ocrx_word' id='word_1_170' title='bbox 744 2364 830 2419; x_wconf 82' lang='grc' dir='ltr'>οὖν</span> <span class='ocrx_word' id='word_1_171' title='bbox 862 2371 1056 2438; x_wconf 74' lang='grc' dir='ltr'>ἐγένετο</span> <span class='ocrx_word' id='word_1_172' title='bbox 1103 2371 1212 2438; x_wconf 88' lang='grc' dir='ltr'>μετ’</span> <span class='ocrx_word' id='word_1_173' title='bbox 1263 2366 1449 2434; x_wconf 75' lang='grc' dir='ltr'>αὑτων,</span> <span class='ocrx_word' id='word_1_174' title='bbox 1484 2362 1556 2418; x_wconf 86' lang='grc' dir='ltr'>δι’</span> <span class='ocrx_word' id='word_1_175' title='bbox 1588 2367 1792 2437; x_wconf 81' lang='grc' dir='ltr'>ὀνείρων</span> 
     </span>
    </p>
   </div>
   <div class='ocr_carea' id='block_1_25' title="bbox 189 2454 1788 2528">
    <p class='ocr_par' dir='ltr' id='par_1_25' title="bbox 189 2454 1788 2528">
     <span class='ocr_line' id='line_1_25' title="bbox 189 2454 1788 2528; baseline -0.003 -17"><span class='ocrx_word' id='word_1_176' title='bbox 189 2458 442 2519; x_wconf 74' lang='grc' dir='ltr'>πολλάκις</span> <span class='ocrx_word' id='word_1_177' title='bbox 481 2455 698 2518; x_wconf 72' lang='grc' dir='ltr'>ἐπιστὰς</span> <span class='ocrx_word' id='word_1_178' title='bbox 738 2456 878 2527; x_wconf 86' lang='grc' dir='ltr'>αύτῷ</span> <span class='ocrx_word' id='word_1_179' title='bbox 907 2459 1133 2528; x_wconf 83' lang='grc' dir='ltr'>Χριστὸν</span> <span class='ocrx_word' id='word_1_180' title='bbox 1167 2457 1192 2507; x_wconf 91' lang='grc' dir='ltr'>ό</span> <span class='ocrx_word' id='word_1_181' title='bbox 1223 2464 1322 2508; x_wconf 86' lang='grc' dir='ltr'>τῶν</span> <span class='ocrx_word' id='word_1_182' title='bbox 1359 2454 1550 2526; x_wconf 71' lang='grc' dir='ltr'>ψυχῶν</span> <span class='ocrx_word' id='word_1_183' title='bbox 1594 2454 1788 2526; x_wconf 87' lang='grc' dir='ltr'>ἰατρὸς,</span> 
     </span>
    </p>
   </div>
   <div class='ocr_carea' id='block_1_26' title="bbox 193 2543 1792 2618">
    <p class='ocr_par' dir='ltr' id='par_1_26' title="bbox 193 2543 1792 2618">
     <span class='ocr_line' id='line_1_26' title="bbox 193 2543 1792 2618; baseline -0.003 -19"><span class='ocrx_word' id='word_1_184' title='bbox 193 2557 290 2609; x_wconf 81' lang='grc' dir='ltr'>τῆς</span> <span class='ocrx_word' id='word_1_185' title='bbox 340 2546 539 2606; x_wconf 85' lang='grc' dir='ltr'>πλάνης</span> <span class='ocrx_word' id='word_1_186' title='bbox 584 2545 1003 2597; x_wconf 78' lang='grc' dir='ltr'>ἀπαλλάττεσθαι</span> <span class='ocrx_word' id='word_1_187' title='bbox 1051 2549 1287 2618; x_wconf 71' lang='grc' dir='ltr'>παρῄνει.</span> <span class='ocrx_word' id='word_1_188' title='bbox 1352 2543 1661 2597; x_wconf 88' lang='grc' dir='ltr'>Ἀπολέσθαι</span> <span class='ocrx_word' id='word_1_189' title='bbox 1691 2546 1792 2616; x_wconf 82' lang='grc' dir='ltr'>γὰρ</span> 
     </span>
    </p>
   </div>
   <div class='ocr_carea' id='block_1_27' title="bbox 199 2634 1795 2704">
    <p class='ocr_par' dir='ltr' id='par_1_27' title="bbox 199 2634 1795 2704">
     <span class='ocr_line' id='line_1_27' title="bbox 199 2634 1795 2704; baseline -0.003 -17"><span class='ocrx_word' id='word_1_190' title='bbox 199 2638 398 2694; x_wconf 75' lang='grc' dir='ltr'>ἣκιστα</span> <span class='ocrx_word' id='word_1_191' title='bbox 458 2635 631 2694; x_wconf 78' lang='grc' dir='ltr'>ἤθελεν</span> <span class='ocrx_word' id='word_1_192' title='bbox 692 2634 786 2697; x_wconf 81' lang='grc' dir='ltr'>ἔξω</span> <span class='ocrx_word' id='word_1_193' title='bbox 836 2635 1153 2694; x_wconf 87' lang='grc' dir='ltr'>Ἐκκλησίας</span> <span class='ocrx_word' id='word_1_194' title='bbox 1204 2635 1588 2697; x_wconf 76' lang='grc' dir='ltr'>καθεστηκότα,</span> <span class='ocrx_word' id='word_1_195' title='bbox 1665 2635 1795 2704; x_wconf 87' lang='grc' dir='ltr'>μάρ-</span> 
     </span>
    </p>
   </div>
   <div class='ocr_carea' id='block_1_28' title="bbox 206 2723 1796 2796">
    <p class='ocr_par' dir='ltr' id='par_1_28' title="bbox 206 2723 1796 2796">
     <span class='ocr_line' id='line_1_28' title="bbox 206 2723 1796 2796; baseline -0.003 -20"><span class='ocrx_word' id='word_1_196' title='bbox 206 2744 340 2796; x_wconf 90' lang='grc' dir='ltr'>τυρα</span> <span class='ocrx_word' id='word_1_197' title='bbox 387 2734 480 2776; x_wconf 90' lang='grc' dir='ltr'>τῶν</span> <span class='ocrx_word' id='word_1_198' title='bbox 537 2725 699 2776; x_wconf 79' lang='grc' dir='ltr'>αὐτοῦ</span> <span class='ocrx_word' id='word_1_199' title='bbox 751 2725 1075 2794; x_wconf 85' lang='grc' dir='ltr'>παθημάτων</span> <span class='ocrx_word' id='word_1_200' title='bbox 1130 2727 1394 2794; x_wconf 79' lang='grc' dir='ltr'>γενόμενον</span> <span class='ocrx_word' id='word_1_201' title='bbox 1424 2739 1436 2751; x_wconf 76' lang='grc'><strong><em>⁸</em></strong></span> <span class='ocrx_word' id='word_1_202' title='bbox 1499 2723 1796 2794; x_wconf 83' lang='grc' dir='ltr'>προσετίθει</span> 
     </span>
    </p>
   </div>
   <div class='ocr_carea' id='block_1_29' title="bbox 214 2810 1795 2886">
    <p class='ocr_par' dir='ltr' id='par_1_29' title="bbox 214 2810 1795 2886">
     <span class='ocr_line' id='line_1_29' title="bbox 214 2810 1795 2886; baseline -0.004 -20"><span class='ocrx_word' id='word_1_203' title='bbox 214 2810 290 2879; x_wconf 75' lang='grc' dir='ltr'>δὲ,</span> <span class='ocrx_word' id='word_1_204' title='bbox 331 2817 400 2874; x_wconf 84' lang='grc' dir='ltr'>ὡς</span> <span class='ocrx_word' id='word_1_205' title='bbox 445 2814 549 2884; x_wconf 81' lang='grc' dir='ltr'>οὐχ</span> <span class='ocrx_word' id='word_1_206' title='bbox 581 2815 707 2885; x_wconf 68' lang='grc' dir='ltr'>ὑπὲρ</span> <span class='ocrx_word' id='word_1_207' title='bbox 757 2813 970 2873; x_wconf 81' lang='grc' dir='ltr'>τούτων,</span> <span class='ocrx_word' id='word_1_208' title='bbox 1021 2812 1128 2863; x_wconf 83' lang='grc' dir='ltr'>ἀλλ’</span> <span class='ocrx_word' id='word_1_209' title='bbox 1159 2814 1284 2886; x_wconf 71' lang='grc' dir='ltr'>ὑπὲρ</span> <span class='ocrx_word' id='word_1_210' title='bbox 1315 2818 1413 2863; x_wconf 86' lang='grc' dir='ltr'>τών</span> <span class='ocrx_word' id='word_1_211' title='bbox 1453 2811 1795 2883; x_wconf 86' lang='grc' dir='ltr'>εύαγγελικῶν</span> 
     </span>
    </p>
   </div>
   <div class='ocr_carea' id='block_1_30' title="bbox 210 2897 1792 2972">
    <p class='ocr_par' dir='ltr' id='par_1_30' title="bbox 210 2897 1792 2972">
     <span class='ocr_line' id='line_1_30' title="bbox 210 2897 1792 2972; baseline -0.001 -20"><span class='ocrx_word' id='word_1_212' title='bbox 210 2899 534 2960; x_wconf 84' lang='grc' dir='ltr'>ένηθληκέναι</span> <span class='ocrx_word' id='word_1_213' title='bbox 585 2899 894 2972; x_wconf 73' lang='grc' dir='ltr'>δογμάτων.»</span> <span class='ocrx_word' id='word_1_214' title='bbox 941 2901 1087 2954; x_wconf 85' lang='grc' dir='ltr'>Ἐπεὶ</span> <span class='ocrx_word' id='word_1_215' title='bbox 1143 2898 1201 2953; x_wconf 72' lang='grc' dir='ltr'>δὲ</span> <span class='ocrx_word' id='word_1_216' title='bbox 1253 2901 1346 2952; x_wconf 83' lang='grc' dir='ltr'>ούκ</span> <span class='ocrx_word' id='word_1_217' title='bbox 1395 2897 1509 2964; x_wconf 81' lang='grc' dir='ltr'>εἶξε,</span> <span class='ocrx_word' id='word_1_218' title='bbox 1555 2908 1615 2972; x_wconf 73' lang='grc' dir='ltr'>τῇ</span> <span class='ocrx_word' id='word_1_219' title='bbox 1670 2907 1792 2970; x_wconf 73' lang='grc' dir='ltr'>τιμῇ</span> 
     </span>
    </p>
   </div>
   <div class='ocr_carea' id='block_1_31' title="bbox 206 2987 1800 3062">
    <p class='ocr_par' dir='ltr' id='par_1_31' title="bbox 206 2987 1800 3062">
     <span class='ocr_line' id='line_1_31' title="bbox 206 2987 1800 3062; baseline -0.002 -19"><span class='ocrx_word' id='word_1_220' title='bbox 206 2987 586 3062; x_wconf 77' lang='grc' dir='ltr'>δεδουλωμένος</span> <span class='ocrx_word' id='word_1_221' title='bbox 641 2992 701 3050; x_wconf 76' lang='grc' dir='ltr'>ἣν</span> <span class='ocrx_word' id='word_1_222' title='bbox 758 2994 898 3062; x_wconf 80' lang='grc' dir='ltr'>ἔχειν</span> <span class='ocrx_word' id='word_1_223' title='bbox 968 2989 1312 3061; x_wconf 81' lang='grc' dir='ltr'>ὑπελάμϐανε,</span> <span class='ocrx_word' id='word_1_224' title='bbox 1371 2997 1469 3041; x_wconf 87' lang='grc' dir='ltr'>τῶν</span> <span class='ocrx_word' id='word_1_225' title='bbox 1539 2989 1800 3051; x_wconf 73' lang='grc' dir='ltr'>ἐξηπατη⁴</span> 
     </span>
    </p>
   </div>
   <div class='ocr_carea' id='block_1_32' title="bbox 196 3075 1874 3170">
    <p class='ocr_par' dir='ltr' id='par_1_32' title="bbox 196 3075 1874 3170">
     <span class='ocr_line' id='line_1_32' title="bbox 196 3075 1874 3170; baseline -0.002 -38"><span class='ocrx_word' id='word_1_226' title='bbox 196 3084 352 3152; x_wconf 84' lang='grc' dir='ltr'>μένην</span> <span class='ocrx_word' id='word_1_227' title='bbox 406 3082 714 3152; x_wconf 80' lang='grc' dir='ltr'>ἡγούμενος,</span> <span class='ocrx_word' id='word_1_228' title='bbox 771 3083 896 3140; x_wconf 86' lang='grc' dir='ltr'>ῖσως</span> <span class='ocrx_word' id='word_1_229' title='bbox 975 3077 1032 3132; x_wconf 74' lang='grc' dir='ltr'>δὲ</span> <span class='ocrx_word' id='word_1_230' title='bbox 1075 3084 1165 3131; x_wconf 86' lang='grc' dir='ltr'>καὶ</span> <span class='ocrx_word' id='word_1_231' title='bbox 1215 3087 1287 3149; x_wconf 90' lang='grc' dir='ltr'>τῷ</span> <span class='ocrx_word' id='word_1_232' title='bbox 1339 3075 1514 3151; x_wconf 88' lang='grc' dir='ltr'>κέρδει</span> <span class='ocrx_word' id='word_1_233' title='bbox 1563 3075 1798 3138; x_wconf 78' lang='grc' dir='ltr'>δελεαζό-</span> <span class='ocrx_word' id='word_1_234' title='bbox 1834 3114 1874 3170; x_wconf 79' lang='lat' dir='ltr'>C</span> 
     </span>
    </p>
   </div>
   <div class='ocr_carea' id='block_1_33' title="bbox 195 3164 1797 3242">
    <p class='ocr_par' dir='ltr' id='par_1_33' title="bbox 195 3164 1797 3242">
     <span class='ocr_line' id='line_1_33' title="bbox 195 3164 1797 3242; baseline -0.002 -21"><span class='ocrx_word' id='word_1_235' title='bbox 195 3189 369 3240; x_wconf 88' lang='grc' dir='ltr'>μενος,</span> <span class='ocrx_word' id='word_1_236' title='bbox 425 3171 603 3242; x_wconf 83' lang='grc' dir='ltr'>οἷάπερ</span> <span class='ocrx_word' id='word_1_237' title='bbox 662 3171 929 3241; x_wconf 82' lang='grc' dir='ltr'>ἄνθρωπος</span> <span class='ocrx_word' id='word_1_238' title='bbox 993 3170 1080 3233; x_wconf 83' lang='grc' dir='ltr'>ὢν,</span> <span class='ocrx_word' id='word_1_239' title='bbox 1132 3171 1331 3240; x_wconf 85' lang='grc' dir='ltr'>νύκτωρ</span> <span class='ocrx_word' id='word_1_240' title='bbox 1386 3164 1531 3228; x_wconf 84' lang='grc' dir='ltr'>αὖθις</span> <span class='ocrx_word' id='word_1_241' title='bbox 1579 3167 1797 3228; x_wconf 82' lang='grc' dir='ltr'>ἐπιστὰς</span> 
     </span>
    </p>
   </div>
   <div class='ocr_carea' id='block_1_34' title="bbox 197 3255 1799 3332">
    <p class='ocr_par' dir='ltr' id='par_1_34' title="bbox 197 3255 1799 3332">
     <span class='ocr_line' id='line_1_34' title="bbox 197 3255 1799 3332; baseline -0.002 -22"><span class='ocrx_word' id='word_1_242' title='bbox 197 3260 221 3310; x_wconf 86' lang='grc' dir='ltr'><strong><em>ὁ</em></strong></span> <span class='ocrx_word' id='word_1_243' title='bbox 276 3263 488 3332; x_wconf 80' lang='grc' dir='ltr'>Σωτὴρ,</span> <span class='ocrx_word' id='word_1_244' title='bbox 540 3259 773 3330; x_wconf 83' lang='grc' dir='ltr'>χαλεπὰς</span> <span class='ocrx_word' id='word_1_245' title='bbox 813 3258 953 3328; x_wconf 85' lang='grc' dir='ltr'>αύτῷ</span> <span class='ocrx_word' id='word_1_246' title='bbox 1000 3255 1069 3310; x_wconf 84' lang='grc' dir='ltr'>δι’</span> <span class='ocrx_word' id='word_1_247' title='bbox 1131 3257 1357 3328; x_wconf 79' lang='grc' dir='ltr'>ἀγγέλων</span> <span class='ocrx_word' id='word_1_248' title='bbox 1410 3260 1651 3328; x_wconf 71' lang='grc' dir='ltr'>ἐπήνεγκε</span> <span class='ocrx_word' id='word_1_249' title='bbox 1701 3258 1799 3327; x_wconf 84' lang='grc' dir='ltr'>μά-</span> 
     </span>
    </p>
   </div>
   <div class='ocr_carea' id='block_1_35' title="bbox 197 3344 1797 3421">
    <p class='ocr_par' dir='ltr' id='par_1_35' title="bbox 197 3344 1797 3421">
     <span class='ocr_line' id='line_1_35' title="bbox 197 3344 1797 3421; baseline -0.003 -20"><span class='ocrx_word' id='word_1_250' title='bbox 197 3367 394 3421; x_wconf 88' lang='grc' dir='ltr'>στιγας</span> <span class='ocrx_word' id='word_1_251' title='bbox 423 3370 433 3381; x_wconf 91' lang='grc'><strong>·</strong></span> <span class='ocrx_word' id='word_1_252' title='bbox 477 3354 566 3400; x_wconf 80' lang='grc' dir='ltr'>καὶ</span> <span class='ocrx_word' id='word_1_253' title='bbox 594 3356 656 3421; x_wconf 75' lang='grc' dir='ltr'>τῇ</span> <span class='ocrx_word' id='word_1_254' title='bbox 693 3352 846 3421; x_wconf 68' lang='grc' dir='ltr'>πείρα</span> <span class='ocrx_word' id='word_1_255' title='bbox 875 3349 1052 3420; x_wconf 83' lang='grc' dir='ltr'>μαθών</span> <span class='ocrx_word' id='word_1_256' title='bbox 1105 3348 1225 3399; x_wconf 85' lang='grc' dir='ltr'>ὅσον</span> <span class='ocrx_word' id='word_1_257' title='bbox 1265 3344 1380 3398; x_wconf 82' lang='grc' dir='ltr'>ἐστὶ</span> <span class='ocrx_word' id='word_1_258' title='bbox 1422 3349 1585 3397; x_wconf 87' lang='grc' dir='ltr'>κακόυ</span> <span class='ocrx_word' id='word_1_259' title='bbox 1619 3348 1678 3397; x_wconf 87' lang='grc' dir='ltr'>τό</span> <span class='ocrx_word' id='word_1_260' title='bbox 1719 3344 1797 3395; x_wconf 84' lang='grc' dir='ltr'>ἀν-</span> 
     </span>
    </p>
   </div>
   <div class='ocr_carea' id='block_1_36' title="bbox 193 3433 1798 3508">
    <p class='ocr_par' dir='ltr' id='par_1_36' title="bbox 193 3433 1798 3508">
     <span class='ocr_line' id='line_1_36' title="bbox 193 3433 1798 3508; baseline -0.002 -18"><span class='ocrx_word' id='word_1_261' title='bbox 193 3444 436 3490; x_wconf 86' lang='grc' dir='ltr'>τιτείνειν</span> <span class='ocrx_word' id='word_1_262' title='bbox 492 3446 624 3508; x_wconf 79' lang='grc' dir='ltr'>Θεῷ,</span> <span class='ocrx_word' id='word_1_263' title='bbox 662 3441 854 3490; x_wconf 83' lang='grc' dir='ltr'>σάκκον</span> <span class='ocrx_word' id='word_1_264' title='bbox 907 3441 996 3488; x_wconf 80' lang='grc' dir='ltr'>καὶ</span> <span class='ocrx_word' id='word_1_265' title='bbox 1043 3433 1242 3488; x_wconf 81' lang='grc' dir='ltr'>σποδὸν</span> <span class='ocrx_word' id='word_1_266' title='bbox 1293 3438 1638 3506; x_wconf 78' lang='grc' dir='ltr'>περιθέμενος,</span> <span class='ocrx_word' id='word_1_267' title='bbox 1679 3436 1798 3487; x_wconf 86' lang='grc' dir='ltr'>ὅσον</span> 
     </span>
    </p>
   </div>
   <div class='ocr_carea' id='block_1_37' title="bbox 197 3521 1802 3600">
    <p class='ocr_par' dir='ltr' id='par_1_37' title="bbox 197 3521 1802 3600">
     <span class='ocr_line' id='line_1_37' title="bbox 197 3521 1802 3600; baseline -0.002 -20"><span class='ocrx_word' id='word_1_268' title='bbox 197 3532 367 3600; x_wconf 83' lang='grc' dir='ltr'>τάχος</span> <span class='ocrx_word' id='word_1_269' title='bbox 417 3527 527 3599; x_wconf 79' lang='grc' dir='ltr'>οἶμα</span> <span class='ocrx_word' id='word_1_270' title='bbox 572 3529 638 3598; x_wconf 79' lang='grc' dir='ltr'>ἕῳ</span> <span class='ocrx_word' id='word_1_271' title='bbox 684 3535 743 3599; x_wconf 78' lang='grc' dir='ltr'>τῇ</span> <span class='ocrx_word' id='word_1_272' title='bbox 796 3526 1050 3598; x_wconf 82' lang='grc' dir='ltr'>ἐκκλησίᾳ</span> <span class='ocrx_word' id='word_1_273' title='bbox 1099 3525 1309 3597; x_wconf 80' lang='grc' dir='ltr'>ἀφίκετο</span> <span class='ocrx_word' id='word_1_274' title='bbox 1342 3541 1355 3554; x_wconf 79' lang='grc'><em>’</em></span> <span class='ocrx_word' id='word_1_275' title='bbox 1386 3530 1512 3577; x_wconf 83' lang='grc' dir='ltr'>ποσὶ</span> <span class='ocrx_word' id='word_1_276' title='bbox 1558 3521 1617 3576; x_wconf 75' lang='grc' dir='ltr'>δε</span> <span class='ocrx_word' id='word_1_277' title='bbox 1646 3531 1802 3595; x_wconf 86' lang='grc' dir='ltr'>Ζεφυ-</span> 
     </span>
    </p>
   </div>
   <div class='ocr_carea' id='block_1_38' title="bbox 197 3612 1800 3690">
    <p class='ocr_par' dir='ltr' id='par_1_38' title="bbox 197 3612 1800 3690">
     <span class='ocr_line' id='line_1_38' title="bbox 197 3612 1800 3690; baseline -0.004 -20"><span class='ocrx_word' id='word_1_278' title='bbox 197 3623 344 3690; x_wconf 85' lang='grc' dir='ltr'>ρίνου</span> <span class='ocrx_word' id='word_1_279' title='bbox 431 3624 524 3668; x_wconf 82' lang='grc' dir='ltr'>τοῦ</span> <span class='ocrx_word' id='word_1_280' title='bbox 613 3625 703 3677; x_wconf 75' lang='grc' dir='ltr'>τῆς</span> <span class='ocrx_word' id='word_1_281' title='bbox 767 3614 1083 3675; x_wconf 83' lang='grc' dir='ltr'>Ἐκκλησίας</span> <span class='ocrx_word' id='word_1_282' title='bbox 1172 3616 1460 3686; x_wconf 81' lang='grc' dir='ltr'>ἡγουμένου</span> <span class='ocrx_word' id='word_1_283' title='bbox 1537 3612 1800 3684; x_wconf 84' lang='grc' dir='ltr'>Ῥωμαίων</span> 
     </span>
    </p>
   </div>
   <div class='ocr_carea' id='block_1_39' title="bbox 196 3701 1803 3781">
    <p class='ocr_par' dir='ltr' id='par_1_39' title="bbox 196 3701 1803 3781">
     <span class='ocr_line' id='line_1_39' title="bbox 196 3701 1803 3781; baseline -0.005 -21"><span class='ocrx_word' id='word_1_284' title='bbox 196 3702 724 3781; x_wconf 82' lang='grc' dir='ltr'>προκυλινδούμενος,</span> <span class='ocrx_word' id='word_1_285' title='bbox 781 3702 1063 3777; x_wconf 81' lang='grc' dir='ltr'>πρεσϐείαν</span> <span class='ocrx_word' id='word_1_286' title='bbox 1120 3705 1247 3777; x_wconf 72' lang='grc' dir='ltr'>ὑπερ</span> <span class='ocrx_word' id='word_1_287' title='bbox 1288 3702 1448 3754; x_wconf 83' lang='grc' dir='ltr'>αύτου</span> <span class='ocrx_word' id='word_1_288' title='bbox 1506 3710 1576 3772; x_wconf 90' lang='grc' dir='ltr'>τῷ</span> <span class='ocrx_word' id='word_1_289' title='bbox 1632 3701 1803 3773; x_wconf 88' lang='grc' dir='ltr'>φιλαν-</span> 
     </span>
    </p>
   </div>
   <div class='ocr_carea' id='block_1_40' title="bbox 200 3791 1804 3868">
    <p class='ocr_par' dir='ltr' id='par_1_40' title="bbox 200 3791 1804 3868">
     <span class='ocr_line' id='line_1_40' title="bbox 200 3791 1804 3868; baseline -0.005 -20"><span class='ocrx_word' id='word_1_290' title='bbox 200 3797 399 3868; x_wconf 86' lang='grc' dir='ltr'>θρώπῳ</span> <span class='ocrx_word' id='word_1_291' title='bbox 451 3797 735 3868; x_wconf 87' lang='grc' dir='ltr'>προσάγειν</span> <span class='ocrx_word' id='word_1_292' title='bbox 794 3791 962 3846; x_wconf 77' lang='grc' dir='ltr'>ἐδεῖτο</span> <span class='ocrx_word' id='word_1_293' title='bbox 1011 3800 1146 3863; x_wconf 85' lang='grc' dir='ltr'>Θεῷ,</span> <span class='ocrx_word' id='word_1_294' title='bbox 1199 3793 1519 3864; x_wconf 71' lang='grc' dir='ltr'>θριαμϐεύων</span> <span class='ocrx_word' id='word_1_295' title='bbox 1558 3795 1648 3842; x_wconf 84' lang='grc' dir='ltr'>καὶ</span> <span class='ocrx_word' id='word_1_296' title='bbox 1684 3793 1804 3850; x_wconf 88' lang='grc' dir='ltr'>τούς</span> 
     </span>
    </p>
   </div>
   <div class='ocr_carea' id='block_1_41' title="bbox 197 3878 1794 3957">
    <p class='ocr_par' dir='ltr' id='par_1_41' title="bbox 197 3878 1794 3957">
     <span class='ocr_line' id='line_1_41' title="bbox 197 3878 1794 3957; baseline -0.005 -20"><span class='ocrx_word' id='word_1_297' title='bbox 197 3886 462 3957; x_wconf 83' lang='grc' dir='ltr'>μώλωπας</span> <span class='ocrx_word' id='word_1_298' title='bbox 544 3883 626 3936; x_wconf 72' lang='grc' dir='ltr'>ἐπὶ</span> <span class='ocrx_word' id='word_1_299' title='bbox 679 3884 841 3955; x_wconf 88' lang='grc' dir='ltr'>μέσου</span> <span class='ocrx_word' id='word_1_300' title='bbox 913 3878 1088 3954; x_wconf 79' lang='grc' dir='ltr'>δήμου</span> <span class='ocrx_word' id='word_1_301' title='bbox 1160 3879 1227 3932; x_wconf 81' lang='grc' dir='ltr'>ὧν</span> <span class='ocrx_word' id='word_1_302' title='bbox 1293 3880 1486 3952; x_wconf 79' lang='grc' dir='ltr'>εἰλήφει</span> <span class='ocrx_word' id='word_1_303' title='bbox 1559 3879 1794 3950; x_wconf 77' lang='grc' dir='ltr'>πληγῶν.</span> 
     </span>
    </p>
   </div>
   <div class='ocr_carea' id='block_1_42' title="bbox 201 3970 502 4028">
    <p class='ocr_par' dir='ltr' id='par_1_42' title="bbox 201 3970 502 4028">
     <span class='ocr_line' id='line_1_42' title="bbox 201 3970 502 4028; baseline -0.003 -1"><span class='ocrx_word' id='word_1_304' title='bbox 201 3975 360 4028; x_wconf 72' lang='grc' dir='ltr'>Οὕτω</span> <span class='ocrx_word' id='word_1_305' title='bbox 453 3970 502 4026; x_wconf 84' lang='grc' dir='ltr'>δ’</span> 
     </span>
    </p>
   </div>
   <div class='ocr_carea' id='block_1_43' title="bbox 199 4059 1802 4136">
    <p class='ocr_par' dir='ltr' id='par_1_43' title="bbox 199 4059 1802 4136">
     <span class='ocr_line' id='line_1_43' title="bbox 199 4059 1802 4136; baseline -0.005 -20"><span class='ocrx_word' id='word_1_306' title='bbox 199 4069 448 4136; x_wconf 83' lang='grc' dir='ltr'>ᾤκτειρεν</span> <span class='ocrx_word' id='word_1_307' title='bbox 501 4063 709 4124; x_wconf 82' lang='grc' dir='ltr'>ἐκεῖνος,</span> <span class='ocrx_word' id='word_1_308' title='bbox 759 4067 847 4114; x_wconf 84' lang='grc' dir='ltr'>καὶ</span> <span class='ocrx_word' id='word_1_309' title='bbox 904 4068 1064 4134; x_wconf 84' lang='grc' dir='ltr'>χεῖρα</span> <span class='ocrx_word' id='word_1_310' title='bbox 1117 4060 1296 4134; x_wconf 81' lang='grc' dir='ltr'>ὤρεξεν</span> <span class='ocrx_word' id='word_1_311' title='bbox 1356 4059 1421 4119; x_wconf 85' lang='grc' dir='ltr'>εἰς</span> <span class='ocrx_word' id='word_1_312' title='bbox 1477 4060 1748 4131; x_wconf 86' lang='grc' dir='ltr'>μετάνοιαν</span> <span class='ocrx_word' id='word_1_313' title='bbox 1789 4076 1802 4089; x_wconf 90' lang='grc'><strong>·</strong></span> 
     </span>
    </p>
   </div>
   <div class='ocr_carea' id='block_1_44' title="bbox 593 3971 1804 4048">
    <p class='ocr_par' dir='ltr' id='par_1_44' title="bbox 593 3971 1804 4048">
     <span class='ocr_line' id='line_1_44' title="bbox 593 3971 1804 4048; baseline -0.007 -23"><span class='ocrx_word' id='word_1_314' title='bbox 593 3973 964 4048; x_wconf 78' lang='grc' dir='ltr'>ὀλοφυρόμενον</span> <span class='ocrx_word' id='word_1_315' title='bbox 1032 3971 1218 4024; x_wconf 85' lang='grc' dir='ltr'>ἐκεῖνον</span> <span class='ocrx_word' id='word_1_316' title='bbox 1294 3976 1383 4022; x_wconf 81' lang='grc' dir='ltr'>καὶ</span> <span class='ocrx_word' id='word_1_317' title='bbox 1465 3975 1804 4039; x_wconf 83' lang='grc' dir='ltr'>ποτνιώμενον</span> 
     </span>
    </p>
   </div>
   <div class='ocr_carea' id='block_1_45' title="bbox 200 4149 1135 4239">
    <p class='ocr_par' dir='ltr' id='par_1_45' title="bbox 200 4149 1135 4239">
     <span class='ocr_line' id='line_1_45' title="bbox 200 4149 1135 4239; baseline -0.004 -33"><span class='ocrx_word' id='word_1_318' title='bbox 200 4159 362 4239; x_wconf 78' lang='grc' dir='ltr'>μόγις</span> <span class='ocrx_word' id='word_1_319' title='bbox 393 4149 560 4205; x_wconf 77' lang='grc' dir='ltr'>δὲκαὶ</span> <span class='ocrx_word' id='word_1_320' title='bbox 589 4155 856 4212; x_wconf 84' lang='grc' dir='ltr'>κοινωνίας</span> <span class='ocrx_word' id='word_1_321' title='bbox 895 4150 1135 4213; x_wconf 78' lang='grc' dir='ltr'>ἠξίωσεν.</span> 
     </span>
    </p>
   </div>
   <div class='ocr_carea' id='block_1_46' title="bbox 1223 275 2498 337">
    <p class='ocr_par' dir='ltr' id='par_1_46' title="bbox 1223 275 2498 337">
     <span class='ocr_line' id='line_1_46' title="bbox 1223 275 2498 337; baseline -0.002 -2"><span class='ocrx_word' id='word_1_322' title='bbox 1223 278 1791 337; x_wconf 75' lang='lat' dir='ltr'>ECCLESlASTIC/E</span> <span class='ocrx_word' id='word_1_323' title='bbox 1823 275 2184 332; x_wconf 61' lang='lat' dir='ltr'>HISTORIIE</span> <span class='ocrx_word' id='word_1_324' title='bbox 2222 275 2357 332; x_wconf 88' lang='lat' dir='ltr'>LIB.</span> <span class='ocrx_word' id='word_1_325' title='bbox 2399 275 2498 333; x_wconf 83' lang='lat' dir='ltr'>IV.</span> 
     </span>
    </p>
   </div>
   <div class='ocr_carea' id='block_1_47' title="bbox 3386 271 3527 332">
    <p class='ocr_par' dir='ltr' id='par_1_47' title="bbox 3386 271 3527 332">
     <span class='ocr_line' id='line_1_47' title="bbox 3386 271 3527 332; baseline 0.007 -1"><span class='ocrx_word' id='word_1_326' title='bbox 3386 271 3527 332; x_wconf 75' lang='grc'>1034</span> 
     </span>
    </p>
   </div>
   <div class='ocr_carea' id='block_1_48' title="bbox 1876 399 3532 474">
    <p class='ocr_par' dir='ltr' id='par_1_48' title="bbox 1876 399 3532 474">
     <span class='ocr_line' id='line_1_48' title="bbox 1876 399 3532 474; baseline 0.001 -18"><span class='ocrx_word' id='word_1_327' title='bbox 1876 406 2174 474; x_wconf 57' lang='lat' dir='ltr'>quierunt,</span> <span class='ocrx_word' id='word_1_328' title='bbox 2199 401 2300 457; x_wconf 90' lang='lat' dir='ltr'>sed</span> <span class='ocrx_word' id='word_1_329' title='bbox 2338 399 2640 458; x_wconf 86' lang='lat' dir='ltr'>Euclidem</span> <span class='ocrx_word' id='word_1_330' title='bbox 2680 400 2937 457; x_wconf 82' lang='lat' dir='ltr'>fortasse</span> <span class='ocrx_word' id='word_1_331' title='bbox 2971 402 3027 456; x_wconf 92' lang='lat' dir='ltr'>et</span> <span class='ocrx_word' id='word_1_332' title='bbox 3049 401 3337 456; x_wconf 90' lang='lat' dir='ltr'>Galenum</span> <span class='ocrx_word' id='word_1_333' title='bbox 3387 401 3532 458; x_wconf 88' lang='lat' dir='ltr'>ado-</span> 
     </span>
    </p>
   </div>
   <div class='ocr_carea' id='block_1_49' title="bbox 1877 491 3532 562">
    <p class='ocr_par' dir='ltr' id='par_1_49' title="bbox 1877 491 3532 562">
     <span class='ocr_line' id='line_1_49' title="bbox 1877 491 3532 562; baseline -0.001 -15"><span class='ocrx_word' id='word_1_334' title='bbox 1877 497 2033 548; x_wconf 97' lang='lat' dir='ltr'>rant.</span> <span class='ocrx_word' id='word_1_335' title='bbox 2061 513 2090 541; x_wconf 87' lang='lat'><strong>»</strong></span> <span class='ocrx_word' id='word_1_336' title='bbox 2122 493 2182 545; x_wconf 87' lang='lat' dir='ltr'>Et</span> <span class='ocrx_word' id='word_1_337' title='bbox 2219 491 2400 562; x_wconf 89' lang='lat' dir='ltr'>paulo</span> <span class='ocrx_word' id='word_1_338' title='bbox 2427 494 2561 562; x_wconf 89' lang='lat' dir='ltr'>post</span> <span class='ocrx_word' id='word_1_339' title='bbox 2593 510 2603 548; x_wconf 92' lang='lat'><strong>:</strong></span> <span class='ocrx_word' id='word_1_340' title='bbox 2643 513 2670 538; x_wconf 74' lang='grc' dir='ltr'>«ι</span> <span class='ocrx_word' id='word_1_341' title='bbox 2707 493 2946 562; x_wconf 81' lang='lat' dir='ltr'>Propter</span> <span class='ocrx_word' id='word_1_342' title='bbox 2975 505 3112 546; x_wconf 92' lang='lat' dir='ltr'>eam</span> <span class='ocrx_word' id='word_1_343' title='bbox 3142 507 3391 546; x_wconf 85' lang='lat' dir='ltr'>causam</span> <span class='ocrx_word' id='word_1_344' title='bbox 3421 491 3532 546; x_wconf 90' lang='lat' dir='ltr'>sci-</span> 
     </span>
    </p>
   </div>
   <div class='ocr_carea' id='block_1_50' title="bbox 1877 579 3534 649">
    <p class='ocr_par' dir='ltr' id='par_1_50' title="bbox 1877 579 3534 649">
     <span class='ocr_line' id='line_1_50' title="bbox 1877 579 3534 649; baseline 0 -14"><span class='ocrx_word' id='word_1_345' title='bbox 1877 579 2014 636; x_wconf 84' lang='lat' dir='ltr'>licet</span> <span class='ocrx_word' id='word_1_346' title='bbox 2038 581 2256 635; x_wconf 83' lang='lat' dir='ltr'>divinis</span> <span class='ocrx_word' id='word_1_347' title='bbox 2297 579 2519 634; x_wconf 84' lang='lat' dir='ltr'>Litteris</span> <span class='ocrx_word' id='word_1_348' title='bbox 2558 595 2775 634; x_wconf 90' lang='lat' dir='ltr'>manus</span> <span class='ocrx_word' id='word_1_349' title='bbox 2814 580 3163 649; x_wconf 89' lang='lat' dir='ltr'>injecerunt,</span> <span class='ocrx_word' id='word_1_350' title='bbox 3210 580 3534 636; x_wconf 89' lang='lat' dir='ltr'>emendare</span> 
     </span>
    </p>
   </div>
   <div class='ocr_carea' id='block_1_51' title="bbox 1881 668 3535 741">
    <p class='ocr_par' dir='ltr' id='par_1_51' title="bbox 1881 668 3535 741">
     <span class='ocr_line' id='line_1_51' title="bbox 1881 668 3535 741; baseline 0 -16"><span class='ocrx_word' id='word_1_351' title='bbox 1881 686 1943 725; x_wconf 90' lang='lat' dir='ltr'>se</span> <span class='ocrx_word' id='word_1_352' title='bbox 1966 676 2020 724; x_wconf 91' lang='lat' dir='ltr'>et</span> <span class='ocrx_word' id='word_1_353' title='bbox 2036 671 2324 738; x_wconf 90' lang='lat' dir='ltr'>castigare</span> <span class='ocrx_word' id='word_1_354' title='bbox 2341 684 2442 723; x_wconf 90' lang='lat' dir='ltr'>eas</span> <span class='ocrx_word' id='word_1_355' title='bbox 2460 668 2724 723; x_wconf 85' lang='lat' dir='ltr'>dicentes</span> <span class='ocrx_word' id='word_1_356' title='bbox 2749 685 2760 721; x_wconf 92' lang='lat'><em>:</em></span> <span class='ocrx_word' id='word_1_357' title='bbox 2786 673 2844 724; x_wconf 91' lang='lat' dir='ltr'>et</span> <span class='ocrx_word' id='word_1_358' title='bbox 2864 668 3124 725; x_wconf 87' lang='lat' dir='ltr'>subdola</span> <span class='ocrx_word' id='word_1_359' title='bbox 3153 670 3535 741; x_wconf 83' lang='lat' dir='ltr'>improbitate</span> 
     </span>
    </p>
   </div>
   <div class='ocr_carea' id='block_1_52' title="bbox 1882 758 3536 830">
    <p class='ocr_par' dir='ltr' id='par_1_52' title="bbox 1882 758 3536 830">
     <span class='ocr_line' id='line_1_52' title="bbox 1882 758 3536 830; baseline 0 -16"><span class='ocrx_word' id='word_1_360' title='bbox 1882 759 2212 830; x_wconf 87' lang='lat' dir='ltr'>simplicem</span> <span class='ocrx_word' id='word_1_361' title='bbox 2253 773 2562 813; x_wconf 87' lang='lat' dir='ltr'>sacrarum</span> <span class='ocrx_word' id='word_1_362' title='bbox 2585 758 3026 828; x_wconf 87' lang='lat' dir='ltr'>Scripturarum</span> <span class='ocrx_word' id='word_1_363' title='bbox 3065 758 3187 813; x_wconf 85' lang='lat' dir='ltr'>vim</span> <span class='ocrx_word' id='word_1_364' title='bbox 3212 764 3268 814; x_wconf 91' lang='lat' dir='ltr'>et</span> <span class='ocrx_word' id='word_1_365' title='bbox 3305 764 3536 814; x_wconf 92' lang='lat' dir='ltr'>senten-</span> 
     </span>
    </p>
   </div>
   <div class='ocr_carea' id='block_1_53' title="bbox 1882 847 3539 920">
    <p class='ocr_par' dir='ltr' id='par_1_53' title="bbox 1882 847 3539 920">
     <span class='ocr_line' id='line_1_53' title="bbox 1882 847 3539 920; baseline -0.001 -16"><span class='ocrx_word' id='word_1_366' title='bbox 1882 850 2027 904; x_wconf 89' lang='lat' dir='ltr'>tiam</span> <span class='ocrx_word' id='word_1_367' title='bbox 2079 849 2496 918; x_wconf 83' lang='lat' dir='ltr'>depravarunt,</span> <span class='ocrx_word' id='word_1_368' title='bbox 2557 847 2944 917; x_wconf 88' lang='lat' dir='ltr'>sapientiores</span> <span class='ocrx_word' id='word_1_369' title='bbox 3011 862 3072 902; x_wconf 92' lang='lat' dir='ltr'>se</span> <span class='ocrx_word' id='word_1_370' title='bbox 3135 847 3267 918; x_wconf 90' lang='lat' dir='ltr'>ipso</span> <span class='ocrx_word' id='word_1_371' title='bbox 3319 847 3539 920; x_wconf 81' lang='lat' dir='ltr'>Spiritu</span> 
     </span>
    </p>
   </div>
   <div class='ocr_carea' id='block_1_54' title="bbox 1883 936 3538 1008">
    <p class='ocr_par' dir='ltr' id='par_1_54' title="bbox 1883 936 3538 1008">
     <span class='ocr_line' id='line_1_54' title="bbox 1883 936 3538 1008; baseline -0.001 -15"><span class='ocrx_word' id='word_1_372' title='bbox 1883 942 2091 993; x_wconf 88' lang='lat' dir='ltr'>sancto</span> <span class='ocrx_word' id='word_1_373' title='bbox 2126 937 2435 1007; x_wconf 88' lang='lat' dir='ltr'>jactantes.</span> <span class='ocrx_word' id='word_1_374' title='bbox 2479 957 2506 985; x_wconf 81' lang='lat'>»</span> <span class='ocrx_word' id='word_1_375' title='bbox 2543 937 2834 992; x_wconf 62' lang='lat' dir='ltr'>Memoriae</span> <span class='ocrx_word' id='word_1_376' title='bbox 2866 937 3043 991; x_wconf 90' lang='lat' dir='ltr'>etiam</span> <span class='ocrx_word' id='word_1_377' title='bbox 3093 936 3375 1008; x_wconf 84' lang='lat' dir='ltr'>prodidit,</span> <span class='ocrx_word' id='word_1_378' title='bbox 3413 951 3538 992; x_wconf 89' lang='lat' dir='ltr'>non</span> 
     </span>
    </p>
   </div>
   <div class='ocr_carea' id='block_1_55' title="bbox 1885 1025 3541 1081">
    <p class='ocr_par' dir='ltr' id='par_1_55' title="bbox 1885 1025 3541 1081">
     <span class='ocr_line' id='line_1_55' title="bbox 1885 1025 3541 1081; baseline -0.001 0"><span class='ocrx_word' id='word_1_379' title='bbox 1885 1042 2008 1081; x_wconf 92' lang='lat' dir='ltr'>uno</span> <span class='ocrx_word' id='word_1_380' title='bbox 2038 1041 2339 1080; x_wconf 89' lang='lat' dir='ltr'>consensu</span> <span class='ocrx_word' id='word_1_381' title='bbox 2389 1027 2500 1080; x_wconf 90' lang='lat' dir='ltr'>hoc</span> <span class='ocrx_word' id='word_1_382' title='bbox 2529 1039 2632 1080; x_wconf 93' lang='lat' dir='ltr'>eos</span> <span class='ocrx_word' id='word_1_383' title='bbox 2668 1025 2894 1080; x_wconf 84' lang='lat' dir='ltr'>fecisse.</span> <span class='ocrx_word' id='word_1_384' title='bbox 2935 1025 3114 1080; x_wconf 84' lang='lat' dir='ltr'>Aliter</span> <span class='ocrx_word' id='word_1_385' title='bbox 3152 1025 3312 1080; x_wconf 92' lang='lat' dir='ltr'>enim</span> <span class='ocrx_word' id='word_1_386' title='bbox 3357 1025 3541 1081; x_wconf 84' lang='lat' dir='ltr'>Theo-</span> 
     </span>
    </p>
   </div>
   <div class='ocr_carea' id='block_1_56' title="bbox 1885 1113 3543 1187">
    <p class='ocr_par' dir='ltr' id='par_1_56' title="bbox 1885 1113 3543 1187">
     <span class='ocr_line' id='line_1_56' title="bbox 1885 1113 3543 1187; baseline -0.001 -16"><span class='ocrx_word' id='word_1_387' title='bbox 1885 1115 2119 1182; x_wconf 90' lang='lat' dir='ltr'>dotum,</span> <span class='ocrx_word' id='word_1_388' title='bbox 2165 1113 2332 1169; x_wconf 86' lang='lat' dir='ltr'>aliter</span> <span class='ocrx_word' id='word_1_389' title='bbox 2372 1113 2874 1185; x_wconf 86' lang='lat' dir='ltr'>Asclepiodotum,</span> <span class='ocrx_word' id='word_1_390' title='bbox 2919 1113 3084 1169; x_wconf 87' lang='lat' dir='ltr'>aliter</span> <span class='ocrx_word' id='word_1_391' title='bbox 3125 1130 3367 1187; x_wconf 90' lang='lat' dir='ltr'>quoque</span> <span class='ocrx_word' id='word_1_392' title='bbox 3406 1116 3543 1170; x_wconf 87' lang='lat' dir='ltr'>Her-</span> 
     </span>
    </p>
   </div>
   <div class='ocr_carea' id='block_1_57' title="bbox 1886 1202 3533 1275">
    <p class='ocr_par' dir='ltr' id='par_1_57' title="bbox 1886 1202 3533 1275">
     <span class='ocr_line' id='line_1_57' title="bbox 1886 1202 3533 1275; baseline 0.001 -17"><span class='ocrx_word' id='word_1_393' title='bbox 1886 1203 2245 1275; x_wconf 88' lang='lat' dir='ltr'>mophilum,</span> <span class='ocrx_word' id='word_1_394' title='bbox 2278 1202 2695 1274; x_wconf 86' lang='lat' dir='ltr'>Apollonidem</span> <span class='ocrx_word' id='word_1_395' title='bbox 2727 1218 2968 1258; x_wconf 89' lang='lat' dir='ltr'>rursum</span> <span class='ocrx_word' id='word_1_396' title='bbox 3000 1203 3167 1258; x_wconf 84' lang='lat' dir='ltr'>aliter</span> <span class='ocrx_word' id='word_1_397' title='bbox 3198 1204 3533 1275; x_wconf 88' lang='lat' dir='ltr'>scripsisse.</span> 
     </span>
    </p>
   </div>
   <div class='ocr_carea' id='block_1_58' title="bbox 1889 1291 3546 1364">
    <p class='ocr_par' dir='ltr' id='par_1_58' title="bbox 1889 1291 3546 1364">
     <span class='ocr_line' id='line_1_58' title="bbox 1889 1291 3546 1364; baseline 0.002 -18"><span class='ocrx_word' id='word_1_398' title='bbox 1889 1291 2224 1358; x_wconf 90' lang='lat' dir='ltr'>Quemlibet</span> <span class='ocrx_word' id='word_1_399' title='bbox 2240 1291 2668 1347; x_wconf 90' lang='lat' dir='ltr'>etiamillorum</span> <span class='ocrx_word' id='word_1_400' title='bbox 2692 1293 3142 1361; x_wconf 84' lang='lat' dir='ltr'>castigationem</span> <span class='ocrx_word' id='word_1_401' title='bbox 3163 1293 3546 1364; x_wconf 90' lang='lat' dir='ltr'>propriorum</span> 
     </span>
    </p>
   </div>
   <div class='ocr_carea' id='block_1_59' title="bbox 1889 1380 3549 1453">
    <p class='ocr_par' dir='ltr' id='par_1_59' title="bbox 1889 1380 3549 1453">
     <span class='ocr_line' id='line_1_59' title="bbox 1889 1380 3549 1453; baseline 0.002 -18"><span class='ocrx_word' id='word_1_402' title='bbox 1889 1381 2247 1452; x_wconf 89' lang='lat' dir='ltr'>scriptorum</span> <span class='ocrx_word' id='word_1_403' title='bbox 2287 1380 2588 1436; x_wconf 89' lang='lat' dir='ltr'>edidisse:</span> <span class='ocrx_word' id='word_1_404' title='bbox 2633 1381 2811 1452; x_wconf 76' lang='lat'>318</span> <span class='ocrx_word' id='word_1_405' title='bbox 2854 1381 3036 1453; x_wconf 85' lang='lat' dir='ltr'>idque</span> <span class='ocrx_word' id='word_1_406' title='bbox 3089 1382 3446 1437; x_wconf 88' lang='lat' dir='ltr'>variantium</span> <span class='ocrx_word' id='word_1_407' title='bbox 3491 1385 3549 1438; x_wconf 85' lang='lat' dir='ltr'>et</span> 
     </span>
    </p>
   </div>
   <div class='ocr_carea' id='block_1_60' title="bbox 1888 1469 3547 1542">
    <p class='ocr_par' dir='ltr' id='par_1_60' title="bbox 1888 1469 3547 1542">
     <span class='ocr_line' id='line_1_60' title="bbox 1888 1469 3547 1542; baseline 0.002 -18"><span class='ocrx_word' id='word_1_408' title='bbox 1888 1469 2304 1525; x_wconf 88' lang='lat' dir='ltr'>dissidentium</span> <span class='ocrx_word' id='word_1_409' title='bbox 2331 1471 2483 1525; x_wconf 89' lang='lat' dir='ltr'>inter</span> <span class='ocrx_word' id='word_1_410' title='bbox 2507 1486 2571 1524; x_wconf 91' lang='lat' dir='ltr'>se</span> <span class='ocrx_word' id='word_1_411' title='bbox 2597 1470 3034 1542; x_wconf 86' lang='lat' dir='ltr'>exemplarium</span> <span class='ocrx_word' id='word_1_412' title='bbox 3069 1470 3547 1527; x_wconf 90' lang='lat' dir='ltr'>discordantiam</span> 
     </span>
    </p>
   </div>
   <div class='ocr_carea' id='block_1_61' title="bbox 1890 1545 3550 1625">
    <p class='ocr_par' dir='ltr' id='par_1_61' title="bbox 1890 1545 3550 1625">
     <span class='ocr_line' id='line_1_61' title="bbox 1890 1545 3550 1625; baseline 0.002 -13"><span class='ocrx_word' id='word_1_413' title='bbox 1890 1545 2179 1616; x_wconf 89' lang='lat' dir='ltr'>indicare.</span> <span class='ocrx_word' id='word_1_414' title='bbox 2211 1559 2519 1624; x_wconf 88' lang='lat' dir='ltr'>Quosdam</span> <span class='ocrx_word' id='word_1_415' title='bbox 2559 1559 2738 1614; x_wconf 91' lang='lat' dir='ltr'>etiam</span> <span class='ocrx_word' id='word_1_416' title='bbox 2774 1560 3022 1614; x_wconf 90' lang='lat' dir='ltr'>istorum</span> <span class='ocrx_word' id='word_1_417' title='bbox 3053 1559 3245 1625; x_wconf 83' lang='lat' dir='ltr'>refert,</span> <span class='ocrx_word' id='word_1_418' title='bbox 3277 1576 3400 1615; x_wconf 92' lang='lat' dir='ltr'>non</span> <span class='ocrx_word' id='word_1_419' title='bbox 3448 1559 3550 1616; x_wconf 89' lang='lat' dir='ltr'>de-</span> 
     </span>
    </p>
   </div>
   <div class='ocr_carea' id='block_1_62' title="bbox 1890 1648 3552 1721">
    <p class='ocr_par' dir='ltr' id='par_1_62' title="bbox 1890 1648 3552 1721">
     <span class='ocr_line' id='line_1_62' title="bbox 1890 1648 3552 1721; baseline 0.002 -19"><span class='ocrx_word' id='word_1_420' title='bbox 1890 1663 2178 1720; x_wconf 90' lang='lat' dir='ltr'>pravasse</span> <span class='ocrx_word' id='word_1_421' title='bbox 2202 1648 2531 1718; x_wconf 86' lang='lat' dir='ltr'>Scripturas</span> <span class='ocrx_word' id='word_1_422' title='bbox 2561 1665 2574 1713; x_wconf 90' lang='lat'>;</span> <span class='ocrx_word' id='word_1_423' title='bbox 2601 1649 2708 1703; x_wconf 91' lang='lat' dir='ltr'>sed</span> <span class='ocrx_word' id='word_1_424' title='bbox 2733 1649 2862 1717; x_wconf 89' lang='lat' dir='ltr'>lege</span> <span class='ocrx_word' id='word_1_425' title='bbox 2889 1653 2946 1704; x_wconf 92' lang='lat' dir='ltr'>et</span> <span class='ocrx_word' id='word_1_426' title='bbox 2975 1649 3274 1720; x_wconf 84' lang='lat' dir='ltr'>prophetis</span> <span class='ocrx_word' id='word_1_427' title='bbox 3303 1665 3552 1721; x_wconf 84' lang='lat' dir='ltr'>prorsus</span> 
     </span>
    </p>
   </div>
   <div class='ocr_carea' id='block_1_63' title="bbox 1892 1737 3552 1809">
    <p class='ocr_par' dir='ltr' id='par_1_63' title="bbox 1892 1737 3552 1809">
     <span class='ocr_line' id='line_1_63' title="bbox 1892 1737 3552 1809; baseline 0.001 -17"><span class='ocrx_word' id='word_1_428' title='bbox 1892 1738 2204 1806; x_wconf 88' lang='lat' dir='ltr'>abnegatis</span> <span class='ocrx_word' id='word_1_429' title='bbox 2225 1743 2282 1792; x_wconf 91' lang='lat' dir='ltr'>et</span> <span class='ocrx_word' id='word_1_430' title='bbox 2303 1737 2557 1802; x_wconf 89' lang='lat' dir='ltr'>abolitis,</span> <span class='ocrx_word' id='word_1_431' title='bbox 2586 1751 2692 1806; x_wconf 91' lang='lat' dir='ltr'>per</span> <span class='ocrx_word' id='word_1_432' title='bbox 2716 1737 2988 1808; x_wconf 90' lang='lat' dir='ltr'>iniquam</span> <span class='ocrx_word' id='word_1_433' title='bbox 3011 1744 3069 1794; x_wconf 90' lang='lat' dir='ltr'>et</span> <span class='ocrx_word' id='word_1_434' title='bbox 3090 1737 3342 1807; x_wconf 89' lang='lat' dir='ltr'>impiam</span> <span class='ocrx_word' id='word_1_435' title='bbox 3373 1738 3552 1809; x_wconf 88' lang='lat' dir='ltr'>plane</span> 
     </span>
    </p>
   </div>
   <div class='ocr_carea' id='block_1_64' title="bbox 1893 1826 3553 1895">
    <p class='ocr_par' dir='ltr' id='par_1_64' title="bbox 1893 1826 3553 1895">
     <span class='ocr_line' id='line_1_64' title="bbox 1893 1826 3553 1895; baseline 0.001 -13"><span class='ocrx_word' id='word_1_436' title='bbox 1893 1826 2250 1891; x_wconf 89' lang='lat' dir='ltr'>doctrinam,</span> <span class='ocrx_word' id='word_1_437' title='bbox 2311 1827 2426 1881; x_wconf 89' lang='lat' dir='ltr'>sub</span> <span class='ocrx_word' id='word_1_438' title='bbox 2482 1827 2684 1895; x_wconf 81' lang='lat' dir='ltr'>gratiae</span> <span class='ocrx_word' id='word_1_439' title='bbox 2743 1827 3016 1888; x_wconf 89' lang='lat' dir='ltr'>obtentu,</span> <span class='ocrx_word' id='word_1_440' title='bbox 3074 1827 3152 1883; x_wconf 92' lang='lat' dir='ltr'>ad</span> <span class='ocrx_word' id='word_1_441' title='bbox 3217 1831 3553 1883; x_wconf 79' lang='lat' dir='ltr'>extremum</span> 
     </span>
    </p>
   </div>
   <div class='ocr_carea' id='block_1_65' title="bbox 1893 1915 3553 1987">
    <p class='ocr_par' dir='ltr' id='par_1_65' title="bbox 1893 1915 3553 1987">
     <span class='ocr_line' id='line_1_65' title="bbox 1893 1915 3553 1987; baseline 0.001 -17"><span class='ocrx_word' id='word_1_442' title='bbox 1893 1916 2245 1987; x_wconf 90' lang='lat' dir='ltr'>perditionis</span> <span class='ocrx_word' id='word_1_443' title='bbox 2289 1915 2592 1985; x_wconf 86' lang='lat' dir='ltr'>delapsos.</span> <span class='ocrx_word' id='word_1_444' title='bbox 2640 1915 2803 1970; x_wconf 93' lang='lat' dir='ltr'>Idem</span> <span class='ocrx_word' id='word_1_445' title='bbox 2855 1916 3131 1987; x_wconf 88' lang='lat' dir='ltr'>scriptor,</span> <span class='ocrx_word' id='word_1_446' title='bbox 3179 1917 3280 1987; x_wconf 90' lang='lat' dir='ltr'>qui</span> <span class='ocrx_word' id='word_1_447' title='bbox 3330 1916 3553 1972; x_wconf 91' lang='lat' dir='ltr'>librum</span> 
     </span>
    </p>
   </div>
   <div class='ocr_carea' id='block_1_66' title="bbox 1897 2004 3553 2077">
    <p class='ocr_par' dir='ltr' id='par_1_66' title="bbox 1897 2004 3553 2077">
     <span class='ocr_line' id='line_1_66' title="bbox 1897 2004 3553 2077; baseline 0.001 -18"><span class='ocrx_word' id='word_1_448' title='bbox 1897 2021 2036 2060; x_wconf 91' lang='lat' dir='ltr'>eum</span> <span class='ocrx_word' id='word_1_449' title='bbox 2075 2005 2367 2060; x_wconf 89' lang='lat' dir='ltr'>adversus</span> <span class='ocrx_word' id='word_1_450' title='bbox 2397 2004 2527 2059; x_wconf 91' lang='lat' dir='ltr'>illos</span> <span class='ocrx_word' id='word_1_451' title='bbox 2571 2004 2776 2070; x_wconf 91' lang='lat' dir='ltr'>edidit,</span> <span class='ocrx_word' id='word_1_452' title='bbox 2827 2004 2902 2060; x_wconf 88' lang='lat' dir='ltr'>de</span> <span class='ocrx_word' id='word_1_453' title='bbox 2929 2005 3014 2060; x_wconf 89' lang='lat' dir='ltr'>eis</span> <span class='ocrx_word' id='word_1_454' title='bbox 3041 2006 3330 2077; x_wconf 88' lang='lat' dir='ltr'>quiddam</span> <span class='ocrx_word' id='word_1_455' title='bbox 3374 2007 3553 2061; x_wconf 89' lang='lat' dir='ltr'>etiam</span> 
     </span>
    </p>
   </div>
   <div class='ocr_carea' id='block_1_67' title="bbox 1897 2095 3553 2167">
    <p class='ocr_par' dir='ltr' id='par_1_67' title="bbox 1897 2095 3553 2167">
     <span class='ocr_line' id='line_1_67' title="bbox 1897 2095 3553 2167; baseline 0 -17"><span class='ocrx_word' id='word_1_456' title='bbox 1897 2102 2350 2161; x_wconf 84' lang='lat' dir='ltr'>commemorat,</span> <span class='ocrx_word' id='word_1_457' title='bbox 2384 2095 2547 2166; x_wconf 91' lang='lat' dir='ltr'>quod</span> <span class='ocrx_word' id='word_1_458' title='bbox 2578 2095 2717 2150; x_wconf 90' lang='lat' dir='ltr'>huic</span> <span class='ocrx_word' id='word_1_459' title='bbox 2743 2096 2906 2167; x_wconf 91' lang='lat' dir='ltr'>operi</span> <span class='ocrx_word' id='word_1_460' title='bbox 2935 2096 3192 2152; x_wconf 90' lang='lat' dir='ltr'>inserere</span> <span class='ocrx_word' id='word_1_461' title='bbox 3221 2101 3309 2152; x_wconf 92' lang='lat' dir='ltr'>est</span> <span class='ocrx_word' id='word_1_462' title='bbox 3331 2098 3553 2151; x_wconf 89' lang='lat' dir='ltr'>visum.</span> 
     </span>
    </p>
   </div>
   <div class='ocr_carea' id='block_1_68' title="bbox 1897 2183 3557 2258">
    <p class='ocr_par' dir='ltr' id='par_1_68' title="bbox 1897 2183 3557 2258">
     <span class='ocr_line' id='line_1_68' title="bbox 1897 2183 3557 2258; baseline 0 -20"><span class='ocrx_word' id='word_1_463' title='bbox 1897 2184 2166 2238; x_wconf 86' lang='lat' dir='ltr'>Natalem</span> <span class='ocrx_word' id='word_1_464' title='bbox 2199 2185 2356 2239; x_wconf 87' lang='lat' dir='ltr'>enim</span> <span class='ocrx_word' id='word_1_465' title='bbox 2387 2183 2716 2256; x_wconf 89' lang='lat' dir='ltr'>quendam,</span> <span class='ocrx_word' id='word_1_466' title='bbox 2749 2200 2821 2239; x_wconf 84' lang='lat' dir='ltr'>ex</span> <span class='ocrx_word' id='word_1_467' title='bbox 2841 2186 3146 2256; x_wconf 87' lang='lat' dir='ltr'>generosis</span> <span class='ocrx_word' id='word_1_468' title='bbox 3168 2192 3224 2240; x_wconf 91' lang='lat' dir='ltr'>et</span> <span class='ocrx_word' id='word_1_469' title='bbox 3243 2185 3557 2258; x_wconf 89' lang='lat' dir='ltr'>intrepidis</span> 
     </span>
    </p>
   </div>
   <div class='ocr_carea' id='block_1_69' title="bbox 1900 2272 3561 2346">
    <p class='ocr_par' dir='ltr' id='par_1_69' title="bbox 1900 2272 3561 2346">
     <span class='ocr_line' id='line_1_69' title="bbox 1900 2272 3561 2346; baseline 0.002 -20"><span class='ocrx_word' id='word_1_470' title='bbox 1900 2273 2342 2328; x_wconf 87' lang='lat' dir='ltr'>confessoribus</span> <span class='ocrx_word' id='word_1_471' title='bbox 2401 2288 2610 2337; x_wconf 91' lang='lat' dir='ltr'>unum,</span> <span class='ocrx_word' id='word_1_472' title='bbox 2672 2272 2814 2328; x_wconf 89' lang='lat' dir='ltr'>dicit</span> <span class='ocrx_word' id='word_1_473' title='bbox 2869 2273 2948 2328; x_wconf 92' lang='lat' dir='ltr'>ab</span> <span class='ocrx_word' id='word_1_474' title='bbox 3005 2273 3446 2346; x_wconf 82' lang='lat' dir='ltr'>Asclepiodoto,</span> <span class='ocrx_word' id='word_1_475' title='bbox 3503 2277 3561 2329; x_wconf 88' lang='lat' dir='ltr'>et</span> 
     </span>
    </p>
   </div>
   <div class='ocr_carea' id='block_1_70' title="bbox 1899 2361 3560 2436">
    <p class='ocr_par' dir='ltr' id='par_1_70' title="bbox 1899 2361 3560 2436">
     <span class='ocr_line' id='line_1_70' title="bbox 1899 2361 3560 2436; baseline -0.002 -15"><span class='ocrx_word' id='word_1_476' title='bbox 1899 2363 2208 2421; x_wconf 87' lang='lat' dir='ltr'>Theodoto</span> <span class='ocrx_word' id='word_1_477' title='bbox 2260 2361 2379 2417; x_wconf 90' lang='lat' dir='ltr'>alio</span> <span class='ocrx_word' id='word_1_478' title='bbox 2432 2361 2705 2433; x_wconf 89' lang='lat' dir='ltr'>quodam</span> <span class='ocrx_word' id='word_1_479' title='bbox 2761 2362 3063 2432; x_wconf 86' lang='lat' dir='ltr'>trapezita,</span> <span class='ocrx_word' id='word_1_480' title='bbox 3116 2363 3223 2436; x_wconf 88' lang='lat' dir='ltr'>qui</span> <span class='ocrx_word' id='word_1_481' title='bbox 3273 2363 3560 2419; x_wconf 86' lang='lat' dir='ltr'>Theodoti</span> 
     </span>
    </p>
   </div>
   <div class='ocr_carea' id='block_1_71' title="bbox 1899 2451 3561 2526">
    <p class='ocr_par' dir='ltr' id='par_1_71' title="bbox 1899 2451 3561 2526">
     <span class='ocr_line' id='line_1_71' title="bbox 1899 2451 3561 2526; baseline -0.005 -11"><span class='ocrx_word' id='word_1_482' title='bbox 1899 2458 2073 2525; x_wconf 90' lang='lat' dir='ltr'>illius,</span> <span class='ocrx_word' id='word_1_483' title='bbox 2103 2458 2238 2526; x_wconf 91' lang='lat' dir='ltr'>post</span> <span class='ocrx_word' id='word_1_484' title='bbox 2267 2453 2646 2506; x_wconf 84' lang='lat' dir='ltr'>Artemonem</span> <span class='ocrx_word' id='word_1_485' title='bbox 2690 2457 2862 2505; x_wconf 76' lang='lat' dir='ltr'>sectae</span> <span class='ocrx_word' id='word_1_486' title='bbox 2894 2453 3024 2522; x_wconf 87' lang='lat' dir='ltr'>ejus</span> <span class='ocrx_word' id='word_1_487' title='bbox 3056 2452 3245 2518; x_wconf 90' lang='lat' dir='ltr'>ducis,</span> <span class='ocrx_word' id='word_1_488' title='bbox 3279 2451 3561 2523; x_wconf 85' lang='lat' dir='ltr'>discipuli</span> 
     </span>
    </p>
   </div>
   <div class='ocr_carea' id='block_1_72' title="bbox 1901 2541 3562 2612">
    <p class='ocr_par' dir='ltr' id='par_1_72' title="bbox 1901 2541 3562 2612">
     <span class='ocr_line' id='line_1_72' title="bbox 1901 2541 3562 2612; baseline -0.004 -9"><span class='ocrx_word' id='word_1_489' title='bbox 1901 2548 2086 2610; x_wconf 85' lang='lat' dir='ltr'>fuere,</span> <span class='ocrx_word' id='word_1_490' title='bbox 2127 2543 2444 2611; x_wconf 91' lang='lat' dir='ltr'>deceptum</span> <span class='ocrx_word' id='word_1_491' title='bbox 2495 2555 2971 2612; x_wconf 88' lang='lat' dir='ltr'>persuasumque</span> <span class='ocrx_word' id='word_1_492' title='bbox 3007 2557 3154 2612; x_wconf 89' lang='lat' dir='ltr'>esse,</span> <span class='ocrx_word' id='word_1_493' title='bbox 3189 2547 3253 2597; x_wconf 89' lang='lat' dir='ltr'>ut</span> <span class='ocrx_word' id='word_1_494' title='bbox 3286 2541 3562 2597; x_wconf 90' lang='lat' dir='ltr'>mercede</span> 
     </span>
    </p>
   </div>
   <div class='ocr_carea' id='block_1_73' title="bbox 1899 2627 3564 2702">
    <p class='ocr_par' dir='ltr' id='par_1_73' title="bbox 1899 2627 3564 2702">
     <span class='ocr_line' id='line_1_73' title="bbox 1899 2627 3564 2702; baseline -0.005 -10"><span class='ocrx_word' id='word_1_495' title='bbox 1899 2634 2178 2692; x_wconf 89' lang='lat' dir='ltr'>condicta</span> <span class='ocrx_word' id='word_1_496' title='bbox 2209 2630 2456 2702; x_wconf 88' lang='lat' dir='ltr'>(factum</span> <span class='ocrx_word' id='word_1_497' title='bbox 2486 2627 2546 2683; x_wconf 91' lang='lat' dir='ltr'>id</span> <span class='ocrx_word' id='word_1_498' title='bbox 2587 2634 2830 2700; x_wconf 87' lang='lat' dir='ltr'>propter</span> <span class='ocrx_word' id='word_1_499' title='bbox 2858 2629 3250 2686; x_wconf 87' lang='lat' dir='ltr'>confessionis</span> <span class='ocrx_word' id='word_1_500' title='bbox 3278 2631 3408 2701; x_wconf 91' lang='lat' dir='ltr'>ejus</span> <span class='ocrx_word' id='word_1_501' title='bbox 3437 2630 3564 2686; x_wconf 90' lang='lat' dir='ltr'>lau-</span> 
     </span>
    </p>
   </div>
   <div class='ocr_carea' id='block_1_74' title="bbox 1903 2717 3560 2790">
    <p class='ocr_par' dir='ltr' id='par_1_74' title="bbox 1903 2717 3560 2790">
     <span class='ocr_line' id='line_1_74' title="bbox 1903 2717 3560 2790; baseline -0.004 -10"><span class='ocrx_word' id='word_1_502' title='bbox 1903 2725 2044 2780; x_wconf 91' lang='lat' dir='ltr'>dem</span> <span class='ocrx_word' id='word_1_503' title='bbox 2087 2726 2144 2776; x_wconf 90' lang='lat' dir='ltr'>et</span> <span class='ocrx_word' id='word_1_504' title='bbox 2186 2718 2613 2787; x_wconf 89' lang='lat' dir='ltr'>celebritatem)</span> <span class='ocrx_word' id='word_1_505' title='bbox 2664 2717 2962 2772; x_wconf 88' lang='lat' dir='ltr'>sodalitati</span> <span class='ocrx_word' id='word_1_506' title='bbox 3001 2734 3211 2775; x_wconf 91' lang='lat' dir='ltr'>eorum</span> <span class='ocrx_word' id='word_1_507' title='bbox 3256 2723 3560 2790; x_wconf 63' lang='lat' dir='ltr'>praeesset,</span> 
     </span>
    </p>
   </div>
   <div class='ocr_carea' id='block_1_75' title="bbox 1904 2807 3564 2883">
    <p class='ocr_par' dir='ltr' id='par_1_75' title="bbox 1904 2807 3564 2883">
     <span class='ocr_line' id='line_1_75' title="bbox 1904 2807 3564 2883; baseline -0.004 -15"><span class='ocrx_word' id='word_1_508' title='bbox 1904 2826 2126 2883; x_wconf 88' lang='lat' dir='ltr'>eosque</span> <span class='ocrx_word' id='word_1_509' title='bbox 2156 2808 2234 2863; x_wconf 91' lang='lat' dir='ltr'>illi</span> <span class='ocrx_word' id='word_1_510' title='bbox 2264 2812 2503 2863; x_wconf 90' lang='lat' dir='ltr'>centum</span> <span class='ocrx_word' id='word_1_511' title='bbox 2536 2810 2594 2860; x_wconf 91' lang='lat' dir='ltr'>et</span> <span class='ocrx_word' id='word_1_512' title='bbox 2617 2807 3058 2878; x_wconf 80' lang='lat' dir='ltr'>quinquaginta</span> <span class='ocrx_word' id='word_1_513' title='bbox 3087 2807 3366 2863; x_wconf 89' lang='lat' dir='ltr'>denarios</span> <span class='ocrx_word' id='word_1_514' title='bbox 3398 2808 3564 2862; x_wconf 88' lang='lat' dir='ltr'>diur-</span> 
     </span>
    </p>
   </div>
   <div class='ocr_carea' id='block_1_76' title="bbox 1904 2895 3562 2967">
    <p class='ocr_par' dir='ltr' id='par_1_76' title="bbox 1904 2895 3562 2967">
     <span class='ocr_line' id='line_1_76' title="bbox 1904 2895 3562 2967; baseline -0.004 -9"><span class='ocrx_word' id='word_1_515' title='bbox 1904 2918 2016 2958; x_wconf 91' lang='lat' dir='ltr'>nos</span> <span class='ocrx_word' id='word_1_516' title='bbox 2046 2900 2294 2954; x_wconf 90' lang='lat' dir='ltr'>daturos</span> <span class='ocrx_word' id='word_1_517' title='bbox 2321 2895 2612 2967; x_wconf 87' lang='lat' dir='ltr'>pollicitos</span> <span class='ocrx_word' id='word_1_518' title='bbox 2651 2911 2799 2950; x_wconf 91' lang='lat' dir='ltr'>esse.</span> <span class='ocrx_word' id='word_1_519' title='bbox 2835 2898 3042 2967; x_wconf 90' lang='lat' dir='ltr'>Itaque</span> <span class='ocrx_word' id='word_1_520' title='bbox 3081 2912 3217 2951; x_wconf 90' lang='lat' dir='ltr'>cum</span> <span class='ocrx_word' id='word_1_521' title='bbox 3255 2896 3315 2950; x_wconf 91' lang='lat' dir='ltr'>in</span> <span class='ocrx_word' id='word_1_522' title='bbox 3351 2911 3562 2952; x_wconf 87' lang='lat' dir='ltr'>eorum</span> 
     </span>
    </p>
   </div>
   <div class='ocr_carea' id='block_1_77' title="bbox 1904 2985 3564 3057">
    <p class='ocr_par' dir='ltr' id='par_1_77' title="bbox 1904 2985 3564 3057">
     <span class='ocr_line' id='line_1_77' title="bbox 1904 2985 3564 3057; baseline -0.005 -10"><span class='ocrx_word' id='word_1_523' title='bbox 1904 2989 2115 3047; x_wconf 63' lang='lat' dir='ltr'>haeresi</span> <span class='ocrx_word' id='word_1_524' title='bbox 2167 2991 2341 3052; x_wconf 89' lang='lat' dir='ltr'>esset,</span> <span class='ocrx_word' id='word_1_525' title='bbox 2395 2985 2454 3038; x_wconf 90' lang='lat' dir='ltr'>in</span> <span class='ocrx_word' id='word_1_526' title='bbox 2508 2985 2737 3039; x_wconf 90' lang='lat' dir='ltr'>somnis</span> <span class='ocrx_word' id='word_1_527' title='bbox 2792 2985 2844 3040; x_wconf 93' lang='lat' dir='ltr'>ei</span> <span class='ocrx_word' id='word_1_528' title='bbox 2902 2985 3218 3057; x_wconf 89' lang='lat' dir='ltr'>aliquoties</span> <span class='ocrx_word' id='word_1_529' title='bbox 3280 2985 3564 3052; x_wconf 88' lang='lat' dir='ltr'>Christus,</span> 
     </span>
    </p>
   </div>
   <div class='ocr_carea' id='block_1_78' title="bbox 1906 3073 3567 3138">
    <p class='ocr_par' dir='ltr' id='par_1_78' title="bbox 1906 3073 3567 3138">
     <span class='ocr_line' id='line_1_78' title="bbox 1906 3073 3567 3138; baseline -0.004 -3"><span class='ocrx_word' id='word_1_530' title='bbox 1906 3095 2085 3135; x_wconf 89' lang='lat' dir='ltr'>verus</span> <span class='ocrx_word' id='word_1_531' title='bbox 2129 3075 2468 3132; x_wconf 89' lang='lat' dir='ltr'>animarum</span> <span class='ocrx_word' id='word_1_532' title='bbox 2516 3073 2786 3129; x_wconf 89' lang='lat' dir='ltr'>medicus</span> <span class='ocrx_word' id='word_1_533' title='bbox 2833 3073 3137 3138; x_wconf 89' lang='lat' dir='ltr'>assistens,</span> <span class='ocrx_word' id='word_1_534' title='bbox 3186 3078 3250 3130; x_wconf 91' lang='lat' dir='ltr'>ut</span> <span class='ocrx_word' id='word_1_535' title='bbox 3294 3090 3357 3130; x_wconf 90' lang='lat' dir='ltr'>se</span> <span class='ocrx_word' id='word_1_536' title='bbox 3397 3089 3432 3130; x_wconf 94' lang='lat' dir='ltr'>a</span> <span class='ocrx_word' id='word_1_537' title='bbox 3464 3073 3567 3129; x_wconf 88' lang='lat' dir='ltr'>tali</span> 
     </span>
    </p>
   </div>
   <div class='ocr_carea' id='block_1_79' title="bbox 1909 3163 3567 3228">
    <p class='ocr_par' dir='ltr' id='par_1_79' title="bbox 1909 3163 3567 3228">
     <span class='ocr_line' id='line_1_79' title="bbox 1909 3163 3567 3228; baseline -0.004 -4"><span class='ocrx_word' id='word_1_538' title='bbox 1909 3183 2105 3223; x_wconf 90' lang='lat' dir='ltr'>errore</span> <span class='ocrx_word' id='word_1_539' title='bbox 2133 3171 2189 3220; x_wconf 93' lang='lat' dir='ltr'>et</span> <span class='ocrx_word' id='word_1_540' title='bbox 2218 3163 2566 3219; x_wconf 88' lang='lat' dir='ltr'>seductione</span> <span class='ocrx_word' id='word_1_541' title='bbox 2613 3163 2919 3228; x_wconf 90' lang='lat' dir='ltr'>alienaret,</span> <span class='ocrx_word' id='word_1_542' title='bbox 2960 3163 3271 3220; x_wconf 90' lang='lat' dir='ltr'>hominem</span> <span class='ocrx_word' id='word_1_543' title='bbox 3327 3169 3420 3220; x_wconf 88' lang='lat' dir='ltr'>est</span> <span class='ocrx_word' id='word_1_544' title='bbox 3471 3178 3567 3218; x_wconf 90' lang='lat' dir='ltr'>co-</span> 
     </span>
    </p>
   </div>
   <div class='ocr_carea' id='block_1_80' title="bbox 1905 3250 3566 3324">
    <p class='ocr_par' dir='ltr' id='par_1_80' title="bbox 1905 3250 3566 3324">
     <span class='ocr_line' id='line_1_80' title="bbox 1905 3250 3566 3324; baseline -0.005 -11"><span class='ocrx_word' id='word_1_545' title='bbox 1905 3257 2197 3314; x_wconf 87' lang='lat' dir='ltr'>hortatus.</span> <span class='ocrx_word' id='word_1_546' title='bbox 2261 3252 2496 3307; x_wconf 89' lang='lat' dir='ltr'>Minime</span> <span class='ocrx_word' id='word_1_547' title='bbox 2535 3251 2692 3306; x_wconf 88' lang='lat' dir='ltr'>enim</span> <span class='ocrx_word' id='word_1_548' title='bbox 2743 3250 2934 3315; x_wconf 91' lang='lat' dir='ltr'>illum,</span> <span class='ocrx_word' id='word_1_549' title='bbox 2988 3253 3156 3324; x_wconf 91' lang='lat' dir='ltr'>quod</span> <span class='ocrx_word' id='word_1_550' title='bbox 3211 3253 3566 3323; x_wconf 89' lang='lat' dir='ltr'>passionum</span> 
     </span>
    </p>
   </div>
   <div class='ocr_carea' id='block_1_81' title="bbox 1909 3341 3569 3412">
    <p class='ocr_par' dir='ltr' id='par_1_81' title="bbox 1909 3341 3569 3412">
     <span class='ocr_line' id='line_1_81' title="bbox 1909 3341 3569 3412; baseline -0.002 -11"><span class='ocrx_word' id='word_1_551' title='bbox 1909 3362 2155 3402; x_wconf 87' lang='lat' dir='ltr'>suarum</span> <span class='ocrx_word' id='word_1_552' title='bbox 2189 3343 2351 3398; x_wconf 90' lang='lat' dir='ltr'>testis</span> <span class='ocrx_word' id='word_1_553' title='bbox 2389 3348 2446 3397; x_wconf 92' lang='lat' dir='ltr'>et</span> <span class='ocrx_word' id='word_1_554' title='bbox 2477 3347 2708 3412; x_wconf 86' lang='lat' dir='ltr'>martyr</span> <span class='ocrx_word' id='word_1_555' title='bbox 2757 3341 2985 3407; x_wconf 85' lang='lat' dir='ltr'>fuisset,</span> <span class='ocrx_word' id='word_1_556' title='bbox 3045 3341 3124 3397; x_wconf 89' lang='lat' dir='ltr'>ab</span> <span class='ocrx_word' id='word_1_557' title='bbox 3181 3342 3440 3397; x_wconf 88' lang='lat' dir='ltr'>Ecclesia</span> <span class='ocrx_word' id='word_1_558' title='bbox 3481 3358 3569 3397; x_wconf 90' lang='lat' dir='ltr'>se-</span> 
     </span>
    </p>
   </div>
   <div class='ocr_carea' id='block_1_82' title="bbox 1909 3429 3562 3505">
    <p class='ocr_par' dir='ltr' id='par_1_82' title="bbox 1909 3429 3562 3505">
     <span class='ocr_line' id='line_1_82' title="bbox 1909 3429 3562 3505; baseline -0.001 -17"><span class='ocrx_word' id='word_1_559' title='bbox 1909 3439 2224 3505; x_wconf 84' lang='lat' dir='ltr'>gregatum</span> <span class='ocrx_word' id='word_1_560' title='bbox 2261 3431 2452 3502; x_wconf 91' lang='lat' dir='ltr'>perire</span> <span class='ocrx_word' id='word_1_561' title='bbox 2481 3429 2686 3494; x_wconf 92' lang='lat' dir='ltr'>voluit,</span> <span class='ocrx_word' id='word_1_562' title='bbox 2721 3429 2818 3485; x_wconf 89' lang='lat' dir='ltr'>illo</span> <span class='ocrx_word' id='word_1_563' title='bbox 2844 3446 3087 3502; x_wconf 91' lang='lat' dir='ltr'>quoque</span> <span class='ocrx_word' id='word_1_564' title='bbox 3140 3431 3393 3501; x_wconf 87' lang='lat' dir='ltr'>adjecto,</span> <span class='ocrx_word' id='word_1_565' title='bbox 3442 3445 3562 3486; x_wconf 92' lang='lat' dir='ltr'>non</span> 
     </span>
    </p>
   </div>
   <div class='ocr_carea' id='block_1_83' title="bbox 1907 3518 3570 3594">
    <p class='ocr_par' dir='ltr' id='par_1_83' title="bbox 1907 3518 3570 3594">
     <span class='ocr_line' id='line_1_83' title="bbox 1907 3518 3570 3594; baseline -0.005 -14"><span class='ocrx_word' id='word_1_566' title='bbox 1907 3524 2076 3580; x_wconf 85' lang='lat' dir='ltr'>illum</span> <span class='ocrx_word' id='word_1_567' title='bbox 2101 3537 2209 3594; x_wconf 92' lang='lat' dir='ltr'>pro</span> <span class='ocrx_word' id='word_1_568' title='bbox 2239 3520 2490 3575; x_wconf 88' lang='lat' dir='ltr'>istorum</span> <span class='ocrx_word' id='word_1_569' title='bbox 2509 3519 2914 3588; x_wconf 89' lang='lat' dir='ltr'>opinionibus,</span> <span class='ocrx_word' id='word_1_570' title='bbox 2943 3520 3046 3574; x_wconf 92' lang='lat' dir='ltr'>sed</span> <span class='ocrx_word' id='word_1_571' title='bbox 3078 3535 3186 3590; x_wconf 89' lang='lat' dir='ltr'>pro</span> <span class='ocrx_word' id='word_1_572' title='bbox 3209 3518 3570 3589; x_wconf 87' lang='lat' dir='ltr'>evangelieis</span> 
     </span>
    </p>
   </div>
   <div class='ocr_carea' id='block_1_84' title="bbox 1910 3607 3572 3683">
    <p class='ocr_par' dir='ltr' id='par_1_84' title="bbox 1910 3607 3572 3683">
     <span class='ocr_line' id='line_1_84' title="bbox 1910 3607 3572 3683; baseline -0.005 -14"><span class='ocrx_word' id='word_1_573' title='bbox 1910 3611 2314 3683; x_wconf 82' lang='lat' dir='ltr'>dogmatibus,</span> <span class='ocrx_word' id='word_1_574' title='bbox 2349 3613 2588 3663; x_wconf 87' lang='lat' dir='ltr'>strenue</span> <span class='ocrx_word' id='word_1_575' title='bbox 2617 3607 2976 3664; x_wconf 88' lang='lat' dir='ltr'>decertasse.</span> <span class='ocrx_word' id='word_1_576' title='bbox 3010 3609 3197 3665; x_wconf 83' lang='lat' dir='ltr'>Minus</span> <span class='ocrx_word' id='word_1_577' title='bbox 3229 3613 3430 3664; x_wconf 90' lang='lat' dir='ltr'>tamen</span> <span class='ocrx_word' id='word_1_578' title='bbox 3476 3607 3572 3662; x_wconf 90' lang='lat' dir='ltr'>ille</span> 
     </span>
    </p>
   </div>
   <div class='ocr_carea' id='block_1_85' title="bbox 1910 3695 3574 3769">
    <p class='ocr_par' dir='ltr' id='par_1_85' title="bbox 1910 3695 3574 3769">
     <span class='ocr_line' id='line_1_85' title="bbox 1910 3695 3574 3769; baseline -0.005 -12"><span class='ocrx_word' id='word_1_579' title='bbox 1910 3700 2122 3758; x_wconf 89' lang='lat' dir='ltr'>visioni</span> <span class='ocrx_word' id='word_1_580' title='bbox 2153 3699 2473 3755; x_wconf 89' lang='lat' dir='ltr'>obsecutus</span> <span class='ocrx_word' id='word_1_581' title='bbox 2507 3701 2615 3762; x_wconf 90' lang='lat' dir='ltr'>est,</span> <span class='ocrx_word' id='word_1_582' title='bbox 2655 3696 2884 3752; x_wconf 90' lang='lat' dir='ltr'>honore</span> <span class='ocrx_word' id='word_1_583' title='bbox 2910 3713 3001 3763; x_wconf 89' lang='lat' dir='ltr'>eo,</span> <span class='ocrx_word' id='word_1_584' title='bbox 3035 3713 3218 3769; x_wconf 88' lang='lat' dir='ltr'>quem</span> <span class='ocrx_word' id='word_1_585' title='bbox 3272 3713 3358 3754; x_wconf 89' lang='lat' dir='ltr'>se.</span> <span class='ocrx_word' id='word_1_586' title='bbox 3405 3695 3574 3767; x_wconf 86' lang='lat' dir='ltr'>quod</span> 
     </span>
    </p>
   </div>
   <div class='ocr_carea' id='block_1_86' title="bbox 1913 3784 3575 3860">
    <p class='ocr_par' dir='ltr' id='par_1_86' title="bbox 1913 3784 3575 3860">
     <span class='ocr_line' id='line_1_86' title="bbox 1913 3784 3575 3860; baseline -0.003 -13"><span class='ocrx_word' id='word_1_587' title='bbox 1913 3789 2172 3860; x_wconf 82' lang='lat' dir='ltr'>deceptis</span> <span class='ocrx_word' id='word_1_588' title='bbox 2191 3794 2372 3857; x_wconf 90' lang='lat' dir='ltr'>atque</span> <span class='ocrx_word' id='word_1_589' title='bbox 2402 3785 2660 3841; x_wconf 88' lang='lat' dir='ltr'>seductis</span> <span class='ocrx_word' id='word_1_590' title='bbox 2683 3785 3029 3841; x_wconf 88' lang='lat' dir='ltr'>hominibus</span> <span class='ocrx_word' id='word_1_591' title='bbox 3058 3787 3311 3856; x_wconf 64' lang='lat' dir='ltr'>praeiret,</span> <span class='ocrx_word' id='word_1_592' title='bbox 3349 3784 3575 3842; x_wconf 88' lang='lat' dir='ltr'>habere</span> 
     </span>
    </p>
   </div>
   <div class='ocr_carea' id='block_1_87' title="bbox 1914 3873 3576 3947">
    <p class='ocr_par' dir='ltr' id='par_1_87' title="bbox 1914 3873 3576 3947">
     <span class='ocr_line' id='line_1_87' title="bbox 1914 3873 3576 3947; baseline -0.004 -14"><span class='ocrx_word' id='word_1_593' title='bbox 1914 3877 2181 3940; x_wconf 88' lang='lat' dir='ltr'>credidit,</span> <span class='ocrx_word' id='word_1_594' title='bbox 2217 3879 2429 3944; x_wconf 88' lang='lat' dir='ltr'>captus</span> <span class='ocrx_word' id='word_1_595' title='bbox 2475 3889 2486 3926; x_wconf 92' lang='lat'>:</span> <span class='ocrx_word' id='word_1_596' title='bbox 2530 3879 2585 3928; x_wconf 92' lang='lat' dir='ltr'>et</span> <span class='ocrx_word' id='word_1_597' title='bbox 2616 3873 2870 3929; x_wconf 82' lang='lat' dir='ltr'>fortasse</span> <span class='ocrx_word' id='word_1_598' title='bbox 2903 3873 3052 3929; x_wconf 87' lang='lat' dir='ltr'>lucri</span> <span class='ocrx_word' id='word_1_599' title='bbox 3091 3889 3331 3947; x_wconf 88' lang='lat' dir='ltr'>quoque</span> <span class='ocrx_word' id='word_1_600' title='bbox 3380 3873 3576 3945; x_wconf 92' lang='lat' dir='ltr'>splen-</span> 
     </span>
    </p>
   </div>
   <div class='ocr_carea' id='block_1_88' title="bbox 1916 3962 3579 4042">
    <p class='ocr_par' dir='ltr' id='par_1_88' title="bbox 1916 3962 3579 4042">
     <span class='ocr_line' id='line_1_88' title="bbox 1916 3962 3579 4042; baseline -0.002 -20"><span class='ocrx_word' id='word_1_601' title='bbox 1916 3971 2080 4032; x_wconf 93' lang='lat' dir='ltr'>dore,</span> <span class='ocrx_word' id='word_1_602' title='bbox 2115 3972 2175 4020; x_wconf 92' lang='lat' dir='ltr'>ut</span> <span class='ocrx_word' id='word_1_603' title='bbox 2205 3965 2406 4028; x_wconf 90' lang='lat' dir='ltr'>homo,</span> <span class='ocrx_word' id='word_1_604' title='bbox 2451 3962 2774 4018; x_wconf 87' lang='lat' dir='ltr'>inescatus.</span> <span class='ocrx_word' id='word_1_605' title='bbox 2807 3963 3012 4035; x_wconf 87' lang='lat' dir='ltr'>Itaque</span> <span class='ocrx_word' id='word_1_606' title='bbox 3057 3969 3238 4042; x_wconf 90' lang='lat' dir='ltr'>noctu</span> <span class='ocrx_word' id='word_1_607' title='bbox 3274 3979 3482 4019; x_wconf 87' lang='lat' dir='ltr'>rursus</span> <span class='ocrx_word' id='word_1_608' title='bbox 3527 3963 3579 4019; x_wconf 89' lang='lat' dir='ltr'>ei</span> 
     </span>
    </p>
   </div>
   <div class='ocr_carea' id='block_1_89' title="bbox 1918 4052 3580 4124">
    <p class='ocr_par' dir='ltr' id='par_1_89' title="bbox 1918 4052 3580 4124">
     <span class='ocr_line' id='line_1_89' title="bbox 1918 4052 3580 4124; baseline -0.004 -12"><span class='ocrx_word' id='word_1_609' title='bbox 1918 4057 2188 4113; x_wconf 89' lang='lat' dir='ltr'>Salvator</span> <span class='ocrx_word' id='word_1_610' title='bbox 2225 4053 2523 4117; x_wconf 86' lang='lat' dir='ltr'>insistens,</span> <span class='ocrx_word' id='word_1_611' title='bbox 2556 4067 2765 4121; x_wconf 84' lang='lat' dir='ltr'>graves</span> <span class='ocrx_word' id='word_1_612' title='bbox 2794 4067 2900 4124; x_wconf 84' lang='lat' dir='ltr'>per</span> <span class='ocrx_word' id='word_1_613' title='bbox 2943 4052 3190 4122; x_wconf 81' lang='lat' dir='ltr'>angelos</span> <span class='ocrx_word' id='word_1_614' title='bbox 3232 4052 3438 4122; x_wconf 87' lang='lat' dir='ltr'>ﬂagris</span> <span class='ocrx_word' id='word_1_615' title='bbox 3485 4053 3580 4108; x_wconf 86' lang='lat' dir='ltr'>in-</span> 
     </span>
    </p>
   </div>
   <div class='ocr_carea' id='block_1_90' title="bbox 1923 4140 3584 4216">
    <p class='ocr_par' dir='ltr' id='par_1_90' title="bbox 1923 4140 3584 4216">
     <span class='ocr_line' id='line_1_90' title="bbox 1923 4140 3584 4216; baseline -0.004 -15"><span class='ocrx_word' id='word_1_616' title='bbox 1923 4145 2053 4202; x_wconf 87' lang='lat' dir='ltr'>tulit</span> <span class='ocrx_word' id='word_1_617' title='bbox 2081 4143 2313 4216; x_wconf 88' lang='lat' dir='ltr'>plagas.</span> <span class='ocrx_word' id='word_1_618' title='bbox 2343 4143 2488 4195; x_wconf 87' lang='lat' dir='ltr'>Tum</span> <span class='ocrx_word' id='word_1_619' title='bbox 2520 4141 2767 4196; x_wconf 90' lang='lat' dir='ltr'>demum</span> <span class='ocrx_word' id='word_1_620' title='bbox 2799 4140 2895 4196; x_wconf 91' lang='lat' dir='ltr'>ille</span> <span class='ocrx_word' id='word_1_621' title='bbox 2911 4143 3280 4212; x_wconf 83' lang='lat' dir='ltr'>experientia</span> <span class='ocrx_word' id='word_1_622' title='bbox 3308 4141 3584 4213; x_wconf 84' lang='lat' dir='ltr'>edoctus,</span> 
     </span>
    </p>
   </div>
   <div class='ocr_carea' id='block_1_91' title="bbox 200 4231 3581 4312">
    <p class='ocr_par' dir='ltr' id='par_1_91' title="bbox 200 4231 3581 4312">
     <span class='ocr_line' id='line_1_91' title="bbox 200 4231 3581 4312; baseline -0.004 -15"><span class='ocrx_word' id='word_1_623' title='bbox 200 4231 504 4312; x_wconf 76' lang='lat' dir='ltr'>quantum</span> <span class='ocrx_word' id='word_1_624' title='bbox 573 4241 793 4296; x_wconf 88' lang='lat' dir='ltr'>malum</span> <span class='ocrx_word' id='word_1_625' title='bbox 861 4239 954 4303; x_wconf 88' lang='lat' dir='ltr'>sit,</span> <span class='ocrx_word' id='word_1_626' title='bbox 1015 4256 1076 4295; x_wconf 86' lang='lat' dir='ltr'>se</span> <span class='ocrx_word' id='word_1_627' title='bbox 1128 4239 1248 4294; x_wconf 89' lang='lat' dir='ltr'>Deo</span> <span class='ocrx_word' id='word_1_628' title='bbox 1305 4251 1632 4308; x_wconf 86' lang='lat' dir='ltr'>opponere,</span> <span class='ocrx_word' id='word_1_629' title='bbox 1689 4250 1864 4291; x_wconf 90' lang='lat' dir='ltr'>sacco</span> <span class='ocrx_word' id='word_1_630' title='bbox 1923 4238 2186 4304; x_wconf 89' lang='lat' dir='ltr'>sumpto,</span> <span class='ocrx_word' id='word_1_631' title='bbox 2231 4238 2289 4287; x_wconf 88' lang='lat' dir='ltr'>et</span> <span class='ocrx_word' id='word_1_632' title='bbox 2345 4231 2540 4285; x_wconf 93' lang='lat' dir='ltr'>cinere</span> <span class='ocrx_word' id='word_1_633' title='bbox 2608 4246 2988 4302; x_wconf 90' lang='lat' dir='ltr'>conspersus,</span> <span class='ocrx_word' id='word_1_634' title='bbox 3046 4246 3232 4302; x_wconf 89' lang='lat' dir='ltr'>quam</span> <span class='ocrx_word' id='word_1_635' title='bbox 3286 4231 3581 4286; x_wconf 89' lang='lat' dir='ltr'>cellerime</span> 
     </span>
    </p>
   </div>
   <div class='ocr_carea' id='block_1_92' title="bbox 201 4319 3586 4402">
    <p class='ocr_par' dir='ltr' id='par_1_92' title="bbox 201 4319 3586 4402">
     <span class='ocr_line' id='line_1_92' title="bbox 201 4319 3586 4402; baseline -0.003 -17"><span class='ocrx_word' id='word_1_636' title='bbox 201 4345 346 4387; x_wconf 87' lang='lat' dir='ltr'>cum</span> <span class='ocrx_word' id='word_1_637' title='bbox 382 4332 512 4402; x_wconf 91' lang='lat' dir='ltr'>ipso</span> <span class='ocrx_word' id='word_1_638' title='bbox 542 4329 805 4385; x_wconf 80' lang='lat' dir='ltr'>dituculo</span> <span class='ocrx_word' id='word_1_639' title='bbox 836 4327 912 4384; x_wconf 89' lang='lat' dir='ltr'>ad</span> <span class='ocrx_word' id='word_1_640' title='bbox 972 4327 1289 4383; x_wconf 89' lang='lat' dir='ltr'>ecclesiam</span> <span class='ocrx_word' id='word_1_641' title='bbox 1342 4325 1628 4394; x_wconf 88' lang='lat' dir='ltr'>confugit,</span> <span class='ocrx_word' id='word_1_642' title='bbox 1688 4330 1743 4379; x_wconf 92' lang='lat' dir='ltr'>et</span> <span class='ocrx_word' id='word_1_643' title='bbox 1774 4324 1851 4380; x_wconf 91' lang='lat' dir='ltr'>ad</span> <span class='ocrx_word' id='word_1_644' title='bbox 1896 4320 2214 4394; x_wconf 86' lang='lat' dir='ltr'>Zephyrini</span> <span class='ocrx_word' id='word_1_645' title='bbox 2260 4319 2532 4392; x_wconf 78' lang='lat' dir='ltr'>Ecclesiae</span> <span class='ocrx_word' id='word_1_646' title='bbox 2586 4319 2871 4374; x_wconf 67' lang='lat' dir='ltr'>Romanae</span> <span class='ocrx_word' id='word_1_647' title='bbox 2917 4320 3186 4395; x_wconf 63' lang='lat' dir='ltr'>praesidis</span> <span class='ocrx_word' id='word_1_648' title='bbox 3233 4319 3412 4392; x_wconf 90' lang='lat' dir='ltr'>pedes</span> <span class='ocrx_word' id='word_1_649' title='bbox 3441 4335 3586 4390; x_wconf 90' lang='lat' dir='ltr'>pro-</span> 
     </span>
    </p>
   </div>
   <div class='ocr_carea' id='block_1_93' title="bbox 201 4409 3586 4488">
    <p class='ocr_par' dir='ltr' id='par_1_93' title="bbox 201 4409 3586 4488">
     <span class='ocr_line' id='line_1_93' title="bbox 201 4409 3586 4488; baseline -0.004 -14"><span class='ocrx_word' id='word_1_650' title='bbox 201 4420 464 4484; x_wconf 77' lang='lat' dir='ltr'>volutus,</span> <span class='ocrx_word' id='word_1_651' title='bbox 493 4419 824 4474; x_wconf 89' lang='lat' dir='ltr'>orationem</span> <span class='ocrx_word' id='word_1_652' title='bbox 857 4422 1038 4488; x_wconf 88' lang='lat' dir='ltr'>atque</span> <span class='ocrx_word' id='word_1_653' title='bbox 1069 4415 1554 4488; x_wconf 90' lang='lat' dir='ltr'>deprecationem</span> <span class='ocrx_word' id='word_1_654' title='bbox 1579 4429 1686 4485; x_wconf 92' lang='lat' dir='ltr'>pro</span> <span class='ocrx_word' id='word_1_655' title='bbox 1709 4429 1770 4468; x_wconf 89' lang='lat' dir='ltr'>se</span> <span class='ocrx_word' id='word_1_656' title='bbox 1802 4413 1879 4468; x_wconf 92' lang='lat' dir='ltr'>ad</span> <span class='ocrx_word' id='word_1_657' title='bbox 1910 4413 2094 4468; x_wconf 91' lang='lat' dir='ltr'>Deum</span> <span class='ocrx_word' id='word_1_658' title='bbox 2127 4411 2358 4480; x_wconf 90' lang='lat' dir='ltr'>generis</span> <span class='ocrx_word' id='word_1_659' title='bbox 2387 4409 2639 4463; x_wconf 82' lang='lat' dir='ltr'>humani</span> <span class='ocrx_word' id='word_1_660' title='bbox 2665 4415 2996 4464; x_wconf 90' lang='lat' dir='ltr'>amatorem</span> <span class='ocrx_word' id='word_1_661' title='bbox 3024 4409 3151 4463; x_wconf 85' lang='lat' dir='ltr'>ﬁeri</span> <span class='ocrx_word' id='word_1_662' title='bbox 3181 4409 3434 4477; x_wconf 87' lang='lat' dir='ltr'>rogavit,</span> <span class='ocrx_word' id='word_1_663' title='bbox 3467 4425 3586 4479; x_wconf 88' lang='lat' dir='ltr'>pu-</span> 
     </span>
    </p>
   </div>
   <div class='ocr_carea' id='block_1_94' title="bbox 203 4497 3584 4576">
    <p class='ocr_par' dir='ltr' id='par_1_94' title="bbox 203 4497 3584 4576">
     <span class='ocr_line' id='line_1_94' title="bbox 203 4497 3584 4576; baseline -0.004 -12"><span class='ocrx_word' id='word_1_664' title='bbox 203 4507 366 4564; x_wconf 87' lang='lat' dir='ltr'>blice</span> <span class='ocrx_word' id='word_1_665' title='bbox 392 4509 451 4563; x_wconf 91' lang='lat' dir='ltr'>in</span> <span class='ocrx_word' id='word_1_666' title='bbox 483 4508 681 4563; x_wconf 90' lang='lat' dir='ltr'>media</span> <span class='ocrx_word' id='word_1_667' title='bbox 711 4506 883 4576; x_wconf 91' lang='lat' dir='ltr'>plebe</span> <span class='ocrx_word' id='word_1_668' title='bbox 924 4506 1168 4569; x_wconf 88' lang='lat' dir='ltr'>vibices,</span> <span class='ocrx_word' id='word_1_669' title='bbox 1221 4521 1375 4574; x_wconf 89' lang='lat' dir='ltr'>quas</span> <span class='ocrx_word' id='word_1_670' title='bbox 1407 4507 1736 4573; x_wconf 85' lang='lat' dir='ltr'>acceperat,</span> <span class='ocrx_word' id='word_1_671' title='bbox 1761 4501 2079 4572; x_wconf 90' lang='lat' dir='ltr'>plagarum</span> <span class='ocrx_word' id='word_1_672' title='bbox 2111 4504 2439 4554; x_wconf 87' lang='lat' dir='ltr'>ostentans.</span> <span class='ocrx_word' id='word_1_673' title='bbox 2477 4500 2624 4551; x_wconf 91' lang='lat' dir='ltr'>Eum</span> <span class='ocrx_word' id='word_1_674' title='bbox 2655 4513 2796 4552; x_wconf 92' lang='lat' dir='ltr'>vero</span> <span class='ocrx_word' id='word_1_675' title='bbox 2828 4497 2908 4552; x_wconf 88' lang='lat' dir='ltr'>ita</span> <span class='ocrx_word' id='word_1_676' title='bbox 2965 4497 3288 4568; x_wconf 89' lang='lat' dir='ltr'>ejulantem</span> <span class='ocrx_word' id='word_1_677' title='bbox 3343 4501 3400 4552; x_wconf 90' lang='lat' dir='ltr'>et</span> <span class='ocrx_word' id='word_1_678' title='bbox 3447 4497 3584 4568; x_wconf 91' lang='lat' dir='ltr'>qui-</span> 
     </span>
    </p>
   </div>
   <div class='ocr_carea' id='block_1_95' title="bbox 204 4585 3584 4664">
    <p class='ocr_par' dir='ltr' id='par_1_95' title="bbox 204 4585 3584 4664">
     <span class='ocr_line' id='line_1_95' title="bbox 204 4585 3584 4664; baseline -0.004 -12"><span class='ocrx_word' id='word_1_679' title='bbox 204 4598 494 4654; x_wconf 85' lang='lat' dir='ltr'>ritantem</span> <span class='ocrx_word' id='word_1_680' title='bbox 544 4597 860 4651; x_wconf 89' lang='lat' dir='ltr'>miseratus</span> <span class='ocrx_word' id='word_1_681' title='bbox 916 4594 1033 4658; x_wconf 92' lang='lat' dir='ltr'>ille,</span> <span class='ocrx_word' id='word_1_682' title='bbox 1093 4609 1276 4650; x_wconf 90' lang='lat' dir='ltr'>mauu</span> <span class='ocrx_word' id='word_1_683' title='bbox 1331 4596 1606 4664; x_wconf 88' lang='lat' dir='ltr'>porrecta</span> <span class='ocrx_word' id='word_1_684' title='bbox 1646 4590 1724 4647; x_wconf 91' lang='lat' dir='ltr'>ad</span> <span class='ocrx_word' id='word_1_685' title='bbox 1782 4589 2194 4663; x_wconf 66' lang='lat' dir='ltr'>paenitentiam</span> <span class='ocrx_word' id='word_1_686' title='bbox 2259 4587 2428 4643; x_wconf 90' lang='lat' dir='ltr'>facile</span> <span class='ocrx_word' id='word_1_687' title='bbox 2482 4586 2730 4658; x_wconf 90' lang='lat' dir='ltr'>quidem</span> <span class='ocrx_word' id='word_1_688' title='bbox 2768 4587 3006 4658; x_wconf 90' lang='lat' dir='ltr'>recepit,</span> <span class='ocrx_word' id='word_1_689' title='bbox 3048 4601 3204 4656; x_wconf 71' lang='lat' dir='ltr'>aegre</span> <span class='ocrx_word' id='word_1_690' title='bbox 3253 4591 3458 4642; x_wconf 90' lang='lat' dir='ltr'>tamen</span> <span class='ocrx_word' id='word_1_691' title='bbox 3506 4585 3584 4640; x_wconf 88' lang='lat' dir='ltr'>ad</span> 
     </span>
    </p>
   </div>
   <div class='ocr_carea' id='block_1_96' title="bbox 207 4683 990 4743">
    <p class='ocr_par' dir='ltr' id='par_1_96' title="bbox 207 4683 990 4743">
     <span class='ocr_line' id='line_1_96' title="bbox 207 4683 990 4743; baseline -0.005 -2"><span class='ocrx_word' id='word_1_692' title='bbox 207 4685 708 4743; x_wconf 86' lang='lat' dir='ltr'>communionem</span> <span class='ocrx_word' id='word_1_693' title='bbox 734 4683 990 4741; x_wconf 87' lang='lat' dir='ltr'>admisit.</span> 
     </span>
    </p>
   </div>
   <div class='ocr_carea' id='block_1_97' title="bbox 817 4777 1890 4835">
    <p class='ocr_par' dir='ltr' id='par_1_97' title="bbox 817 4777 1890 4835">
     <span class='ocr_line' id='line_1_97' title="bbox 817 4777 1890 4835; baseline -0.003 0"><span class='ocrx_word' id='word_1_694' title='bbox 817 4786 1058 4835; x_wconf 77' lang='grc' dir='ltr'>ΚΕΦΑΛ.</span> <span class='ocrx_word' id='word_1_695' title='bbox 1093 4782 1209 4834; x_wconf 83' lang='lat' dir='ltr'>KB&#39;.</span> <span class='ocrx_word' id='word_1_696' title='bbox 1847 4777 1890 4832; x_wconf 81' lang='grc' dir='ltr'>Ι)</span> 
     </span>
    </p>
   </div>
   <div class='ocr_carea' id='block_1_98' title="bbox 212 4888 1814 4968">
    <p class='ocr_par' dir='ltr' id='par_1_98' title="bbox 212 4888 1814 4968">
     <span class='ocr_line' id='line_1_98' title="bbox 212 4888 1814 4968; baseline -0.006 -22"><span class='ocrx_word' id='word_1_697' title='bbox 212 4896 370 4968; x_wconf 85' lang='grc' dir='ltr'>Περὶ</span> <span class='ocrx_word' id='word_1_698' title='bbox 433 4899 546 4953; x_wconf 83' lang='grc' dir='ltr'>τῆς</span> <span class='ocrx_word' id='word_1_699' title='bbox 584 4891 890 4968; x_wconf 73' lang='grc' dir='ltr'>αἱρέσεως</span> <span class='ocrx_word' id='word_1_700' title='bbox 935 4893 1269 4968; x_wconf 70' lang='grc' dir='ltr'>Μοντανοῡ</span> <span class='ocrx_word' id='word_1_701' title='bbox 1301 4906 1313 4918; x_wconf 91' lang='grc'><strong>·</strong></span> <span class='ocrx_word' id='word_1_702' title='bbox 1371 4888 1515 4948; x_wconf 81' lang='grc' dir='ltr'>ἣτις</span> <span class='ocrx_word' id='word_1_703' title='bbox 1555 4888 1814 4958; x_wconf 86' lang='grc' dir='ltr'>αἰρεσις</span> 
     </span>
    </p>
   </div>
   <div class='ocr_carea' id='block_1_99' title="bbox 575 4960 1456 5034">
    <p class='ocr_par' dir='ltr' id='par_1_99' title="bbox 575 4960 1456 5034">
     <span class='ocr_line' id='line_1_99' title="bbox 575 4960 1456 5034; baseline -0.002 -20"><span class='ocrx_word' id='word_1_704' title='bbox 575 4960 738 5014; x_wconf 77' lang='grc' dir='ltr'>κατὰ</span> <span class='ocrx_word' id='word_1_705' title='bbox 775 4964 1020 5034; x_wconf 83' lang='grc' dir='ltr'>Φρύγας</span> <span class='ocrx_word' id='word_1_706' title='bbox 1059 4960 1456 5032; x_wconf 87' lang='grc' dir='ltr'>ὠνόμασται.</span> 
     </span>
    </p>
   </div>
   <div class='ocr_carea' id='block_1_100' title="bbox 2442 4773 3066 4845">
    <p class='ocr_par' dir='ltr' id='par_1_100' title="bbox 2442 4773 3066 4845">
     <span class='ocr_line' id='line_1_100' title="bbox 2442 4773 3066 4845; baseline -0.005 -15"><span class='ocrx_word' id='word_1_707' title='bbox 2442 4773 2620 4845; x_wconf 84' lang='lat'>319</span> <span class='ocrx_word' id='word_1_708' title='bbox 2654 4774 2879 4830; x_wconf 77' lang='lat' dir='ltr'>CAPUT</span> <span class='ocrx_word' id='word_1_709' title='bbox 2909 4776 3066 4830; x_wconf 86' lang='lat' dir='ltr'>xxu.</span> 
     </span>
    </p>
   </div>
   <div class='ocr_carea' id='block_1_101' title="bbox 1921 4878 3580 4952">
    <p class='ocr_par' dir='ltr' id='par_1_101' title="bbox 1921 4878 3580 4952">
     <span class='ocr_line' id='line_1_101' title="bbox 1921 4878 3580 4952; baseline -0.005 -14"><span class='ocrx_word' id='word_1_710' title='bbox 1921 4882 2010 4938; x_wconf 87' lang='lat' dir='ltr'>De</span> <span class='ocrx_word' id='word_1_711' title='bbox 2032 4881 2242 4937; x_wconf 69' lang='lat' dir='ltr'>haeresi</span> <span class='ocrx_word' id='word_1_712' title='bbox 2259 4880 2548 4945; x_wconf 76' lang='lat' dir='ltr'>Montani,</span> <span class='ocrx_word' id='word_1_713' title='bbox 2571 4897 2697 4952; x_wconf 75' lang='lat' dir='ltr'>quae</span> <span class='ocrx_word' id='word_1_714' title='bbox 2720 4881 2955 4951; x_wconf 83' lang='lat' dir='ltr'>quidem</span> <span class='ocrx_word' id='word_1_715' title='bbox 2983 4879 3218 4952; x_wconf 57' lang='lat' dir='ltr'>haresis</span> <span class='ocrx_word' id='word_1_716' title='bbox 3243 4878 3580 4952; x_wconf 72' lang='lat' dir='ltr'>Cataphry-</span> 
     </span>
    </p>
   </div>
   <div class='ocr_carea' id='block_1_102' title="bbox 1995 4950 3568 5034">
    <p class='ocr_par' dir='ltr' id='par_1_102' title="bbox 1995 4950 3568 5034">
     <span class='ocr_line' id='line_1_102' title="bbox 1995 4950 3568 5034; baseline -0.003 -26"><span class='ocrx_word' id='word_1_717' title='bbox 1995 4969 2120 5023; x_wconf 87' lang='lat' dir='ltr'>gas,</span> <span class='ocrx_word' id='word_1_718' title='bbox 2149 4954 2264 5034; x_wconf 80' lang='lat' dir='ltr'>_hoc_</span> <span class='ocrx_word' id='word_1_719' title='bbox 2292 4955 2394 5016; x_wconf 83' lang='lat' dir='ltr'>est,</span> <span class='ocrx_word' id='word_1_720' title='bbox 2428 4950 2764 5021; x_wconf 62' lang='lat' dir='ltr'>Phrygum,</span> <span class='ocrx_word' id='word_1_721' title='bbox 2792 4968 2892 5008; x_wconf 87' lang='lat' dir='ltr'>seu</span> <span class='ocrx_word' id='word_1_722' title='bbox 2930 4951 3242 5008; x_wconf 81' lang='lat' dir='ltr'>secundum</span> <span class='ocrx_word' id='word_1_723' title='bbox 3274 4950 3568 5020; x_wconf 79' lang='lat' dir='ltr'>Phryges,</span> 
     </span>
    </p>
   </div>
   <div class='ocr_carea' id='block_1_103' title="bbox 1993 5031 2367 5080">
    <p class='ocr_par' dir='ltr' id='par_1_103' title="bbox 1993 5031 2367 5080">
     <span class='ocr_line' id='line_1_103' title="bbox 1993 5031 2367 5080; baseline -0.008 0"><span class='ocrx_word' id='word_1_724' title='bbox 1993 5031 2367 5080; x_wconf 72' lang='lat' dir='ltr'>nominatur.</span> 
     </span>
    </p>
   </div>
   <div class='ocr_carea' id='block_1_104' title="bbox 285 5128 1788 5206">
    <p class='ocr_par' dir='ltr' id='par_1_104' title="bbox 285 5130 1787 5206">
     <span class='ocr_line' id='line_1_104' title="bbox 285 5130 1787 5206; baseline -0.006 -14"><span class='ocrx_word' id='word_1_725' title='bbox 285 5140 348 5192; x_wconf 79' lang='grc' dir='ltr'>Ὀ</span> <span class='ocrx_word' id='word_1_726' title='bbox 405 5135 465 5191; x_wconf 76' lang='grc' dir='ltr'>δε</span> <span class='ocrx_word' id='word_1_727' title='bbox 511 5140 776 5198; x_wconf 87' lang='grc' dir='ltr'>Μοντανὸς</span> <span class='ocrx_word' id='word_1_728' title='bbox 826 5135 926 5188; x_wconf 81' lang='grc' dir='ltr'>ἀπὸ</span> <span class='ocrx_word' id='word_1_729' title='bbox 975 5142 1155 5206; x_wconf 81' lang='grc' dir='ltr'>κώμης</span> <span class='ocrx_word' id='word_1_730' title='bbox 1207 5130 1451 5206; x_wconf 78' lang='grc' dir='ltr'>Ἀρδαϐὰ</span> <span class='ocrx_word' id='word_1_731' title='bbox 1499 5133 1787 5204; x_wconf 80' lang='grc' dir='ltr'>καλουμένη</span> 
     </span>
    </p>
   </div>
   <div class='ocr_carea' id='block_1_105' title="bbox 1900 5128 3583 5206">
    <p class='ocr_par' dir='ltr' id='par_1_105' title="bbox 1996 5128 3583 5200">
     <span class='ocr_line' id='line_1_105' title="bbox 1996 5128 3583 5200; baseline -0.003 -13"><span class='ocrx_word' id='word_1_732' title='bbox 1996 5135 2307 5187; x_wconf 86' lang='lat' dir='ltr'>Montanus</span> <span class='ocrx_word' id='word_1_733' title='bbox 2340 5134 2560 5188; x_wconf 82' lang='lat' dir='ltr'>autem.</span> <span class='ocrx_word' id='word_1_734' title='bbox 2590 5129 2723 5184; x_wconf 91' lang='lat' dir='ltr'>vico</span> <span class='ocrx_word' id='word_1_735' title='bbox 2771 5128 3035 5200; x_wconf 91' lang='lat' dir='ltr'>quodam</span> <span class='ocrx_word' id='word_1_736' title='bbox 3083 5128 3181 5183; x_wconf 90' lang='lat' dir='ltr'>cui</span> <span class='ocrx_word' id='word_1_737' title='bbox 3222 5143 3446 5184; x_wconf 89' lang='lat' dir='ltr'>nomen</span> <span class='ocrx_word' id='word_1_738' title='bbox 3487 5131 3583 5182; x_wconf 90' lang='lat' dir='ltr'>ast</span> 
     </span>
    </p>
   </div>
   <div class='ocr_carea' id='block_1_106' title="bbox 221 5215 1788 5302">
    <p class='ocr_par' dir='ltr' id='par_1_106' title="bbox 221 5224 1786 5302">
     <span class='ocr_line' id='line_1_106' title="bbox 221 5224 1786 5302; baseline -0.003 -24"><span class='ocrx_word' id='word_1_739' title='bbox 221 5227 309 5293; x_wconf 84' lang='grc' dir='ltr'>ὢν,</span> <span class='ocrx_word' id='word_1_740' title='bbox 358 5237 451 5288; x_wconf 85' lang='grc' dir='ltr'>τῆς</span> <span class='ocrx_word' id='word_1_741' title='bbox 500 5229 636 5280; x_wconf 81' lang='grc' dir='ltr'>κατὰ</span> <span class='ocrx_word' id='word_1_742' title='bbox 687 5229 894 5302; x_wconf 73' lang='grc' dir='ltr'>Φρύγας</span> <span class='ocrx_word' id='word_1_743' title='bbox 963 5225 1230 5297; x_wconf 80' lang='grc' dir='ltr'>λεγομένης</span> <span class='ocrx_word' id='word_1_744' title='bbox 1283 5225 1525 5295; x_wconf 83' lang='grc' dir='ltr'>αἱρέσεως</span> <span class='ocrx_word' id='word_1_745' title='bbox 1583 5224 1786 5292; x_wconf 83' lang='grc' dir='ltr'>καθηγή</span> 
     </span>
    </p>
   </div>
   <div class='ocr_carea' id='block_1_107' title="bbox 1900 5215 3589 5302">
    <p class='ocr_par' dir='ltr' id='par_1_107' title="bbox 1923 5215 3589 5290">
     <span class='ocr_line' id='line_1_107' title="bbox 1923 5215 3589 5290; baseline -0.002 -16"><span class='ocrx_word' id='word_1_746' title='bbox 1923 5220 2161 5276; x_wconf 87' lang='lat' dir='ltr'>Ardaba</span> <span class='ocrx_word' id='word_1_747' title='bbox 2215 5224 2396 5284; x_wconf 91' lang='lat' dir='ltr'>ortus,</span> <span class='ocrx_word' id='word_1_748' title='bbox 2464 5218 2742 5274; x_wconf 70' lang='lat' dir='ltr'>haeresim</span> <span class='ocrx_word' id='word_1_749' title='bbox 2789 5234 2924 5290; x_wconf 66' lang='lat' dir='ltr'>quas</span> <span class='ocrx_word' id='word_1_750' title='bbox 2973 5218 3187 5274; x_wconf 91' lang='lat' dir='ltr'>dicitur</span> <span class='ocrx_word' id='word_1_751' title='bbox 3245 5215 3589 5272; x_wconf 90' lang='lat' dir='ltr'>secundum</span> 
     </span>
    </p>
   </div>
   <div class='ocr_carea' id='block_1_108' title="bbox 224 5303 1788 5391">
    <p class='ocr_par' dir='ltr' id='par_1_108' title="bbox 224 5311 1788 5391">
     <span class='ocr_line' id='line_1_108' title="bbox 224 5311 1788 5391; baseline -0.004 -23"><span class='ocrx_word' id='word_1_752' title='bbox 224 5333 374 5374; x_wconf 90' lang='grc' dir='ltr'>σατο.</span> <span class='ocrx_word' id='word_1_753' title='bbox 432 5320 641 5391; x_wconf 83' lang='grc' dir='ltr'>Οἷστρῳ</span> <span class='ocrx_word' id='word_1_754' title='bbox 682 5318 782 5390; x_wconf 79' lang='grc' dir='ltr'>γὰρ</span> <span class='ocrx_word' id='word_1_755' title='bbox 825 5318 1126 5389; x_wconf 80' lang='grc' dir='ltr'>φιλαρχίας,</span> <span class='ocrx_word' id='word_1_756' title='bbox 1173 5319 1261 5366; x_wconf 86' lang='grc' dir='ltr'>καὶ</span> <span class='ocrx_word' id='word_1_757' title='bbox 1309 5313 1526 5384; x_wconf 77' lang='grc' dir='ltr'>οἰήματι</span> <span class='ocrx_word' id='word_1_758' title='bbox 1556 5311 1788 5384; x_wconf 87' lang='grc' dir='ltr'>φιλοπρω</span> 
     </span>
    </p>
   </div>
   <div class='ocr_carea' id='block_1_109' title="bbox 1900 5303 3592 5391">
    <p class='ocr_par' dir='ltr' id='par_1_109' title="bbox 1923 5303 3592 5381">
     <span class='ocr_line' id='line_1_109' title="bbox 1923 5303 3592 5381; baseline -0.004 -17"><span class='ocrx_word' id='word_1_759' title='bbox 1923 5309 2189 5381; x_wconf 85' lang='lat' dir='ltr'>Phrygas</span> <span class='ocrx_word' id='word_1_760' title='bbox 2233 5307 2502 5363; x_wconf 89' lang='lat' dir='ltr'>invenit:</span> <span class='ocrx_word' id='word_1_761' title='bbox 2545 5312 2600 5363; x_wconf 91' lang='lat' dir='ltr'>et</span> <span class='ocrx_word' id='word_1_762' title='bbox 2655 5307 2980 5363; x_wconf 89' lang='lat' dir='ltr'>ambitione</span> <span class='ocrx_word' id='word_1_763' title='bbox 3019 5307 3264 5362; x_wconf 87' lang='lat' dir='ltr'>honoris</span> <span class='ocrx_word' id='word_1_764' title='bbox 3291 5312 3472 5378; x_wconf 87' lang='lat' dir='ltr'>atque</span> <span class='ocrx_word' id='word_1_765' title='bbox 3502 5303 3592 5358; x_wconf 91' lang='lat' dir='ltr'>di-</span> 
     </span>
    </p>
   </div>
   <div class='ocr_carea' id='block_1_110' title="bbox 223 5394 1788 5479">
    <p class='ocr_par' dir='ltr' id='par_1_110' title="bbox 223 5398 1787 5479">
     <span class='ocr_line' id='line_1_110' title="bbox 223 5398 1787 5479; baseline -0.003 -21"><span class='ocrx_word' id='word_1_766' title='bbox 223 5409 338 5468; x_wconf 81' lang='grc' dir='ltr'>τὶας</span> <span class='ocrx_word' id='word_1_767' title='bbox 413 5407 642 5479; x_wconf 65' lang='grc' dir='ltr'>σχεθείς,</span> <span class='ocrx_word' id='word_1_768' title='bbox 701 5404 882 5459; x_wconf 79' lang='grc' dir='ltr'>ἑαυτὸν</span> <span class='ocrx_word' id='word_1_769' title='bbox 961 5399 1147 5476; x_wconf 78' lang='grc' dir='ltr'>(βαϐαὶ</span> <span class='ocrx_word' id='word_1_770' title='bbox 1201 5413 1296 5465; x_wconf 86' lang='grc' dir='ltr'>τῆς</span> <span class='ocrx_word' id='word_1_771' title='bbox 1333 5402 1528 5455; x_wconf 82' lang='grc' dir='ltr'>ἀτόπου</span> <span class='ocrx_word' id='word_1_772' title='bbox 1574 5398 1787 5476; x_wconf 80' lang='grc' dir='ltr'>βλασφη</span> 
     </span>
    </p>
   </div>
   <div class='ocr_carea' id='block_1_111' title="bbox 1900 5394 3591 5479">
    <p class='ocr_par' dir='ltr' id='par_1_111' title="bbox 1923 5394 3591 5472">
     <span class='ocr_line' id='line_1_111' title="bbox 1923 5394 3591 5472; baseline -0.003 -17"><span class='ocrx_word' id='word_1_773' title='bbox 1923 5397 2163 5472; x_wconf 86' lang='lat' dir='ltr'>gnitatis</span> <span class='ocrx_word' id='word_1_774' title='bbox 2196 5396 2473 5470; x_wconf 89' lang='lat' dir='ltr'>percitus,</span> <span class='ocrx_word' id='word_1_775' title='bbox 2508 5401 2564 5452; x_wconf 92' lang='lat' dir='ltr'>et</span> <span class='ocrx_word' id='word_1_776' title='bbox 2602 5395 2952 5466; x_wconf 86' lang='lat' dir='ltr'>arrogantia</span> <span class='ocrx_word' id='word_1_777' title='bbox 2992 5394 3438 5468; x_wconf 87' lang='lat' dir='ltr'>cupiditateque</span> <span class='ocrx_word' id='word_1_778' title='bbox 3472 5395 3591 5467; x_wconf 91' lang='lat' dir='ltr'>pri-</span> 
     </span>
    </p>
   </div>
   <div class='ocr_carea' id='block_1_112' title="bbox 228 5555 1788 5640">
    <p class='ocr_par' dir='ltr' id='par_1_112' title="bbox 228 5556 1788 5640">
     <span class='ocr_line' id='line_1_112' title="bbox 228 5556 1788 5640; baseline 0.001 -27"><span class='ocrx_word' id='word_1_779' title='bbox 228 5570 237 5598; x_wconf 81' lang='grc' dir='ltr'>τ</span> <span class='ocrx_word' id='word_1_780' title='bbox 301 5563 383 5640; x_wconf 78' lang='grc'>(1)</span> <span class='ocrx_word' id='word_1_781' title='bbox 407 5561 541 5619; x_wconf 84' lang='grc' dir='ltr'>Καθ’</span> <span class='ocrx_word' id='word_1_782' title='bbox 571 5562 796 5621; x_wconf 70' lang='grc' dir='ltr'>ἑκάστην</span> <span class='ocrx_word' id='word_1_783' title='bbox 819 5560 1057 5633; x_wconf 83' lang='lat' dir='ltr'>Niceph.</span> <span class='ocrx_word' id='word_1_784' title='bbox 1083 5567 1303 5632; x_wconf 64' lang='grc' dir='ltr'>μῆνιαῖά</span> <span class='ocrx_word' id='word_1_785' title='bbox 1331 5556 1578 5639; x_wconf 83' lang='grc' dir='ltr'>δηνάρια,</span> <span class='ocrx_word' id='word_1_786' title='bbox 1607 5559 1721 5618; x_wconf 85' lang='lat' dir='ltr'>hoc</span> <span class='ocrx_word' id='word_1_787' title='bbox 1748 5575 1788 5617; x_wconf 88' lang='lat' dir='ltr'>e:</span> 
     </span>
    </p>
   </div>
   <div class='ocr_carea' id='block_1_113' title="bbox 1900 5555 3068 5640">
    <p class='ocr_par' dir='ltr' id='par_1_113' title="bbox 1900 5555 3068 5632">
     <span class='ocr_line' id='line_1_113' title="bbox 1900 5555 3068 5632; baseline -0.003 -16"><span class='ocrx_word' id='word_1_788' title='bbox 1900 5562 2241 5617; x_wconf 79' lang='lat' dir='ltr'>nenstmos.</span> <span class='ocrx_word' id='word_1_789' title='bbox 2268 5555 2508 5632; x_wconf 81' lang='lat' dir='ltr'>(Euseb.</span> <span class='ocrx_word' id='word_1_790' title='bbox 2540 5556 2647 5616; x_wconf 91' lang='lat' dir='ltr'>lib.</span> <span class='ocrx_word' id='word_1_791' title='bbox 2677 5571 2735 5626; x_wconf 83' lang='lat' dir='ltr'>v,</span> <span class='ocrx_word' id='word_1_792' title='bbox 2771 5572 2908 5632; x_wconf 88' lang='lat' dir='ltr'>cap.</span> <span class='ocrx_word' id='word_1_793' title='bbox 2938 5555 3068 5632; x_wconf 90' lang='lat' dir='ltr'>ult.)</span> 
     </span>
    </p>
   </div>
   <div class='ocr_carea' id='block_1_114' title="bbox 520 5655 3299 5721">
    <p class='ocr_par' dir='ltr' id='par_1_114' title="bbox 520 5655 3299 5721">
     <span class='ocr_line' id='line_1_114' title="bbox 520 5655 3299 5721; baseline -0.004 -3"><span class='ocrx_word' id='word_1_794' title='bbox 520 5664 757 5719; x_wconf 69' lang='lat' dir='ltr'>Punct.</span> <span class='ocrx_word' id='word_1_795' title='bbox 802 5663 903 5719; x_wconf 78' lang='lat' dir='ltr'>Gn.</span> <span class='ocrx_word' id='word_1_796' title='bbox 945 5661 1142 5721; x_wconf 78' lang='lat' dir='ltr'><strong>CXLV.</strong></span> <span class='ocrx_word' id='word_1_797' title='bbox 3227 5655 3299 5720; x_wconf 81' lang='lat'><strong>33</strong></span> 
     </span>
    </p>
   </div>
  </div>
