4036 6288
527 258 549 312 1
559 255 668 314 035

523 397 726 454 matus
755 386 1146 447 transversim
1171 388 1340 442 actus
1368 384 1426 456 (ο
1454 384 1781 442 absurdam
1809 391 1866 442 et
1903 387 2184 458 importu-

523 501 668 543 nam
717 477 1157 552 blasphemiam
1192 475 1239 546 l)
1279 475 1645 531 Paracletum
1695 491 1756 530 se
1807 481 1864 532 et
1909 477 2181 532 divinum

525 574 807 648 Spiritum
847 566 1201 625 nominavit.
1250 564 1618 620 Mulierculas
1671 565 1846 632 duas,
1893 566 2179 637 conjuges

525 681 691 727 suas,
722 657 1044 718 Priscillam
1077 662 1132 710 et
1161 654 1562 719 Maximillam,
1596 655 2004 727 prophetissas
2037 671 2177 711 suas

521 752 778 816 vocavit,
806 761 1136 818 earumque
1169 745 1388 816 scripta
1417 745 1798 816 propheticos
1833 745 2016 800 libros
2045 761 2176 800 esse

520 844 686 901 dixit.
716 839 970 908 Maligno
1001 839 1196 890 autem
1245 834 1445 904 spiritu
1475 832 1710 904 plenus,
1741 834 1909 889 sicuti
1942 839 1997 889 et
2038 833 2175 892 duae

519 933 634 989 illae
666 929 961 992 mulieres,
1002 939 1161 979 nova
1218 921 1498 993 quaedam
1527 927 1583 977 et
1624 922 1942 978 insolentia
1979 923 2174 979 dicere

521 1022 718 1094 erepit,
761 1016 1000 1074 insania
1049 1016 1276 1084 aperte,
1309 1016 1364 1066 et
1418 1012 1765 1066 daemonum
1805 1013 2170 1083 intemperiis

521 1116 710 1169 actus.
743 1110 1035 1165 Caeterum
1075 1107 1138 1156 ut
1163 1100 1532 1156 adulterinus
1570 1100 1663 1155 ille
1701 1101 1942 1172 spiritus
1989 1101 2171 1158 ﬁdem

520 1201 630 1258 sibi
663 1200 923 1272 pararet,
947 1191 1228 1265 quaedam
1247 1205 1352 1260 per
1373 1189 1524 1255 illos,
1548 1191 1904 1260 conjecturis
1935 1190 2168 1258 ductus,

516 1288 886 1365 praedicebat
914 1288 971 1338 et
999 1279 1332 1347 divinabat,
1359 1278 1652 1334 seducens
1683 1280 2027 1352 plerosque,
2055 1285 2111 1337 et
2136 1298 2173 1338 a

519 1383 682 1438 recta
747 1376 844 1431 via
909 1375 1202 1436 avertens,
1259 1368 1852 1440 promissionumque
1917 1371 2170 1426 tumenti

517 1464 934 1538 magnitudine
973 1459 1214 1523 inﬂans,
1245 1457 1578 1528 beatosque
1619 1473 1722 1513 eos
1753 1461 2168 1529 pronuntians,

516 1558 620 1630 qui
651 1556 726 1612 de
752 1570 812 1609 se
835 1543 1110 1624 quamvis
1138 1545 1425 1613 absurde,
1458 1545 1776 1613 magniﬁce
1807 1552 2007 1602 tamen
2037 1564 2169 1603 sen-

517 1647 716 1702 tirent.
771 1646 899 1699 Non
953 1635 1281 1696 admodum
1315 1640 1514 1690 tamen
1544 1635 1711 1690 multi
1737 1652 1806 1690 ex
1837 1637 2165 1708 Phrygibus

1848 251 2241 309 NICEPHORI
2283 250 2604 309 CALLISTI

3748 253 3860 310 {036

2214 386 2260 440 Α
2293 391 2414 458 μίας
2473 386 2516 455 ι)
2559 386 2900 458 Παράκλητον
2975 392 3065 440 καὶ
3146 389 3280 440 θεῖον
3363 393 3573 461 Πνεῦμα
3628 387 3866 459 ὠνόμασε·

2291 479 2390 528 Δύο
2439 472 2490 528 δ’
2521 478 2657 547 ἔχων
2703 482 2974 547 γυναῖκας,
3027 475 3348 549 Πρισκίλλαν
3416 482 3507 529 καὶ
3558 476 3867 548 Μαξιμίλλαν

2289 569 2468 633 ὄνομα,
2549 568 2638 626 τὰς
2718 565 2902 617 ἐαυτοῦ
2977 573 3233 637 γυναῖκας
3311 563 3649 640 προφήτιδας
3706 567 3867 621 ἑαυτοῦ

2285 658 2682 728 προσηγόρευσε
2714 671 2727 684 ⁶
2787 659 2877 706 καὶ
2933 657 2999 706 τὰ
3054 653 3256 708 ἐκείνων
3312 658 3710 729 συγγράμματα
3763 677 3870 730 προ-

2286 746 2504 812 φητικὰς
2560 741 2768 816 βίϐλους
2819 742 3006 796 ἐκάλει.
3061 751 3299 819 Πονηροῦ
3369 742 3428 797 δε
3493 744 3706 819 πλήρης
3747 752 3872 816 γινό-

2283 852 2432 905 μενος
2486 835 2796 904 πνεύματος,
2858 832 3241 905 παραπλησίως
3293 830 3354 886 δε
3399 838 3490 886 καὶ
3539 834 3598 886 αἱ
3651 829 3746 886 δύο
3789 856 3871 906 γυ-

2282 929 2467 985 ναῖκες,
2521 921 2638 983 ξένα
2689 924 2804 973 τινὰ
2856 920 3019 992 λέγειν
3065 926 3388 994 κατήρχετο,
3459 925 3746 975 ἐνθουσιῶν
3799 926 3872 976 ἆν-

2283 1030 2465 1083 τικρυς
2517 1014 2606 1062 καὶ
2657 1007 3073 1082 διαφαινόμενος.
3128 1009 3239 1064 Ἵνα
3295 1009 3354 1064 δὲ
3409 1015 3466 1064 τὸ
3525 1015 3680 1065 νόθον
3730 1012 3871 1066 ἐκεῖνο

2283 1107 2482 1172 πνεῦμα
2538 1102 2727 1151 πιστὸν
2774 1097 2928 1172 δοκῇ,
2961 1105 3051 1152 καί
3108 1120 3224 1153 τινα
3271 1101 3520 1175 προύλεγε
3577 1098 3654 1154 δι’
3688 1105 3872 1155 ἐκείνων

2285 1197 2670 1260 στοχαστικῶς,
2724 1189 2988 1251 ἐξαπατῶν
3043 1192 3128 1242 καὶ
3193 1197 3288 1251 τῆς
3345 1190 3544 1251 εὐθείας
3610 1197 3872 1265 παρεκτρίο

2667 1277 2982 1350 ἐπαγγελιῶν
3068 1283 3208 1350 ὄγκῳ
3289 1283 3584 1353 μακαρίζον
3655 1289 3777 1342 τοῦς

3405 1369 3576 1440 ὀλίγοι
3634 1367 3700 1422 δε
3754 1368 3870 1430 ἦσαν

2280 1297 2375 1330 πον
2440 1274 2588 1343 ὁδοῦ,

2281 1367 2418 1438 αὐτῷ
2473 1373 2883 1440 χαυνουμένους,
2940 1372 3030 1420 καὶ
3077 1376 3298 1441 φυσιοῠν
3332 1387 3344 1399 ·

2278 1465 2378 1508 τῶν
2430 1463 2643 1532 Φρυγῶν
2685 1459 2734 1509 οἱ
2790 1457 3191 1529 ἐξηπατημένοι.
3244 1463 3348 1517 Τὴν
3402 1455 3462 1511 δε
3511 1460 3751 1511 καθόλου
3797 1467 3871 1513 καὶ

2278 1553 2453 1599 πᾶσαν
2511 1552 2604 1605 τὴν
2660 1548 2749 1599 ὑπ’
2798 1547 3015 1618 οὐρανὸν
3063 1546 3378 1605 Ἐκκλησίαν
3447 1547 3870 1622 ἀπηρυθριασμέ-

2277 1656 2374 1698 νως
2451 1632 2747 1688 διαϐάλλειν
2811 1640 2871 1688 τὸ
2937 1633 3144 1696 ἀναιδὲς
3206 1637 3302 1688 οὐκ
3385 1637 3608 1690 ἐπαύετο
3664 1645 3867 1710 πνεῦμα.

517 1735 699 1799 fuere,
732 1731 835 1805 qui
865 1729 942 1785 ab
981 1743 1052 1783 eo
1082 1728 1250 1781 erant
1273 1723 1522 1778 seducti.
1559 1723 1960 1779 Universalem
1987 1741 2157 1796 porro

2274 1728 2478 1786 Ταύτης
2532 1722 2591 1778 δὲ
2644 1723 3119 1801 διαθρυλληθείσης
3173 1728 3439 1799 αἱρέσεως,
3493 1730 3543 1783 οἱ
3605 1731 3745 1781 κατὰ
3791 1734 3869 1786 τὴν

517 1829 573 1880 et
599 1839 736 1896 quae
768 1819 884 1875 sub
915 1815 1063 1872 caelo
1090 1819 1178 1870 est
1209 1812 1526 1868 Ecclesiam
1565 1828 1830 1878 omnem,
1863 1814 2028 1868 omni
2059 1831 2166 1885 pu-

516 1913 662 1970 dore
682 1911 936 1980 abjecto,
960 1901 1520 1976 impudentissimus
1549 1901 1642 1956 ille
1665 1901 1902 1958 daemon
1935 1903 2166 1959 calum-

514 2002 632 2059 niis
681 1994 1065 2071 proscindere
1111 2007 1233 2047 non
1274 1990 1546 2046 cessavit.
1586 1993 1668 2046 Ea
1695 1991 1908 2047 haeresi
1939 1995 2162 2064 passim

513 2090 781 2160 vulgata,
815 2085 917 2158 qui
949 2084 1008 2139 in
1048 2081 1185 2136 Asia
1217 2080 1381 2134 fuere
1421 2079 1628 2134 ﬁdeles
1669 2097 1826 2151 saepe
1865 2081 2066 2138 multis
2103 2083 2163 2138 in

516 2180 661 2237 locis
677 2173 937 2248 regionis
954 2173 1086 2245 ejus
1108 2174 1437 2226 conventus
1461 2183 1654 2238 egere,
1673 2185 1878 2225 recens
1896 2177 2163 2227 exortam

511 2267 1015 2343 peregrinamque
1040 2259 1406 2331 inquirentes
1434 2258 1767 2313 doctrinam
1797 2277 1810 2311 :
1841 2265 1896 2314 et
1921 2261 2163 2316 tandem

515 2362 739 2415 sectam
767 2369 922 2419 eam,
954 2355 1020 2405 ut
1046 2348 1300 2419 impiam
1344 2351 1401 2402 et
1449 2348 1881 2403 exsccrandam
1914 2349 2166 2404 damna-

513 2453 659 2513 tam,
688 2462 720 2501 e
767 2441 1062 2500 catholica
1091 2437 1352 2494 Ecclesia
1383 2437 1702 2506 ejecerunt,
1735 2442 1912 2509 atque
1941 2454 1976 2493 a
2005 2455 2165 2494 com-

513 2535 802 2593 munione
851 2527 1264 2603 propulerunt.
1320 2524 1480 2579 idem
1518 2527 1823 2581 Montanus
1867 2542 2164 2584 novorum

515 2638 759 2699 quoque
808 2619 1196 2692 jejuniorum,
1237 2620 1450 2686 praeter
1489 2614 1756 2669 Ecclesiae
1791 2620 2167 2675 consuetudi-

510 2731 676 2780 nem,
717 2715 926 2767 auctor
963 2706 1092 2763 fuit:
1152 2703 1305 2760 etde
1351 2703 1651 2758 solvendis
1703 2703 2164 2780 dirimendisque

515 2801 812 2874 conjugiis
852 2798 1043 2866 legem
1085 2793 1238 2850 tulit.
1271 2794 1350 2848 De
1392 2792 1596 2847 divina
1634 2798 1833 2848 autem
1864 2796 2160 2864 Trinitate,

514 2898 573 2949 et
603 2888 812 2947 mundi
843 2885 1139 2942 creatione
1167 2882 1376 2938 eadem
1410 2881 1725 2937 nobiscum
1756 2882 1978 2938 docuit.
2008 2889 2160 2942 Non-

514 2979 664 3037 nulli
704 2983 906 3033 tamen
933 2990 1005 3029 ex
1052 2969 1444 3027 sectatoribus
1470 2971 1597 3040 ejus
1625 2976 1832 3042 postea
1867 2979 1985 3028 tres
2019 2975 2162 3031 divi-

517 3069 720 3126 nitatis
778 3061 1204 3120 subsistentias
1260 3075 1449 3114 unum
1509 3075 1637 3114 esse
1689 3065 1824 3115 sunt
1874 3065 2100 3133 opinati
2143 3085 2155 3124 :

514 3156 799 3215 eumdem
829 3168 960 3210 esse
1013 3152 1273 3214 Patrem,
1338 3153 1392 3204 et
1453 3148 1683 3216 Filium,
1761 3155 1817 3205 et
1878 3152 2156 3223 Spiritum

511 3251 811 3311 sanctum,
847 3243 1112 3298 dicentes
1143 3257 1157 3294 :
1196 3238 1351 3293 unde
1383 3237 1558 3292 etiam
1603 3238 1923 3294 Sabellium
1955 3241 2158 3298 Afrum

509 3335 806 3410 principia
830 3330 1078 3388 haeresis
1101 3344 1223 3383 suae
1255 3327 1585 3398 sumpsisse
1614 3326 1828 3383 ferunt.
1854 3331 2029 3386 Porro
2055 3332 2159 3404 qui

506 3423 768 3484 Montani
795 3419 1178 3490 disciplinam
1208 3416 1390 3472 secuti
1415 3422 1570 3481 sunt,
1596 3417 1961 3474 Montanistae
1979 3420 2057 3476 ab
2086 3437 2157 3476 eo

507 3515 816 3572 dicuntur.
858 3509 1118 3565 Vocatur
1150 3522 1393 3578 quoque
1444 3506 1875 3577 Cataphrygas,
1911 3525 2015 3564 seu
2069 3525 2157 3566 se-

507 3603 778 3662 cundum
830 3599 1096 3670 Phryges
1134 3596 1406 3660 haeresis,
1443 3593 1522 3649 ab
1551 3596 1680 3666 ipsa
1707 3602 1878 3665 gente
1911 3598 2151 3654 scilicet.

506 3691 898 3765 Appellantur
967 3687 1145 3741 etiam
1204 3684 1522 3756 Pepuziani
1589 3700 1626 3739 a
1690 3685 1821 3740 vico
1861 3688 2152 3759 quodam,

501 3798 684 3856 quem
737 3779 830 3834 ille
883 3775 1214 3832 Jerusalem
1261 3789 1472 3829 vocare
1521 3773 1728 3829 solitus
1782 3780 1931 3831 erat.
1974 3776 2153 3850 320

497 3869 770 3927 Priscillae
822 3882 964 3922 vero
1020 3869 1078 3920 et
1113 3863 1446 3920 Maximillae
1501 3863 1875 3934 prophetiam
1934 3865 2050 3921 ﬁde
2094 3874 2150 3924 et

2275 1814 2461 1871 Ἀσίαν
2513 1819 2698 1867 πιστοὶ
2732 1815 2982 1877 πολλάκις
3032 1821 3119 1868 καὶ
3175 1816 3446 1887 πολλαχοῦ
3497 1825 3601 1879 τῆς
3650 1817 3872 1871 Ἀσιατι-

2276 1899 2364 1964 δος
2407 1911 2504 1974 γῆς
2563 1904 2838 1970 συνῆλθον,
2894 1908 3012 1965 τοὺς
3078 1907 3414 1977 προσφάτους
3455 1911 3547 1958 καὶ
3609 1906 3872 1979 ξενοφονεῖς

2274 1993 2591 2055 ἐξετάζοντες
2671 1992 2872 2064 λόγους.
2929 1999 3034 2052 Τὴν
3090 2002 3216 2066 γοῦν
3291 1995 3492 2068 αἰρεσιν
3549 1993 3868 2068 ἆποδοκιμά·

2278 2102 2473 2150 σαντες,
2545 2085 2612 2144 ὡς
2673 2080 2890 2156 βέϐηλον
2950 2087 3040 2135 καὶ
3089 2086 3352 2158 μυσαρὰν,
3426 2093 3520 2145 τῆς
3601 2086 3868 2146 καθολικῆς

2274 2171 2589 2234 Ἐκκλησίας
2663 2172 2907 2236 ἐξέωσαν,
2961 2177 3051 2225 καὶ
3105 2181 3201 2234 τῆς
3282 2179 3554 2237 κοινωνίας
3608 2174 3860 2248 ἆπείρξαν.

2272 2259 2330 2313 Ὀ
2363 2257 2415 2313 δ’
2463 2261 2618 2321 αὐτὸς
2658 2265 2922 2323 Μοντανός
2965 2266 3054 2314 καὶ
3085 2267 3392 2336 καινοτέρων
3429 2273 3690 2322 νηστειῶν
3740 2268 3862 2339 παρὰ

2273 2353 2332 2401 τὸ
2371 2357 2466 2412 τῆς
2511 2349 2822 2413 Ἐκκλησίας
2875 2353 2984 2411 ἔθος
3042 2350 3329 2422 εἰσηγητὴς
3378 2356 3551 2423 γέγονε
3586 2369 3601 2381 ·
3652 2350 3860 2406 διαλύειν

2274 2457 2328 2492 τε
2364 2443 2482 2500 τοὺς
2536 2442 2736 2512 γάμους
2789 2439 3093 2511 ἐνομοθέτει.
3148 2445 3248 2494 Τόν
3312 2438 3370 2494 δὲ
3425 2448 3546 2516 περὶ
3596 2452 3696 2505 τῆς
3741 2445 3858 2505 θείας

2272 2526 2502 2602 Τριάδος
2541 2529 2688 2602 λόγον
2720 2534 2808 2582 καὶ
2837 2533 2904 2582 τὰ
2950 2535 3068 2604 περὶ
3111 2539 3203 2591 τῆς
3245 2538 3337 2583 τοῦ
3376 2536 3585 2603 κόσμου
3625 2529 3854 2604 δημιουρ-

2272 2623 2389 2690 γίας
2420 2618 2606 2681 ἐπίσης
2659 2621 2783 2690 ἡμῖν
2830 2616 3170 2691 ἐδογμάτιζε.
3218 2624 3358 2680 Τινὲς
3392 2617 3454 2673 δὲ
3501 2630 3609 2673 τῶν
3643 2623 3697 2684 ἐξ
3718 2621 3848 2673 αὐτοῦ

2273 2710 2323 2769 ἐς
2378 2708 2588 2782 ὕστερον
2639 2711 2732 2771 τὰς
2812 2717 2948 2781 τρεῖς
3005 2718 3095 2770 τῆς
3155 2711 3400 2772 θεότητος
3449 2711 3765 2772 ὑποστάσεις
3806 2710 3844 2762 ἓν

2273 2794 2402 2850 εἶναι
2449 2794 2724 2863 ἐδόξασαν,
2781 2801 2867 2849 τὸν
2899 2797 3053 2850 αὐτὸν
3083 2797 3315 2869 λέγοντες
3343 2794 3477 2851 εἶναι
3533 2806 3630 2853 καὶ
3673 2805 3841 2872 Πατέρα

2271 2891 2361 2938 καὶ
2408 2889 2526 2939 Υἱὸν
2578 2891 2668 2938 καὶ
2717 2887 2865 2958 ἅγιον
2926 2894 3134 2959 Πνεῦμα
3166 2908 3182 2921 -
3240 2887 3293 2950 ἐξ
3337 2889 3404 2938 ὧν
3455 2908 3594 2959 φασι
3657 2893 3729 2940 καὶ
3763 2892 3829 2939 τόν

2271 2974 2436 3029 Λίϐυν
2492 2975 2758 3028 Σαϐἐλλιον
2797 2979 2891 3039 τὰς
2927 2984 3022 3037 τῆς
3076 2979 3317 3050 αἱρέσεως
3365 2976 3547 3050 ἀρχὰς
3601 2978 3814 3048 ἐκκαοιή

2201 3085 2240 3140 C
2273 3067 2415 3119 σθαι.
2461 3067 2527 3117 Οἱ
2559 3062 2617 3118 δὲ
2647 3073 2737 3126 τῆς
2773 3065 2872 3118 ὄιπὸ
2903 3073 2995 3118 τοῦ
3025 3072 3292 3119 Μοντανοῦ
3324 3062 3669 3126 διδασκαλίας
3697 3065 3810 3136 ἐξερ-

2269 3159 2479 3225 τημένοι
2550 3154 2828 3208 καλοῦνται
2901 3158 2993 3227 μεν
3043 3153 3144 3207 ἀπὸ
3219 3158 3406 3208 τούτου
3472 3158 3812 3210 Μονταιισταί·

2265 3243 2544 3295 καλοῦνται
2619 3239 2676 3295 δὲ
2741 3249 2833 3296 καὶ
2885 3246 3018 3296 κατὰ
3088 3246 3294 3317 Φρύγας
3362 3245 3568 3318 αἵρεσις
3629 3245 3824 3298 ἀπὸτοῦ

2266 3335 2442 3394 ἔθνους
2471 3350 2484 3362 °
2545 3336 2895 3395 Πεπουζιανοὶ
2938 3330 2996 3385 δὲ
3035 3332 3136 3385 ἀπὸ
3184 3343 3275 3394 τῆς
3323 3339 3529 3406 κώμης,
3585 3338 3646 3392 ἦν
3687 3334 3838 3407 Ἰερου-

2267 3423 2442 3494 σαλὴμ
2484 3422 2674 3486 ἐκεῖνος
2721 3424 3002 3496 ὠνόμασεν.
3045 3426 3114 3479 Αἰ
3165 3421 3222 3477 δὲ
3275 3433 3370 3487 τῆς
3416 3426 3735 3497 Πρισκίλλης
3770 3427 3845 3476 καὶ

2264 3512 2592 3584 Μαξιμίλλης
2649 3520 2960 3587 προφητεῖαι
3013 3513 3139 3586 ὑπὲρ
3217 3514 3275 3566 τό
3360 3515 3496 3566 θεῖον
3553 3515 3844 3587 Etim/7:1":

2263 3603 2386 3674 παρ’
2426 3602 2606 3664 αὐτοῖς
2664 3611 2938 3674 τιμῶνται.
2990 3607 3116 3676 Περί
3169 3621 3227 3674 γι
3281 3606 3385 3674 μὴν
3429 3612 3531 3656 τῶν
3588 3604 3638 3656 ἐν
3693 3603 3846 3662 αὐτοῖς

2264 3697 2569 3766 μυστηρίων
2616 3695 2746 3752 τινες
2789 3695 2878 3760 μὲν
2929 3692 3208 3766 θρυλλοῦσί
3252 3711 3372 3745 τινα
3407 3708 3420 3720 ⁶
3483 3692 3671 3746 ἐκεῖνοι
3699 3691 3754 3746 δὲ
3795 3691 3842 3744 οὐ

2266 3781 2727 3853 συνομολογοῦσιν,
2783 3781 2912 3834 ἀλλὰ
2985 3785 3423 3855 πκόφαντεῖσθαι
3492 3779 3844 3859 διισχυρίζον·

2263 3889 2372 3922 ται.

495 3957 884 4018 veneratione
932 3958 1316 4010 sacrosancto
1366 3952 1689 4022 praeferunt
1740 3954 2081 4023 Evangelio.
2143 3959 2221 4012 De
2272 3958 2644 4030 quibusdam
2688 3974 2832 4014 sane
2863 3974 3069 4016 eorum
3097 3959 3400 4031 mysteriis
3429 3960 3707 4017 nonnulli
3737 3974 3843 4016 non

498 4063 698 4122 pauca
752 4043 1093 4116 vulgarunt,
1152 4058 1288 4114 quae
1340 4040 1423 4096 illi
1481 4056 1603 4096 non
1652 4048 2010 4112 agnoscunt,
2071 4046 2504 4118 sycophantice
2558 4063 2629 4103 ea
2679 4047 2968 4104 adversus
3027 4064 3090 4105 se
3147 4049 3487 4120 excogitata
3517 4065 3652 4107 esse
3703 4048 3841 4106 afﬁr-

501 4137 754 4192 mantes.

1093 4253 1323 4310 CAPUT
1352 4252 1541 4308 XXIII.

493 4366 583 4424 De
601 4368 643 4423 Α
651 4361 992 4440 ppollinam’
1009 4358 1402 4440 Hierapolim,
1418 4375 1545 4440 qua
1555 4358 1838 4440 isicontra
1859 4361 2148 4432 ejusmodi

1031 4433 1297 4490 haresim
1325 4433 1643 4502 scripserit.

563 4539 913 4598 Luculenter
957 4555 1122 4606 sane,
1148 4539 1209 4595 id
1240 4538 1405 4610 quod
1440 4543 1617 4594 antea
1641 4540 1974 4607 retulimus,
2004 4557 2146 4598 con-

491 4633 582 4686 tra
606 4630 764 4687 hanc
804 4635 1029 4687 sectam
1080 4628 1315 4700 scripsit
1339 4629 1696 4699 Apollinaris
1757 4629 2139 4702 Hierapolita,

488 4720 592 4790 qui
621 4722 816 4775 statim
849 4721 909 4775 in
931 4718 1231 4792 principio
1273 4717 1583 4788 scripturae
1609 4735 1732 4773 suae
1763 4734 1822 4772 se
1845 4719 2141 4796 adversus

486 4823 619 4863 eam
663 4809 1034 4879 argumentis
1072 4822 1314 4880 quoque
1366 4811 1420 4861 et
1451 4806 1959 4863 contutationibus
2013 4809 2139 4864 sine

484 4897 706 4968 scripto
755 4898 1139 4970 depugnasse
1178 4895 1457 4952 ostendit.
1512 4895 1752 4951 Librum
1811 4901 2014 4953 autem
2060 4898 2137 4953 ad

482 4986 798 5042 Abercium
832 4986 1156 5060 quemdam
1184 4985 1436 5057 scripsit,
1455 4985 1629 5040 talem
1657 5002 1908 5041 exorsus
1929 4987 2137 5059 praefao

480 5075 745 5132 tionem:
785 5099 806 5127 ‹
861 5076 1219 5132 Charissime
1259 5074 1469 5130 Aberci
1517 5074 1800 5141 Marcelle,
1852 5076 2135 5132 mandato

480 5180 518 5221 ιε
559 5170 632 5235 te,
673 5172 736 5221 ut.
774 5165 1005 5239 aliquid
1036 5165 1324 5220 adversus
1351 5163 1692 5230 Alcibiadis,
1722 5163 1974 5221 fortasse
2025 5181 2132 5221 au-

481 5260 602 5310 tem
642 5255 986 5321 dicendum,
1035 5253 1291 5310 Montani
1338 5253 1636 5319 haeresim,
1680 5269 2129 5327 componerem,

480 5342 829 5414 aliquandiu
861 5342 1372 5400 deliberabundus
1403 5348 1461 5398 et
1506 5341 1791 5399 haesitans
1814 5360 1910 5400 me
1949 5345 2133 5400 conti-

479 5432 586 5489 nui
619 5448 632 5488 :
679 5449 796 5490 non
848 5435 1148 5507 equidem,
1180 5433 1341 5506 quod
1389 5432 1590 5487 minus
1625 5434 2006 5489 mendacium
2035 5449 2128 5489 re-

480 5521 793 5600 darguere,
849 5524 1199 5597 veritatique
1251 5521 1611 5596 patrocinari
1662 5537 1909 5597 possem
1949 5539 1966 5592 ;
2022 5524 2130 5581 sed

2182 4257 2226 4311 D

2856 4261 3097 4313 ΚΕΦΑΛ.
3133 4263 3255 4313 K1".

2258 4367 2439 4439 Περὶ,
2470 4359 2971 4437 Ἀπολλιναρίου
3027 4371 3137 4439 τοῦ
3185 4363 3640 4439 Ἱεραπολίτου
3684 4387 3697 4400 υ
3736 4367 3836 4419 ὅσα

2292 4437 2455 4489 κατὰ
2492 4445 2600 4498 τῆς
2638 4436 2951 4499 τοιαύτης
2989 4436 3295 4510 αἱρέσεώς
3336 4439 3800 4513 συνεγράψατο.

2325 4547 2595 4617 Λαμπρῶν
2651 4549 2776 4616 γοῦν
2819 4545 2934 4596 κατ’
2995 4543 3158 4606 αὐτῆς
3209 4543 3235 4596 ὀ
3285 4543 3649 4616 Ἱεραπολίτης
3677 4547 3818 4601 ἐνίστη

2253 4632 2664 4706 Ἀπολλινάριος,
2714 4635 2779 4694 ὡς
2835 4637 3164 4707 προείπομεν.
3226 4638 3327 4687 Καὶ
3379 4638 3555 4688 τοίνυν
3625 4635 3818 4710 61916.ne-

2251 4741 2331 4782 νος
2376 4726 2471 4784 τῆς
2518 4729 2724 4797 γραφῆς
2775 4720 3026 4794 ἐμφαίνει,
3068 4726 3132 4783 ὡς
3183 4728 3272 4775 καὶ
3311 4723 3568 4799 ἀγράφοις
3623 4725 3821 4795 ἐλέγχοις

2251 4811 2428 4873 αὐτοῖς
2477 4811 2803 4873 ἀντετάξατο.
2855 4810 3106 4887 Ἀϐερκίῳ
3163 4807 3220 4864 δὲ
3263 4829 3368 4864 τινι
3421 4815 3480 4865 τὸ
3525 4817 3830 4888 σύγγραμμα

2248 4907 2556 4974 προσφωνεῖ,
2617 4902 2811 4953 οὑτωσὶ
2887 4899 3352 4974 προοιμιαζόμενος
3401 4917 3415 4931 '
3489 4923 3516 4954 α
3578 4899 3838 4974 Ἀγαπητὶ

2248 4987 2479 5064 Ἀϐέρκιε
2524 4988 2812 5061 Μάρκελλε,
2857 4989 3160 5063 ἐπιταχθεὶς
3213 4991 3314 5043 ὑπὸ
3369 4987 3466 5042 σοῦ
3536 4990 3842 5064 συγγράψαι

2248 5081 2365 5130 τινὰ
2391 5078 2540 5150 λόγον
2581 5079 2652 5140 εἰς
2697 5083 2786 5138 τὴν
2842 5087 2940 5130 τῶν
2988 5082 3124 5132 κατὰ
3180 5075 3498 5142 Μιλτιάδην,
3529 5081 3653 5133 ἴσον
3683 5076 3735 5133 δ’
3779 5079 3844 5131 εἰ·

2244 5175 2355 5220 πεῖν
2414 5171 2696 5234 Μοντανόν,
2762 5168 2983 5242 αἰρεσιν,
3059 5172 3454 5243 ἐφεκτικώτερόν
3521 5185 3634 5231 πως
3686 5173 3845 5243 μέχρι

2242 5264 2330 5308 νῦν
2410 5253 2701 5329 διεκείμην,
2758 5257 2851 5309 οὐκ
2903 5256 3098 5331 ἀπορίᾳ
3147 5265 3237 5310 τοῦ
3287 5254 3552 5310 δύνασθαι
3609 5258 3840 5330 ἐλέγχειν

2241 5347 2331 5418 μὲν
2387 5349 2446 5397 τὸ
2493 5342 2708 5416 ψεῦδος,
2740 5353 3019 5422 μαρτυρεῖν
3061 5345 3119 5400 δε
3149 5354 3210 5420 τῇ
3265 5345 3482 5420 ἀληθείᾳ
3514 5366 3527 5381 ι
3562 5344 3763 5410 δεδιὼς
3788 5344 3842 5400 δε

2239 5438 2328 5486 καὶ
2360 5433 2746 5508 εὐλαϐούμενος,
2792 5440 2863 5509 μὴ
2914 5455 3023 5498 πως
3069 5433 3206 5500 δόξω
3235 5440 3374 5488 τισὶν
3426 5438 3842 5512 ἑπισυγγράφειν

2238 5523 2269 5588 ἣ
2317 5520 2795 5582 ίπιδιατοὶσσισθαι
2849 5533 2926 5601 τῷ
2977 5529 3072 5592 τῆς
3123 5532 3215 5580 τοῦ
3275 5525 3596 5602 Εὐαγγελίου
3653 5535 3841 5593 καινῆς
