4036 6288
225 323 368 383 1037

226 454 487 512 Διαθήκης
550 450 684 523 λόγῳ
718 470 732 484 ο

228 539 452 595 δυνατόν
499 549 572 611 τῷ
620 543 756 594 κατὰ
800 545 859 593 τό
911 541 1218 612 Εὐαγγέλιον
1272 541 1398 594 αὐτὸ
1455 541 1818 594 πολιτεύεσθαι

225 651 434 706 προηρη
465 635 598 702 μένῳ
639 648 652 660 ·
687 632 1000 705 προσφάτως
1056 627 1114 682 δὲ
1163 635 1428 702 γενόμενος
1481 629 1529 681 ἐν
1583 629 1818 703 Ἀγκύρᾳ

225 729 324 782 τῆς
385 719 664 785 Γαλατίας,
725 724 811 772 καὶ
872 718 1170 772 καταλαϐὼν
1220 725 1314 778 τὴν
1369 722 1506 772 κατὰ
1553 724 1710 772 τόπον
1741 720 1823 770 ἑκ-

224 809 471 875 κλησίαν,
525 811 625 862 ὑπὸ
671 817 767 869 τῆς
816 813 931 871 νέας
985 811 1199 874 ταύτης,
1241 808 1346 879 οὐχ
1381 812 1449 870 ὡς
1489 809 1637 861 αὐτοί
1671 828 1818 881 φασι,

224 902 562 970 προγητείας,
607 897 738 950 πολὺ
797 894 857 950 δὲ
902 897 1110 968 μᾶλλον,
1165 900 1232 958 ὡς
1278 894 1646 968 δειχθήσεται,
1697 896 1823 967 ψευ-

225 982 632 1059 δοπροφητείας,
686 984 1204 1060 διατεθρυλληριένης,
1260 988 1376 1038 καθ’
1416 988 1536 1038 ὅσον
1577 983 1819 1051 δυνατὸν,

221 1083 317 1128 τοῦ
352 1082 548 1150 Κυρίου
579 1081 970 1150 παρασχόντος,
1025 1080 1141 1149 περὶ
1188 1075 1354 1126 αὐτῶν
1397 1095 1450 1127 τε
1501 1078 1695 1127 τούτων
1729 1079 1820 1127 καὶ

219 1173 323 1217 τῶν
379 1169 783 1238 προτεινομένων
842 1166 928 1216 ὑπ’
984 1165 1153 1216 αὐτῶν
1199 1165 1397 1216 ἕκαστὰ
1444 1184 1499 1216 τε
1547 1161 1821 1236 διελέχθη-

219 1257 316 1326 μεό
368 1256 589 1328 ἡμέραις
641 1254 844 1306 πλείοσι
900 1261 962 1326 τῇ
1023 1253 1315 1324 Ἐκκλησία
1362 1273 1374 1286 ·

926 1342 1371 1414 ἁντικρουσθῆναι
1459 1338 1518 1394 δὲ
1590 1345 1710 1402 τοὺς
1768 1342 1820 1405 ἐξ

1445 1257 1535 1305 καὶ
1591 1255 1819 1310 ἡσθῆναι

217 1347 314 1415 μὲν
376 1349 464 1401 τὴν
517 1343 848 1408 Ἐκκλησίαν,

219 1433 468 1493 ἐναντίας.
501 1453 529 1484 ))
570 1434 835 1504 Ἐμφαίνει
880 1428 959 1495 δε,
1013 1434 1082 1492 ὡς
1125 1440 1224 1482 τῶν
1281 1430 1445 1482 ἐκεισε
1487 1431 1818 1493 ἀξιωσάντων

217 1525 310 1575 τόν
347 1525 610 1593 γενόμενον
657 1531 730 1592 τῷ
765 1525 880 1574 τότε
933 1518 1178 1591 διάλογον
1226 1524 1311 1572 καὶ
1356 1523 1606 1593 ἔγγραφον
1641 1520 1820 1582 αὐτοῖς

216 1614 489 1679 ἐκθέσθαι,
565 1610 917 1684 πρεσϐυτέρου
1002 1617 1236 1662 Ζωτικοῦ
1317 1629 1450 1669 τινος
1525 1611 1817 1681 Ὀστρηνοῦ

217 1703 561 1772 μεμνημένος.
636 1697 761 1751 Εἶτα
833 1700 1072 1755 ἐκτίθησι
1129 1697 1312 1770 μικρὸν
1385 1698 1678 1748 ὑποκατιὼν
1753 1699 1819 1748 τὰ

1261 321 1822 383 ECCLESIASTIC/E
1862 322 2218 384 HISTORUE
2261 326 2397 384 LIB.
2441 326 2537 384 IV.

780 451 819 522 ᾧ
875 455 1008 523 μήτε
1061 452 1386 524 προσθεῖναι,
1445 456 1576 524 μήτε
1624 450 1810 524 ἀφελεῖν

1929 452 2092 525 quod
2117 454 2332 510 veritus
2355 453 2468 509 sim
2496 457 2553 509 et
2582 452 2942 523 caverim,ne
2971 451 3065 508 cui
3090 451 3323 508 viderer
3361 453 3583 526 scripto

3443 324 3583 384 1038

1929 547 1987 598 et
2013 542 2424 599 lucubratione
2456 558 2591 598 mea
2633 541 2862 614 aliquid
2894 540 2973 597 ad
3021 540 3324 610 Evangelii
3357 545 3412 597 et
3434 542 3586 598 Novi

1930 633 2288 687 Testamenti
2335 632 2519 687 libros
2559 631 2779 687 addere
2813 647 2824 684 :
2855 629 3075 703 quibus
3123 637 3298 697 certe,
3330 631 3431 703 qui
3470 631 3578 687 sibi

1933 735 2005 775 ex
2047 720 2395 792 praescripto
2426 719 2721 790 Evangelii
2760 719 2945 775 vitam
2985 719 3325 790 degendam
3360 720 3586 776 consti-

1933 809 2060 872 tuit,
2091 825 2284 880 neque
2315 809 2542 879 adjicit,
2579 825 2773 880 neque
2813 808 3025 864 adimit
3048 808 3407 880 quidquam.
3433 811 3582 866 Cum

1933 901 2132 952 autem
2187 913 2376 969 nuper
2419 901 2718 969 Ancyram
2775 896 3040 965 Galatiae,
3067 902 3124 952 et
3177 897 3238 952 in
3263 897 3581 953 ecclesiam

1932 986 2062 1056 ejus
2112 987 2245 1054 loci,
2309 1003 2445 1058 quae
2497 1003 2669 1042 novae
2708 987 2896 1052 istius,
2942 1002 3063 1042 non
3100 991 3165 1042 ut
3207 986 3323 1057 ipsi
3352 986 3580 1053 dicunt,

1931 1075 2278 1147 prophetiae,
2311 1075 2416 1130 sed
2445 1077 2663 1148 potius,
2705 1077 2790 1131 uti
2819 1074 3183 1139 ostendetur,
3215 1075 3584 1147 pseudopro—

1932 1164 2146 1235 phetiaa
2177 1165 2419 1220 nomine
2449 1169 2536 1220 est
2563 1164 2900 1229 decantata,
2932 1165 3254 1231 venissem,
3285 1179 3393 1235 pro
3425 1164 3580 1220 virili

1930 1268 2085 1319 mea,
2116 1254 2351 1309 Domini
2382 1253 2573 1323 gratia
2605 1253 3046 1324 suppeditante,
3090 1253 3164 1309 de
3203 1253 3286 1308 eis
3316 1253 3479 1326 ipsis,
3523 1259 3581 1311 et

1928 1359 2062 1415 qum
2085 1342 2162 1398 ab
2209 1343 2293 1398 eis
2335 1342 2774 1413 objiciebantur
2811 1342 3114 1408 omnibus,
3155 1342 3367 1398 diebus
3399 1342 3582 1414 pluri-

1927 1431 2043 1487 bus
2070 1431 2349 1497 ecclesiaa,
2375 1431 2582 1488 omnia
2602 1431 2912 1503 disputans
2943 1431 3218 1487 disserui.
3253 1431 3419 1497 Quod
3445 1432 3580 1504 qui-

1927 1521 2088 1586 dem,
2121 1521 2480 1576 adversariis
2507 1520 3023 1592 repugnantibus,:
3046 1520 3318 1576 Ecclesiaa
3344 1537 3583 1592 pergra-

1929 1615 2054 1664 tum
2108 1610 2340 1666 accidit.
2395 1630 2423 1662 ι)
2484 1609 2750 1666 Ostendit
2815 1614 3122 1681 praeterea,
3167 1610 3334 1681 quod
3364 1616 3578 1680 rogatu

1927 1699 2357 1770 quorumdam,
2398 1698 2704 1770 dialogum
2749 1703 2806 1754 et
2835 1698 3304 1770 disputationem
3337 1704 3463 1762 tum
3490 1699 3576 1755 ibi

214 1792 356 1842 κατὰ
385 1789 664 1851 Μοντανὸν,
717 1792 792 1847 τίς
823 1783 904 1851 ἦν,
937 1792 1025 1838 καὶ
1073 1787 1204 1849 ὅθεν,
1263 1791 1353 1837 καὶ
1390 1790 1442 1838 τί
1473 1782 1774 1860 ἑληρώδησε
1800 1805 1810 1818 ·

1925 1787 2196 1843 habitam
2230 1787 2292 1843 in
2345 1789 2633 1859 scriptum
2683 1787 2965 1853 retulerit,
3023 1787 3199 1843 Zotici
3256 1788 3577 1859 cujusdam

220 1875 425 1949 σχεδὸν
455 1881 628 1951 ὥσπερ
656 1879 808 1948 ἡμεῖς
848 1880 914 1929 τὰ
960 1881 1078 1948 περὶ
1121 1875 1281 1927 αὐτοῦ
1321 1873 1675 1947 διεξήλθομεν.
1718 1879 1818 1928 Καὶ

217 1967 268 2020 ἄν
297 1971 388 2040 μὲν
419 1968 488 2037 τῷ
543 1973 730 2041 πρώτῳ
787 1966 922 2037 λόγῳ
982 1973 1148 2017 ταῦτα
1191 1961 1430 2032 διέξεισι,
1479 1972 1570 2024 τῆς
1621 1965 1816 2026 πλάνης

213 2060 307 2110 τὸν
359 2057 577 2127 ἔλεγχον
629 2057 888 2127 ἱστορῶν·
947 2053 995 2106 ἑν
1049 2050 1108 2106 δε
1155 2061 1229 2123 τῷ
1280 2049 1503 2124 δευτέρῳ
1551 2058 1668 2126 περὶ
1724 2063 1818 2113 τῆς

217 2145 389 2198 αὐτῶν
445 2145 678 2204 τελευτῆς
706 2145 873 2195 ταῦτά
930 2161 1088 2213 φησιν
1121 2161 1134 2174 ·
1168 2161 1192 2192 (ι
1257 2142 1402 2195 Ἐπεὶ
1442 2138 1506 2199 δὴ
1533 2146 1702 2194 τοίνυν
1729 2147 1817 2193 καὶ

213 2239 646 2310 προφητοφόντας
698 2235 839 2304 ἡμᾶς
913 2230 1220 2295 ἀπεκάλουν,
1260 2232 1363 2282 -ὃτι
1415 2235 1486 2301 μὴ
1545 2234 1637 2291 τὰς
1697 2230 1817 2303 ἁμε-

212 2330 506 2397 τροφὼνους
566 2323 733 2375 αὐτῶν
803 2325 1120 2394 προφητείας
1196 2317 1556 2391 ἓξεδεξάμεθα,
1605 2323 1818 2381 τούτους

211 2418 316 2487 γαρ
377 2432 533 2485 φασιν
587 2419 736 2476 εἰναι,
805 2411 894 2471 οῦς
947 2409 1284 2481 ἐπηγγείλατο
1321 2418 1390 2480 τῷ
1446 2409 1552 2479 λαῷ
1595 2410 1816 2480 πέμψειν

214 2505 240 2555 ὁ
279 2506 473 2576 Κύριος
503 2519 516 2531 ⁸
565 2500 1034 2575 ἀποκρινάσθωσαν
1093 2501 1217 2570 ἡμῖν
1272 2502 1399 2572 πρὸς
1445 2506 1578 2550 Θεοῦ
1613 2519 1627 2531 ·
1659 2497 1817 2553 ’Ἐστι

211 2612 313 2662 τις,
342 2592 381 2642 ὦ
415 2589 698 2662 βέλτιστοι,
742 2592 938 2640 τούτων
999 2587 1100 2640 ἀπὸ
1152 2594 1418 2640 Μοντανοῦ
1465 2592 1554 2639 καὶ
1591 2595 1688 2639 τῶν
1721 2609 1818 2658 γυ-

212 2687 404 2731 ναικῶν
454 2678 622 2731 λαλεῖν
676 2677 992 2752 ἀρξαμένων,
1051 2678 1190 2736 ὅστις
1228 2678 1328 2728 ὑπὸ
1369 2673 1640 2728 Ἰουδαίων
1669 2673 1819 2728 ἐδιώοι

221 2771 359 2840 χθη,
390 2769 598 2820 καὶὺπό
628 2771 941 2837 παρανόμων
995 2764 1288 2822 ἀπεκτάνθη
1320 2781 1337 2832 ;
1388 2764 1523 2816 Ἀλλ’
1574 2762 1698 2817 οῦδέ
1735 2785 1818 2828 τις

221 2858 386 2909 αὐτῶν
441 2858 719 2931 κρατηθεὶς
774 2858 901 2928 ὑπὲρ
979 2862 1070 2906 τοῦ
1137 2858 1295 2924 νόμόυ
1375 2853 1740 2928 ἀνεσταυρώθη
1797 2875 1811 2890 ’

217 2943 341 2998 οὐδὲ
364 2944 412 2997 ἐν
446 2951 778 3016 συναγωγαῖς
829 2940 1103 2996 Ἰουδαίων
1143 2942 1498 3016 ἐμαστιγὼθη,
1555 2942 1725 3015 ’Ἄλλῳ
1756 2942 1816 2998 δε

214 3037 418 3105 θανάτῳ
481 3035 789 3091 τελευτῆσαι
865 3035 1124 3094 Μοντανός
1199 3052 1254 3084 τε
1332 3037 1422 3084 καὶ
1491 3033 1810 3104 Μαξιμίλλα.

201 3126 431 3184 Τούτους
483 3126 585 3196 γὰρ
654 3123 754 3174 ὑπὸ
808 3125 1093 3190 πνεύματος
1142 3119 1490 3193 βλαψίφρονος
1542 3122 1813 3196 ἑκατέρους

1928 1877 2153 1933 Ostreni
2177 1877 2505 1948 presbyteri
2555 1877 2636 1947 (1)
2673 1876 3038 1932 mentionem
3078 1876 3320 1933 faciens.
3356 1877 3578 1933 Deinde

1928 1972 2061 2037 post
2086 1966 2327 2020 brevem
2342 1966 2799 2035 digressionem,
2831 1981 2924 2020 res
2946 1966 3224 2031 Montani,
3245 1965 3349 2038 qui
3380 1965 3578 2036 fuerit,

1927 2055 2086 2110 unde
2123 2055 2429 2126 prodierit,
2458 2060 2515 2109 et
2541 2070 2671 2125 quae
2701 2054 2960 2110 delirans
2985 2060 3249 2125 nugatus
3272 2057 3366 2122 sit,
3399 2071 3579 2128 expo-

1886 2137 1892 2143 ’
1926 2145 2049 2201 nit:
2090 2144 2165 2198 ad
2197 2161 2336 2198 eum
2367 2144 2484 2198 fere
2527 2145 2796 2208 modum,
2827 2143 3001 2199 sicuti
3034 2160 3145 2199 nos
3182 2144 3256 2199 de
3286 2160 3356 2200 eo
3391 2144 3572 2216 paulo

1927 2239 2062 2288 ante
2093 2231 2463 2304 scripsimus.
2508 2235 2695 2304 Atque
2721 2232 2848 2287 haec
2863 2232 3131 2304 quidem,
3167 2232 3442 2288 fraudem
3482 2250 3579 2290 se-

1925 2321 2388 2393 ductionemque
2410 2322 2536 2392 ejus
2557 2337 2838 2392 arguens,
2862 2321 2921 2376 in
2943 2322 3308 2393 pr1mo}libro
3321 2323 3578 2379 disserit.

1925 2415 1987 2466 In
2017 2412 2283 2466 secundo
2319 2418 2520 2466 autem
2560 2411 2633 2465 de
2672 2410 2842 2466 obitu
2880 2411 3010 2481 ejus
3047 2410 3129 2466 ita
3163 2410 3356 2466 refert.
3392 2411 3564 2482 32],

1927 2499 2416 2571 Quandoquidem
2431 2515 2566 2554 vero
2581 2499 3021 2570 propheticidas
3034 2515 3155 2555 non
3168 2502 3577 2572 vocant,quod

1924 2590 2250 2644 immensas
2273 2588 2719 2660 prophetiarum
2747 2604 2954 2643 eorum
2983 2588 3272 2659 ambages
3286 2605 3409 2644 non
3432 2589 3579 2645 reci-

1925 2679 2124 2749 pimus
2168 2679 2294 2749 (eos
2335 2693 2396 2732 se
2449 2693 2714 2749 namque
2744 2677 2972 2748 jactant
3008 2693 3161 2743 esse,
3194 2694 3317 2749 quo
3349 2677 3574 2750 populo

1925 2769 2252 2822 missurum
2285 2781 2346 2820 se
2380 2766 2667 2821 Dominus
2699 2767 3014 2838 promisit),
3034 2766 3442 2838 respondeant
3471 2781 3576 2822 no-

1923 2855 2037 2920 bis,
2091 2871 2196 2927 per
2232 2855 2631 2911 immortalem
2679 2858 2904 2910 Deum:
2940 2858 3114 2910 Estne
3167 2857 3493 2928 quispiam,
3536 2872 3571 2912 o

1923 2945 2026 3000 viri
2064 2945 2227 3010 boni,
2255 2961 2327 3000 ex
2356 2945 2638 3000 omnibus
2666 2944 2738 2998 iis
2768 2945 2873 3014 qui
2915 2959 2952 2999 a
2983 2943 3286 3010 Montano,
3319 2945 3569 3016 ejusque

1921 3034 2210 3089 uxoribus
2238 3033 2648 3106 provenientes
2689 3032 2904 3088 docere
2935 3038 3266 3104 cmperunt.
3301 3034 3404 3105 qui
3435 3051 3573 3106 per-

1920 3124 2289 3178 secutionem
2315 3139 2350 3179 a
2370 3123 2586 3178 Judaais
2635 3137 2879 3192 passus,
2909 3127 2966 3178 et
2987 3138 3024 3178 a
3051 3122 3202 3193 legis
3235 3128 3568 3194 transgres-

202 3215 623 3273 ὑποκινήσαντος
662 3211 814 3282 λόγος
869 3210 1161 3284 ἀναρτῆσαι
1215 3211 1434 3272 ἑαυτοὺς
1485 3211 1589 3282 οὐχ
1621 3214 1749 3283 ὁμοῦ
1784 3229 1798 3242 ⁶

1920 3212 2152 3268 soribus
2191 3212 2422 3268 occisus
2476 3213 2549 3267 sit
2573 3210 2736 3268 ‘l‘Sed
2766 3227 2961 3285 neque
3018 3212 3340 3283 quisquem
3359 3226 3570 3269 eorum

199 3307 296 3354 καὶ
353 3304 489 3354 οὕτω
541 3302 873 3365 τελευτῆσαι,
933 3305 1023 3351 καὶ
1083 3303 1169 3351 τόν
1252 3299 1368 3372 βίον
1448 3301 1806 3373 καταστρέψαι

202 3389 388 3446 Ἰούδα
425 3398 518 3442 τοῦ
555 3386 819 3463 προδότου
853 3386 1008 3447 δίκην
1040 3405 1052 3418 ⁸
1088 3391 1260 3463 ὥσπερ
1318 3385 1384 3447 δὴ
1418 3393 1508 3441 καὶ
1543 3393 1628 3441 τὸν
1657 3400 1804 3464 πρῶ·-

198 3499 291 3533 τον
339 3480 614 3555 ἐπίτροπον
661 3488 751 3540 τῆς
788 3479 958 3530 αὐτῶν
1013 3483 1330 3551 προφητείας
1383 3481 1469 3530 τὸν
1501 3481 1801 3551 θαυμαστὸν

201 3566 464 3623 Θεόδοτον
543 3571 810 3640 αἰρόμενον
865 3587 990 3620 ποτε
1059 3572 1148 3619 καὶ
1204 3566 1685 3640 ἀναλαμϐανὸμενον
1733 3569 1801 3629 εἰς

202 3656 482 3732 αὖρανοὺς,
536 3665 894 3729 παρεκστῆναι
943 3654 1002 3709 δε
1066 3660 1156 3708 καὶ
1216 3664 1636 3709 καταπιστεῦσαι
1684 3657 1798 3709 ἑαυ-

201 3751 292 3799 τὸν
343 3755 415 3817 τῷ
468 3753 564 3806 τῆς
619 3745 821 3807 ἀπάτης
858 3747 1134 3816 πνεύματι,
1179 3749 1270 3796 καὶ
1309 3741 1669 3810 δισκευθίντα,
1705 3765 1797 3798 κα-

201 3845 306 3898 κῶς
352 3835 676 3893 τελευτῆσαι,
717 3854 742 3885 α
789 3834 871 3886 Ἐν
921 3830 978 3886 δε
1025 3842 1098 3904 τῷ
1148 3834 1288 3904 αὐτῷ
1344 3839 1687 3908 παρίστησιν,
1731 3838 1799 3896 ὡς

202 3931 294 3978 καὶ
349 3927 474 3998 ἱεροὶ
545 3926 669 3976 θεῖοι
725 3920 911 3997 ἄνδρες
971 3930 1149 3998 πεῖραν
1210 3932 1477 3997 προσῆγον
1532 3928 1588 3976 τό
1637 3923 1685 3976 ἓν
1733 3931 1795 3996 τῇ

203 4013 501 4086 Μαξιμίλλη
570 4017 794 4087 πονηρόν
839 4011 1149 4084 ἀπελέγχειν
1209 4020 1451 4084 πνεῦμα·
1506 4013 1798 4066 κωλύεσθαι

207 4101 266 4157 δὲ
296 4107 424 4176 πρὸς
477 4103 656 4176 ἑτέρων
711 4099 919 4160 δηλαδή
953 4110 1025 4172 τῷ
1085 4104 1337 4173 πνεύματι
1393 4105 1795 4176 συνεργούντων.

203 4191 336 4247 Εἶτα
381 4196 590 4244 καὶτοῦ
625 4197 821 4265 χρόνου
872 4196 1088 4265 προῖὼν,
1146 4187 1409 4262 διελέγχει
1458 4194 1547 4252 τὰς
1585 4188 1802 4261 ψευδεῖς

202 4285 521 4355 προφητείας
581 4280 927 4352 Μαξιμίλλης,
996 4278 1431 4355 τρισκαιδέκατον
1489 4283 1593 4342 ἔτος
1644 4282 1802 4352 λέγων

206 4367 442 4437 διελθεῖν,
485 4376 575 4422 καὶ
627 4368 792 4442 μηδὲν
837 4372 1080 4441 γενέσθαι
1119 4367 1185 4421 ὧν
1238 4370 1627 4444 προεφοίϐασεν.
1663 4367 1804 4423 Οὐδέ

203 4464 303 4534 γὰρ
366 4462 598 4533 μερικός,
667 4459 726 4511 οὐ
790 4458 1068 4520 καθολικός
1119 4463 1294 4530 γέγονε
1345 4459 1606 4532 πόλεμοςο
1678 4458 1805 4512 ἀλλὰ

202 4554 294 4602 καὶ
351 4555 683 4622 Χριστιανοῖς
730 4547 919 4620 μᾶλλον
981 4547 1157 4620 εἰρήνη
1191 4548 1243 4611 ἐξ
1293 4547 1462 4611 ἐλέους
1499 4555 1654 4602 θεοῦ.
1709 4547 1803 4604 Ἐν

202 4659 263 4710 γε
321 4643 424 4711 μὴν
480 4646 553 4708 τῷ
614 4641 772 4712 τρίτῳ
845 4634 1105 4709 διελέγχει
1189 4641 1306 4699 τοὺς
1367 4638 1680 4710 αὐχοῦντας,
1740 4641 1804 4698 ὡς

203 4728 412 4791 πλείους
463 4729 587 4802 παρ’
634 4731 812 4789 αὐτοῖς
863 4729 1124 4800 μάρτυρές
1178 4726 1308 4779 εἰσιν
1338 4744 1351 4758 ·
1403 4730 1524 4802 ὅπερ
1567 4732 1657 4780 καὶ
1692 4745 1803 4778 τεκ-

203 4822 396 4893 μήριον
453 4821 640 4869 πιστόν
692 4814 823 4869 εἶναι
873 4817 1042 4888 ἔλεγον
1102 4823 1194 4869 τοῦ
1253 4816 1376 4890 παρ’
1439 4817 1617 4877 αὐτοῖς
1664 4816 1806 4887 λεγοο

201 4911 359 4979 μένου
409 4913 737 4979 προφητικοῦ
793 4908 1102 4978 πνεύματος.
1154 4925 1182 4957 ι(
1212 4909 1281 4958 Τὸ
1327 4901 1377 4958 δ’
1414 4906 1556 4958 ἐστὶν
1609 4907 1714 4978 ἄρα
1743 4908 1807 4958 ὡς

205 4999 340 5049 ἔοικε
369 4999 560 5056 παντὸς
588 4994 778 5066 μᾶλλον
837 4994 930 5046 οὐκ
971 4993 1176 5054 ἀληθές.
1217 4995 1320 5048 Καὶ
1361 4997 1462 5070 γὰρ
1504 5003 1604 5046 τῶν
1644 4994 1804 5046 ἄλλων

204 5088 452 5159 αἱρέσεων
503 5103 632 5144 τινες
688 5084 966 5145 πλείστους
1041 5083 1191 5136 ὃσουί
1243 5087 1432 5155 ἔχουσι
1488 5086 1802 5156 μάρτυρας⁶

204 5180 299 5241 καὶ
352 5174 410 5227 οὐ
465 5176 608 5248 παρὰ
663 5181 812 5225 τοῦτο
878 5169 1054 5231 δήπου
1116 5175 1648 5245 συγκαταθησὸμεθα.
1708 5175 1808 5224 Καὶ

203 5267 407 5336 πρῶτοί
457 5282 514 5334 γε
571 5261 672 5315 ἀπὸ
729 5271 818 5320 τῆν
881 5263 1186 5335 Μαρκίωνος
1240 5264 1502 5338 αἱρέσεως,
1564 5269 1808 5338 Μαρκιω-

274 5407 353 5478 (l)
385 5405 614 5478 Zoticus
631 5404 916 5461 Ostrenus
938 5405 1270 5478 presbyter,
1296 5412 1347 5460 et
1367 5404 1642 5461 Julianus
1665 5410 1813 5477 Apa-

202 5475 432 5542 men'us,
457 5476 730 5548 spiritum
756 5475 1076 5533 Maximilla
1095 5475 1377 5532 eohibere
1398 5483 1536 5532 sunt
1560 5475 1808 5548 agressi.

199 5548 444 5621 (Euseb.
475 5548 585 5621 lib_.
624 5563 680 5602 γ.
713 5563 849 5621 cap.
892 5549 1000 5619 l6).

278 5622 358 5696 (2)
392 5617 964 5693 Pseudopropheta,
995 5618 1099 5693 qui
1127 5633 1325 5693 neque
1367 5618 1585 5677 timore
1616 5633 1815 5695 neque

1915 3302 2406 3374 comprehensus,
2435 3307 2534 3356 aut
2561 3316 2668 3372 pro
2697 3300 2825 3370 lege
2846 3301 2976 3372 ipsa
3002 3300 3342 3368 cruciﬁxus,
3371 3317 3568 3374 neque

1911 3403 1974 3458 in
2003 3393 2346 3447 Judaeorum
2377 3390 2704 3462 synagogis
2731 3389 2980 3458 ﬂagellis
3011 3406 3206 3445 caesus
3237 3395 3344 3446 est.
3378 3391 3568 3447 Aliam

1912 3487 2114 3537 autem
2165 3484 2418 3534 mortem
2471 3479 2696 3534 obiisse
2754 3481 3066 3534 Montanus
3132 3484 3190 3535 et
3245 3479 3566 3536 Maximilla

1911 3571 2208 3625 dicuntur.
2254 3571 2299 3621 A
2336 3569 2545 3639 spiritu
2585 3583 2847 3640 namque
2891 3582 3118 3623 vesano
3151 3572 3400 3639 uterque
3442 3571 3572 3638 agi-

1908 3664 2066 3724 tatus
2099 3658 2197 3728 (2),
2217 3658 2485 3728 seipsum
2513 3657 2762 3711 seorsim
2795 3655 3125 3726 suspendit,
3158 3671 3351 3727 eoque
3381 3657 3563 3714 modo

1909 3747 1989 3803 ad
2019 3748 2205 3802 instar
2231 3745 2401 3800 Judai
2421 3744 2739 3816 proditoris
2771 3744 2957 3799 vitam
2980 3743 3152 3800 ﬁniit.
3177 3745 3356 3800 Sicuti
3382 3747 3562 3802 etiam

1907 3838 2137 3907 primus
2149 3835 2600 3906 prophetiarum
2614 3849 2821 3888 eorum
2839 3832 3140 3899 defensor,
3169 3833 3242 3889 ad
3252 3836 3528 3890 mirandu
3541 3852 3568 3890 ε

1907 3926 2004 3994 ille
2022 3925 2390 3985 Theodorus,
2422 3939 2561 3978 cum
2605 3939 2666 3977 se
2719 3921 3083 3978 seductionls
3129 3922 3362 3994 spiritui
3406 3939 3569 3979 com-

1906 4016 2272 4079 mendasset,
2301 4011 2698 4084 potestatique
2730 4011 2861 4082 ejus
2887 4013 3276 4084 permisisset,
3302 4012 3569 4084 jactatus

1910 4112 2088 4177 atque
2133 4103 2405 4158 sublatus
2443 4101 2503 4156 in
2526 4101 2745 4156 coelum
2785 4101 2885 4172 (3),
2916 4117 2986 4157 ac
3006 4117 3252 4157 rursum
3278 4101 3569 4174 delapsus

1910 4194 2167 4266 pessime
2197 4193 2380 4264 periit.
2412 4211 2441 4243 »
2473 4191 2538 4245 In
2593 4189 2805 4245 eodem
2844 4190 2996 4246 libro
3054 4190 3284 4256 astruit,
3326 4191 3566 4246 divinos

1911 4282 2208 4355 quosdam
2250 4281 2406 4335 viros
2450 4279 2784 4351 periculum
2837 4278 3071 4345 fecisse,
3127 4284 3190 4335 ut
3228 4279 3568 4335 Maximillae

1911 4371 2183 4442 spiritum
2258 4369 2595 4438 malignum
2669 4368 3114 4436 redarguerent,
3165 4355 3570 4440 vanitatisque

1912 4459 2372 4516 convincerent:
2416 4456 2521 4512 sed
2565 4457 2642 4511 ab
2700 4456 2832 4512 aliis
2887 4457 3208 4527 impeditos
3264 4473 3415 4523 esse,
3468 4457 3572 4528 qui

1912 4548 2174 4604 dtemoni
2219 4547 2272 4602 ei
2325 4545 2794 4601 subservierunt.
2832 4544 3218 4614 Progrediens
3258 4546 3564 4617 deinceps,

1914 4655 1983 4694 ex
2013 4639 2142 4710 ipso
2181 4641 2450 4707 tempore
2488 4634 2837 4706 prophetias
2866 4633 3134 4704 ejusdem
3175 4632 3357 4689 falsas
3383 4634 3568 4690 fuisse

1912 4727 2171 4785 ostendit
2201 4742 2216 4780 :
2246 4724 2678 4789 Tredecimum,
2699 4723 2923 4788 dicens,
2947 4722 3279 4794 praeterisse
3313 4738 3566 4789 annum,

1912 4817 2176 4888 nihilque
2203 4830 2411 4870 earum
2449 4829 2649 4869 rerum
2689 4828 2825 4884 quas
2859 4812 2989 4884 ipsa
3027 4812 3419 4878 divinaverat,
3460 4828 3564 4868 ac-

1914 4906 2148 4962 cidisse.
2193 4907 2390 4974 Neque
2433 4902 2591 4958 enim
2629 4901 2718 4956 vel
2763 4901 2823 4955 in
2863 4900 3144 4955 universo
3187 4900 3355 4969 orbe,
3393 4900 3481 4956 vel
3501 4901 3572 4956 in-

1913 4996 2154 5065 regione
2184 4993 2387 5065 aliqua
2423 4991 2647 5047 bellum
2690 4989 2834 5045 fuit:
2861 4989 2966 5045 sed
3013 4995 3068 5045 et
3108 4989 3452 5046 Christianis
3493 5003 3566 5046 ex

1915 5082 2321 5140 misericordia
2360 5086 2413 5136 et
2477 5079 2666 5150 gratia
2713 5076 2814 5134 Dei
2866 5093 2984 5148 pax
3050 5084 3106 5133 et
3165 5078 3564 5150 tranquillitas

1915 5174 2075 5228 data.
2105 5172 2170 5226 In
2233 5170 2398 5225 tertio
2448 5184 2626 5240 porro
2682 5167 2854 5233 libro,
2893 5166 3214 5236 gloriantes
3243 5183 3366 5232 eos,
3397 5166 3565 5238 quod

1915 5265 2114 5334 plures
2147 5259 2309 5331 apud
2341 5273 2405 5312 se
2449 5257 2564 5312 sint
2599 5264 2908 5327 martyres,
2949 5256 3130 5327 idque
3170 5262 3400 5311 certum
3437 5271 3566 5311 esse

1917 5406 2170 5458 tremore
2207 5399 2462 5462 ducitur,
2485 5397 2544 5451 in
2577 5398 3053 5451 consternatione
3075 5395 3263 5452 animi
3302 5397 3565 5466 sinistra,

1917 5490 1953 5530 a
1979 5489 2098 5528 non
2131 5470 2466 5526 voluntaria
2491 5468 2695 5537 incipit
2723 5467 2979 5531 inscitia,
3003 5472 3058 5522 et
3084 5469 3142 5522 in
3167 5469 3567 5525 voluntariam

1918 5545 2141 5617 desinit
2168 5540 2723 5617 animeeinsaniam.
2748 5541 3002 5617 (Euseb.
3039 5538 3143 5596 lib.
3171 5555 3228 5606 γ,
3270 5555 3403 5614 cap.
3438 5541 3568 5617 l7.)

1991 5616 2070 5691 (3)
2090 5615 2304 5672 Euseb.
2333 5612 2436 5670 lib.
2458 5627 2512 5679 ν,
2551 5625 2686 5684 cap.
2738 5615 2826 5669 l5.
