  <div class='ocr_page' id='page_1' title='image "/cluster/home/n/w/nwhite01/storage/ocr_20150623/145/mdp.39015061167048/527.png"; bbox 0 0 4036 6288; ppageno 0'>
   <div class='ocr_carea' id='block_1_1' title="bbox 489 328 629 385">
    <p class='ocr_par' dir='ltr' id='par_1_1' title="bbox 489 328 629 385">
     <span class='ocr_line' id='line_1_1' title="bbox 489 328 629 385; baseline 0 0"><span class='ocrx_word' id='word_1_1' title='bbox 489 328 629 385; x_wconf 85' lang='grc'><strong>1039</strong></span> 
     </span>
    </p>
   </div>
   <div class='ocr_carea' id='block_1_2' title="bbox 1788 321 2531 382">
    <p class='ocr_par' dir='ltr' id='par_1_2' title="bbox 1788 321 2531 382">
     <span class='ocr_line' id='line_1_2' title="bbox 1788 321 2531 382; baseline 0.008 -6"><span class='ocrx_word' id='word_1_2' title='bbox 1788 321 2176 378; x_wconf 80' lang='lat' dir='ltr'><strong>NICEPHOBI</strong></span> <span class='ocrx_word' id='word_1_3' title='bbox 2217 323 2531 382; x_wconf 83' lang='lat' dir='ltr'><strong>CALLISTI</strong></span> 
     </span>
    </p>
   </div>
   <div class='ocr_carea' id='block_1_3' title="bbox 3710 321 3832 378">
    <p class='ocr_par' dir='ltr' id='par_1_3' title="bbox 3710 321 3832 378">
     <span class='ocr_line' id='line_1_3' title="bbox 3710 321 3832 378; baseline 0.016 -1"><span class='ocrx_word' id='word_1_4' title='bbox 3710 321 3832 378; x_wconf 60' lang='lat'><strong>1040</strong></span> 
     </span>
    </p>
   </div>
   <div class='ocr_carea' id='block_1_4' title="bbox 485 448 2136 526">
    <p class='ocr_par' dir='ltr' id='par_1_4' title="bbox 485 448 2134 526">
     <span class='ocr_line' id='line_1_4' title="bbox 485 448 2134 526; baseline -0.005 -16"><span class='ocrx_word' id='word_1_5' title='bbox 485 454 776 510; x_wconf 90' lang='lat' dir='ltr'><strong>indicium</strong></span> <span class='ocrx_word' id='word_1_6' title='bbox 807 452 1159 526; x_wconf 80' lang='lat' dir='ltr'><strong>prophetici,</strong></span> <span class='ocrx_word' id='word_1_7' title='bbox 1187 450 1360 506; x_wconf 78' lang='lat' dir='ltr'><strong>sicuti</strong></span> <span class='ocrx_word' id='word_1_8' title='bbox 1391 449 1469 506; x_wconf 90' lang='lat' dir='ltr'><strong>ab</strong></span> <span class='ocrx_word' id='word_1_9' title='bbox 1495 449 1579 504; x_wconf 90' lang='lat' dir='ltr'><strong>eis</strong></span> <span class='ocrx_word' id='word_1_10' title='bbox 1610 448 1844 512; x_wconf 90' lang='lat' dir='ltr'><strong>dicitur,</strong></span> <span class='ocrx_word' id='word_1_11' title='bbox 1870 448 2134 520; x_wconf 82' lang='lat' dir='ltr'><strong>spiritus,</strong></span> 
     </span>
    </p>
   </div>
   <div class='ocr_carea' id='block_1_5' title="bbox 2249 448 3830 526">
    <p class='ocr_par' dir='ltr' id='par_1_5' title="bbox 2249 448 3830 523">
     <span class='ocr_line' id='line_1_5' title="bbox 2249 448 3830 523; baseline 0.001 -23"><span class='ocrx_word' id='word_1_12' title='bbox 2249 454 2425 502; x_wconf 88' lang='grc' dir='ltr'><strong><em>νεσταὶ</em></strong></span> <span class='ocrx_word' id='word_1_13' title='bbox 2475 449 2801 520; x_wconf 80' lang='grc' dir='ltr'><strong><em>καλούμενοι,</em></strong></span> <span class='ocrx_word' id='word_1_14' title='bbox 2851 448 3122 510; x_wconf 77' lang='grc' dir='ltr'><strong>πλείστους</strong></span> <span class='ocrx_word' id='word_1_15' title='bbox 3152 448 3296 519; x_wconf 83' lang='grc' dir='ltr'><strong><em>ἔχειν</em></strong></span> <span class='ocrx_word' id='word_1_16' title='bbox 3346 456 3584 523; x_wconf 80' lang='grc' dir='ltr'><strong>Χριστοῦ</strong></span> <span class='ocrx_word' id='word_1_17' title='bbox 3641 469 3830 520; x_wconf 79' lang='grc' dir='ltr'><strong><em>μαρτυ,</em></strong></span> 
     </span>
    </p>
   </div>
   <div class='ocr_carea' id='block_1_6' title="bbox 487 538 2136 613">
    <p class='ocr_par' dir='ltr' id='par_1_6' title="bbox 487 538 2136 613">
     <span class='ocr_line' id='line_1_6' title="bbox 487 538 2136 613; baseline -0.004 -13"><span class='ocrx_word' id='word_1_18' title='bbox 487 543 716 600; x_wconf 80' lang='lat' dir='ltr'><strong>refellit.</strong></span> <span class='ocrx_word' id='word_1_19' title='bbox 759 562 787 592; x_wconf 87' lang='lat'><strong>«</strong></span> <span class='ocrx_word' id='word_1_20' title='bbox 819 543 945 598; x_wconf 90' lang='lat' dir='ltr'><strong>Hoc</strong></span> <span class='ocrx_word' id='word_1_21' title='bbox 973 558 1115 597; x_wconf 84' lang='lat' dir='ltr'><strong>vero</strong></span> <span class='ocrx_word' id='word_1_22' title='bbox 1145 543 1344 613; x_wconf 89' lang='lat' dir='ltr'><strong>ipsum</strong></span> <span class='ocrx_word' id='word_1_23' title='bbox 1382 540 1559 608; x_wconf 82' lang='lat' dir='ltr'><strong>longe</strong></span> <span class='ocrx_word' id='word_1_24' title='bbox 1584 539 1883 606; x_wconf 87' lang='lat' dir='ltr'><strong>omnium,</strong></span> <span class='ocrx_word' id='word_1_25' title='bbox 1922 538 2136 610; x_wconf 88' lang='lat' dir='ltr'><strong>inquit,</strong></span> 
     </span>
    </p>
   </div>
   <div class='ocr_carea' id='block_1_7' title="bbox 488 627 2137 702">
    <p class='ocr_par' dir='ltr' id='par_1_7' title="bbox 488 627 2137 702">
     <span class='ocr_line' id='line_1_7' title="bbox 488 627 2137 702; baseline -0.004 -14"><span class='ocrx_word' id='word_1_26' title='bbox 488 639 578 688; x_wconf 90' lang='lat' dir='ltr'><strong>est</strong></span> <span class='ocrx_word' id='word_1_27' title='bbox 642 632 1050 688; x_wconf 80' lang='lat' dir='ltr'><strong>falsissimum.</strong></span> <span class='ocrx_word' id='word_1_28' title='bbox 1095 630 1402 702; x_wconf 87' lang='lat' dir='ltr'><strong>Siquidem</strong></span> <span class='ocrx_word' id='word_1_29' title='bbox 1451 633 1510 682; x_wconf 89' lang='lat' dir='ltr'><strong>et</strong></span> <span class='ocrx_word' id='word_1_30' title='bbox 1557 627 1811 682; x_wconf 89' lang='lat' dir='ltr'><strong>aliarum</strong></span> <span class='ocrx_word' id='word_1_31' title='bbox 1837 628 2137 682; x_wconf 73' lang='lat' dir='ltr'><strong>hasresum</strong></span> 
     </span>
    </p>
   </div>
   <div class='ocr_carea' id='block_1_8' title="bbox 487 716 2139 792">
    <p class='ocr_par' dir='ltr' id='par_1_8' title="bbox 487 716 2139 792">
     <span class='ocr_line' id='line_1_8' title="bbox 487 716 2139 792; baseline -0.004 -16"><span class='ocrx_word' id='word_1_32' title='bbox 487 720 790 777; x_wconf 70' lang='lat' dir='ltr'><strong>nonnullae</strong></span> <span class='ocrx_word' id='word_1_33' title='bbox 834 719 1318 792; x_wconf 88' lang='lat' dir='ltr'><strong>quamplurimos</strong></span> <span class='ocrx_word' id='word_1_34' title='bbox 1367 716 1588 771; x_wconf 83' lang='lat' dir='ltr'><strong>habent</strong></span> <span class='ocrx_word' id='word_1_35' title='bbox 1634 720 1952 786; x_wconf 78' lang='lat' dir='ltr'><strong>martyres,</strong></span> <span class='ocrx_word' id='word_1_36' title='bbox 2018 731 2139 771; x_wconf 93' lang='lat' dir='ltr'><strong>non</strong></span> 
     </span>
    </p>
   </div>
   <div class='ocr_carea' id='block_1_9' title="bbox 489 804 2136 880">
    <p class='ocr_par' dir='ltr' id='par_1_9' title="bbox 489 804 2136 880">
     <span class='ocr_line' id='line_1_9' title="bbox 489 804 2136 880; baseline -0.006 -14"><span class='ocrx_word' id='word_1_37' title='bbox 489 811 624 866; x_wconf 91' lang='lat' dir='ltr'><strong>ideo</strong></span> <span class='ocrx_word' id='word_1_38' title='bbox 667 814 867 865; x_wconf 90' lang='lat' dir='ltr'><strong>tamen</strong></span> <span class='ocrx_word' id='word_1_39' title='bbox 898 808 1157 880; x_wconf 84' lang='lat' dir='ltr'><strong>pedibus</strong></span> <span class='ocrx_word' id='word_1_40' title='bbox 1192 809 1253 862; x_wconf 92' lang='lat' dir='ltr'><strong>in</strong></span> <span class='ocrx_word' id='word_1_41' title='bbox 1292 806 1526 861; x_wconf 93' lang='lat' dir='ltr'><strong>illorum</strong></span> <span class='ocrx_word' id='word_1_42' title='bbox 1566 804 1723 859; x_wconf 92' lang='lat' dir='ltr'><strong>imus</strong></span> <span class='ocrx_word' id='word_1_43' title='bbox 1762 805 2136 860; x_wconf 88' lang='lat' dir='ltr'><strong>sententiam.</strong></span> 
     </span>
    </p>
   </div>
   <div class='ocr_carea' id='block_1_10' title="bbox 487 894 2139 971">
    <p class='ocr_par' dir='ltr' id='par_1_10' title="bbox 487 894 2139 971">
     <span class='ocr_line' id='line_1_10' title="bbox 487 894 2139 971; baseline -0.004 -16"><span class='ocrx_word' id='word_1_44' title='bbox 487 906 570 955; x_wconf 83' lang='lat' dir='ltr'><strong>Ac</strong></span> <span class='ocrx_word' id='word_1_45' title='bbox 621 899 801 971; x_wconf 83' lang='lat' dir='ltr'><strong>primi</strong></span> <span class='ocrx_word' id='word_1_46' title='bbox 848 898 1047 954; x_wconf 90' lang='lat' dir='ltr'><strong>statim</strong></span> <span class='ocrx_word' id='word_1_47' title='bbox 1097 913 1134 953; x_wconf 92' lang='lat' dir='ltr'><strong>a</strong></span> <span class='ocrx_word' id='word_1_48' title='bbox 1196 895 1507 952; x_wconf 90' lang='lat' dir='ltr'><strong>Marcionis</strong></span> <span class='ocrx_word' id='word_1_49' title='bbox 1563 900 1725 949; x_wconf 88' lang='lat' dir='ltr'><strong>secta</strong></span> <span class='ocrx_word' id='word_1_50' title='bbox 1757 894 2139 949; x_wconf 69' lang='lat' dir='ltr'><strong>Marcionistaa</strong></span> 
     </span>
    </p>
   </div>
   <div class='ocr_carea' id='block_1_11' title="bbox 488 983 2139 1060">
    <p class='ocr_par' dir='ltr' id='par_1_11' title="bbox 488 983 2139 1060">
     <span class='ocr_line' id='line_1_11' title="bbox 488 983 2139 1060; baseline -0.004 -17"><span class='ocrx_word' id='word_1_51' title='bbox 488 988 629 1044; x_wconf 85' lang='lat' dir='ltr'><strong>dicti</strong></span> <span class='ocrx_word' id='word_1_52' title='bbox 661 987 950 1060; x_wconf 90' lang='lat' dir='ltr'><strong>plurimos</strong></span> <span class='ocrx_word' id='word_1_53' title='bbox 977 987 1200 1042; x_wconf 90' lang='lat' dir='ltr'><strong>habere</strong></span> <span class='ocrx_word' id='word_1_54' title='bbox 1237 990 1530 1056; x_wconf 84' lang='lat' dir='ltr'><strong>martyres</strong></span> <span class='ocrx_word' id='word_1_55' title='bbox 1557 983 1824 1038; x_wconf 87' lang='lat' dir='ltr'><strong>feruntur</strong></span> <span class='ocrx_word' id='word_1_56' title='bbox 1856 999 1868 1036; x_wconf 91' lang='lat'><strong>:</strong></span> <span class='ocrx_word' id='word_1_57' title='bbox 1904 998 2139 1038; x_wconf 88' lang='lat' dir='ltr'><strong>verum-</strong></span> 
     </span>
    </p>
   </div>
   <div class='ocr_carea' id='block_1_12' title="bbox 486 1073 2142 1146">
    <p class='ocr_par' dir='ltr' id='par_1_12' title="bbox 486 1073 2142 1146">
     <span class='ocr_line' id='line_1_12' title="bbox 486 1073 2142 1146; baseline -0.004 -13"><span class='ocrx_word' id='word_1_58' title='bbox 486 1083 688 1134; x_wconf 88' lang='lat' dir='ltr'><strong>tamen</strong></span> <span class='ocrx_word' id='word_1_59' title='bbox 713 1077 1010 1132; x_wconf 83' lang='lat' dir='ltr'><strong>Christum</strong></span> <span class='ocrx_word' id='word_1_60' title='bbox 1050 1076 1250 1146; x_wconf 92' lang='lat' dir='ltr'><strong>ipsum</strong></span> <span class='ocrx_word' id='word_1_61' title='bbox 1299 1073 1472 1144; x_wconf 82' lang='lat' dir='ltr'><strong>juxta</strong></span> <span class='ocrx_word' id='word_1_62' title='bbox 1509 1074 1816 1127; x_wconf 74' lang='lat' dir='ltr'><strong>veritatem</strong></span> <span class='ocrx_word' id='word_1_63' title='bbox 1847 1087 1968 1128; x_wconf 91' lang='lat' dir='ltr'><strong>non</strong></span> <span class='ocrx_word' id='word_1_64' title='bbox 2009 1088 2142 1143; x_wconf 90' lang='lat' dir='ltr'><strong>pro-</strong></span> 
     </span>
    </p>
   </div>
   <div class='ocr_carea' id='block_1_13' title="bbox 487 1159 2141 1237">
    <p class='ocr_par' dir='ltr' id='par_1_13' title="bbox 487 1159 2141 1237">
     <span class='ocr_line' id='line_1_13' title="bbox 487 1159 2141 1237; baseline -0.004 -15"><span class='ocrx_word' id='word_1_65' title='bbox 487 1166 744 1224; x_wconf 86' lang='lat' dir='ltr'><strong>ﬁtentur.</strong></span> <span class='ocrx_word' id='word_1_66' title='bbox 773 1185 802 1218; x_wconf 86' lang='lat'><strong>»</strong></span> <span class='ocrx_word' id='word_1_67' title='bbox 837 1168 901 1221; x_wconf 90' lang='lat' dir='ltr'><strong>Et</strong></span> <span class='ocrx_word' id='word_1_68' title='bbox 925 1165 1108 1237; x_wconf 90' lang='lat' dir='ltr'><strong>paulo</strong></span> <span class='ocrx_word' id='word_1_69' title='bbox 1141 1168 1272 1236; x_wconf 88' lang='lat' dir='ltr'><strong>post</strong></span> <span class='ocrx_word' id='word_1_70' title='bbox 1297 1184 1310 1218; x_wconf 87' lang='lat'><strong>:</strong></span> <span class='ocrx_word' id='word_1_71' title='bbox 1331 1182 1358 1214; x_wconf 75' lang='grc' dir='ltr'><strong>(ε</strong></span> <span class='ocrx_word' id='word_1_72' title='bbox 1395 1161 1641 1216; x_wconf 86' lang='lat' dir='ltr'><strong>Proinde</strong></span> <span class='ocrx_word' id='word_1_73' title='bbox 1664 1177 1801 1216; x_wconf 90' lang='lat' dir='ltr'><strong>cum</strong></span> <span class='ocrx_word' id='word_1_74' title='bbox 1824 1159 2141 1216; x_wconf 88' lang='lat' dir='ltr'><strong>Christiani</strong></span> 
     </span>
    </p>
   </div>
   <div class='ocr_carea' id='block_1_14' title="bbox 489 1250 2139 1325">
    <p class='ocr_par' dir='ltr' id='par_1_14' title="bbox 489 1250 2139 1325">
     <span class='ocr_line' id='line_1_14' title="bbox 489 1250 2139 1325; baseline -0.004 -13"><span class='ocrx_word' id='word_1_75' title='bbox 489 1271 562 1312; x_wconf 78' lang='lat' dir='ltr'><strong>ex</strong></span> <span class='ocrx_word' id='word_1_76' title='bbox 608 1255 867 1312; x_wconf 83' lang='lat' dir='ltr'><strong>Ecclesia</strong></span> <span class='ocrx_word' id='word_1_77' title='bbox 909 1255 987 1310; x_wconf 89' lang='lat' dir='ltr'><strong>ad</strong></span> <span class='ocrx_word' id='word_1_78' title='bbox 1028 1252 1385 1325; x_wconf 87' lang='lat' dir='ltr'><strong>martyrium</strong></span> <span class='ocrx_word' id='word_1_79' title='bbox 1418 1258 1473 1306; x_wconf 89' lang='lat' dir='ltr'><strong>et</strong></span> <span class='ocrx_word' id='word_1_80' title='bbox 1511 1250 1948 1322; x_wconf 85' lang='lat' dir='ltr'><strong>professionem</strong></span> <span class='ocrx_word' id='word_1_81' title='bbox 1989 1265 2139 1306; x_wconf 76' lang='lat' dir='ltr'><strong>veraa</strong></span> 
     </span>
    </p>
   </div>
   <div class='ocr_carea' id='block_1_15' title="bbox 485 1340 2141 1415">
    <p class='ocr_par' dir='ltr' id='par_1_15' title="bbox 485 1340 2141 1415">
     <span class='ocr_line' id='line_1_15' title="bbox 485 1340 2141 1415; baseline -0.004 -14"><span class='ocrx_word' id='word_1_82' title='bbox 485 1344 628 1401; x_wconf 82' lang='lat' dir='ltr'><strong>ﬁdei</strong></span> <span class='ocrx_word' id='word_1_83' title='bbox 657 1351 715 1400; x_wconf 91' lang='lat' dir='ltr'><strong>et</strong></span> <span class='ocrx_word' id='word_1_84' title='bbox 752 1344 1134 1415; x_wconf 89' lang='lat' dir='ltr'><strong>pietatis,una</strong></span> <span class='ocrx_word' id='word_1_85' title='bbox 1159 1358 1296 1396; x_wconf 93' lang='lat' dir='ltr'><strong>cum</strong></span> <span class='ocrx_word' id='word_1_86' title='bbox 1321 1341 1406 1396; x_wconf 93' lang='lat' dir='ltr'><strong>eis</strong></span> <span class='ocrx_word' id='word_1_87' title='bbox 1440 1340 1803 1410; x_wconf 83' lang='lat' dir='ltr'><strong>martyribus</strong></span> <span class='ocrx_word' id='word_1_88' title='bbox 1826 1341 1929 1411; x_wconf 88' lang='lat' dir='ltr'><strong>qui</strong></span> <span class='ocrx_word' id='word_1_89' title='bbox 1959 1340 2141 1410; x_wconf 88' lang='lat' dir='ltr'><strong>Phry-</strong></span> 
     </span>
    </p>
   </div>
   <div class='ocr_carea' id='block_1_16' title="bbox 487 1429 2135 1504">
    <p class='ocr_par' dir='ltr' id='par_1_16' title="bbox 487 1429 2135 1504">
     <span class='ocr_line' id='line_1_16' title="bbox 487 1429 2135 1504; baseline -0.005 -15"><span class='ocrx_word' id='word_1_90' title='bbox 487 1449 634 1504; x_wconf 88' lang='lat' dir='ltr'><strong>gum</strong></span> <span class='ocrx_word' id='word_1_91' title='bbox 659 1433 902 1489; x_wconf 63' lang='lat' dir='ltr'><strong>haeresis</strong></span> <span class='ocrx_word' id='word_1_92' title='bbox 933 1432 1074 1488; x_wconf 84' lang='lat' dir='ltr'><strong>dicti</strong></span> <span class='ocrx_word' id='word_1_93' title='bbox 1104 1437 1260 1496; x_wconf 87' lang='lat' dir='ltr'><strong>sunt,</strong></span> <span class='ocrx_word' id='word_1_94' title='bbox 1303 1435 1620 1494; x_wconf 82' lang='lat' dir='ltr'><strong>vocantur,</strong></span> <span class='ocrx_word' id='word_1_95' title='bbox 1652 1429 1926 1492; x_wconf 86' lang='lat' dir='ltr'><strong>seorsim,</strong></span> <span class='ocrx_word' id='word_1_96' title='bbox 1961 1429 2135 1499; x_wconf 72' lang='lat'><strong>322</strong></span> 
     </span>
    </p>
   </div>
   <div class='ocr_carea' id='block_1_17' title="bbox 484 1519 2140 1592">
    <p class='ocr_par' dir='ltr' id='par_1_17' title="bbox 484 1519 2140 1592">
     <span class='ocr_line' id='line_1_17' title="bbox 484 1519 2140 1592; baseline -0.005 -12"><span class='ocrx_word' id='word_1_97' title='bbox 484 1538 597 1580; x_wconf 93' lang='lat' dir='ltr'><strong>nec</strong></span> <span class='ocrx_word' id='word_1_98' title='bbox 627 1523 1018 1578; x_wconf 90' lang='lat' dir='ltr'><strong>assentientes</strong></span> <span class='ocrx_word' id='word_1_99' title='bbox 1048 1521 1152 1588; x_wconf 90' lang='lat' dir='ltr'><strong>eis,</strong></span> <span class='ocrx_word' id='word_1_100' title='bbox 1180 1536 1374 1592; x_wconf 90' lang='lat' dir='ltr'><strong>neque</strong></span> <span class='ocrx_word' id='word_1_101' title='bbox 1403 1535 1542 1574; x_wconf 93' lang='lat' dir='ltr'><strong>cum</strong></span> <span class='ocrx_word' id='word_1_102' title='bbox 1569 1519 1652 1573; x_wconf 88' lang='lat' dir='ltr'><strong>eis</strong></span> <span class='ocrx_word' id='word_1_103' title='bbox 1685 1519 2140 1573; x_wconf 90' lang='lat' dir='ltr'><strong>communican-</strong></span> 
     </span>
    </p>
   </div>
   <div class='ocr_carea' id='block_1_18' title="bbox 485 1605 2188 1682">
    <p class='ocr_par' dir='ltr' id='par_1_18' title="bbox 485 1605 2188 1682">
     <span class='ocr_line' id='line_1_18' title="bbox 485 1605 2188 1682; baseline -0.004 -14"><span class='ocrx_word' id='word_1_104' title='bbox 485 1617 596 1681; x_wconf 85' lang='lat' dir='ltr'><strong>tes,</strong></span> <span class='ocrx_word' id='word_1_105' title='bbox 647 1611 997 1677; x_wconf 86' lang='lat' dir='ltr'><strong>moriuntur,</strong></span> <span class='ocrx_word' id='word_1_106' title='bbox 1027 1615 1342 1682; x_wconf 87' lang='lat' dir='ltr'><strong>propterea</strong></span> <span class='ocrx_word' id='word_1_107' title='bbox 1381 1607 1547 1680; x_wconf 90' lang='lat' dir='ltr'><strong>quod</strong></span> <span class='ocrx_word' id='word_1_108' title='bbox 1596 1607 1784 1663; x_wconf 88' lang='lat' dir='ltr'><strong>nolint</strong></span> <span class='ocrx_word' id='word_1_109' title='bbox 1841 1607 1899 1662; x_wconf 91' lang='lat' dir='ltr'><strong>in</strong></span> <span class='ocrx_word' id='word_1_110' title='bbox 1929 1605 2188 1662; x_wconf 83' lang='lat' dir='ltr'><strong>Montani</strong></span> 
     </span>
    </p>
   </div>
   <div class='ocr_carea' id='block_1_19' title="bbox 2246 537 3842 612">
    <p class='ocr_par' dir='ltr' id='par_1_19' title="bbox 2246 537 3842 612">
     <span class='ocr_line' id='line_1_19' title="bbox 2246 537 3842 612; baseline 0 -22"><span class='ocrx_word' id='word_1_111' title='bbox 2246 558 2338 612; x_wconf 88' lang='grc' dir='ltr'><strong>ρας</strong></span> <span class='ocrx_word' id='word_1_112' title='bbox 2393 539 2650 608; x_wconf 80' lang='grc' dir='ltr'><strong><em>λέγουσιν.</em></strong></span> <span class='ocrx_word' id='word_1_113' title='bbox 2707 537 2867 590; x_wconf 84' lang='grc' dir='ltr'><strong>Ἀλλὰ</strong></span> <span class='ocrx_word' id='word_1_114' title='bbox 2923 541 3009 589; x_wconf 88' lang='grc' dir='ltr'><strong><em>τὸν</em></strong></span> <span class='ocrx_word' id='word_1_115' title='bbox 3049 542 3280 609; x_wconf 84' lang='grc' dir='ltr'><strong><em>Χριστὸν</em></strong></span> <span class='ocrx_word' id='word_1_116' title='bbox 3332 537 3488 590; x_wconf 79' lang='grc' dir='ltr'><strong><em>αὐτὸν</em></strong></span> <span class='ocrx_word' id='word_1_117' title='bbox 3527 541 3672 590; x_wconf 80' lang='grc' dir='ltr'><strong>κατά</strong></span> <span class='ocrx_word' id='word_1_118' title='bbox 3728 538 3842 596; x_wconf 79' lang='grc' dir='ltr'><strong><em>ἀλή-</em></strong></span> 
     </span>
    </p>
   </div>
   <div class='ocr_carea' id='block_1_20' title="bbox 2251 625 3842 699">
    <p class='ocr_par' dir='ltr' id='par_1_20' title="bbox 2251 625 3842 699">
     <span class='ocr_line' id='line_1_20' title="bbox 2251 625 3842 699; baseline 0 -19"><span class='ocrx_word' id='word_1_119' title='bbox 2251 631 2388 680; x_wconf 85' lang='grc' dir='ltr'><strong><em>θειαν</em></strong></span> <span class='ocrx_word' id='word_1_120' title='bbox 2445 627 2550 699; x_wconf 81' lang='grc' dir='ltr'><strong><em>οὐχ</em></strong></span> <span class='ocrx_word' id='word_1_121' title='bbox 2605 625 3006 698; x_wconf 81' lang='grc' dir='ltr'><strong><em>ὁμολογοῦσι.»</em></strong></span> <span class='ocrx_word' id='word_1_122' title='bbox 3068 632 3167 680; x_wconf 77' lang='grc' dir='ltr'><strong>Καὶ</strong></span> <span class='ocrx_word' id='word_1_123' title='bbox 3218 628 3330 699; x_wconf 84' lang='grc' dir='ltr'><strong><em>μετ’</em></strong></span> <span class='ocrx_word' id='word_1_124' title='bbox 3371 626 3522 698; x_wconf 85' lang='grc' dir='ltr'><strong><em>ὀλίγα</em></strong></span> <span class='ocrx_word' id='word_1_125' title='bbox 3552 648 3565 661; x_wconf 92' lang='grc'>·</span> <span class='ocrx_word' id='word_1_126' title='bbox 3612 647 3644 679; x_wconf 82' lang='grc' dir='ltr'><strong>ι(</strong></span> <span class='ocrx_word' id='word_1_127' title='bbox 3677 627 3842 682; x_wconf 80' lang='grc' dir='ltr'><strong>Ἔνθεν</strong></span> 
     </span>
    </p>
   </div>
   <div class='ocr_carea' id='block_1_21' title="bbox 2248 713 3845 791">
    <p class='ocr_par' dir='ltr' id='par_1_21' title="bbox 2248 713 3845 791">
     <span class='ocr_line' id='line_1_21' title="bbox 2248 713 3845 791; baseline 0 -22"><span class='ocrx_word' id='word_1_128' title='bbox 2248 737 2328 769; x_wconf 90' lang='grc' dir='ltr'><strong>τοι</strong></span> <span class='ocrx_word' id='word_1_129' title='bbox 2356 721 2445 768; x_wconf 81' lang='grc' dir='ltr'><strong>καὶ</strong></span> <span class='ocrx_word' id='word_1_130' title='bbox 2475 713 2684 768; x_wconf 74' lang='grc' dir='ltr'><strong><em>ἐπειδάν</em></strong></span> <span class='ocrx_word' id='word_1_131' title='bbox 2717 720 2776 767; x_wconf 88' lang='grc' dir='ltr'><strong><em>τὸ</em></strong></span> <span class='ocrx_word' id='word_1_132' title='bbox 2836 723 2926 775; x_wconf 82' lang='grc' dir='ltr'><strong><em>τῆς</em></strong></span> <span class='ocrx_word' id='word_1_133' title='bbox 2977 718 3113 767; x_wconf 76' lang='grc' dir='ltr'><strong>κατὰ</strong></span> <span class='ocrx_word' id='word_1_134' title='bbox 3169 715 3412 774; x_wconf 80' lang='grc' dir='ltr'><strong><em>ἀλήθειαν</em></strong></span> <span class='ocrx_word' id='word_1_135' title='bbox 3463 722 3690 777; x_wconf 82' lang='grc' dir='ltr'><strong><em>πίστεως</em></strong></span> <span class='ocrx_word' id='word_1_136' title='bbox 3723 736 3845 791; x_wconf 74' lang='grc' dir='ltr'><strong><em>μαρ-</em></strong></span> 
     </span>
    </p>
   </div>
   <div class='ocr_carea' id='block_1_22' title="bbox 2247 803 3848 879">
    <p class='ocr_par' dir='ltr' id='par_1_22' title="bbox 2247 803 3848 879">
     <span class='ocr_line' id='line_1_22' title="bbox 2247 803 3848 879; baseline 0.001 -21"><span class='ocrx_word' id='word_1_137' title='bbox 2247 809 2423 879; x_wconf 87' lang='grc' dir='ltr'><strong><em>τύριον</em></strong></span> <span class='ocrx_word' id='word_1_138' title='bbox 2474 805 2742 866; x_wconf 84' lang='grc' dir='ltr'><strong><em>κληθέντες</em></strong></span> <span class='ocrx_word' id='word_1_139' title='bbox 2799 803 2900 856; x_wconf 84' lang='grc' dir='ltr'><strong>ἀπὸ</strong></span> <span class='ocrx_word' id='word_1_140' title='bbox 2949 813 3040 866; x_wconf 83' lang='grc' dir='ltr'><strong><em>τῆς</em></strong></span> <span class='ocrx_word' id='word_1_141' title='bbox 3078 805 3392 866; x_wconf 77' lang='grc' dir='ltr'><strong><em>Ἐκκλησίας</em></strong></span> <span class='ocrx_word' id='word_1_142' title='bbox 3444 810 3669 878; x_wconf 81' lang='grc' dir='ltr'><strong><em>τύχωσι</em></strong></span> <span class='ocrx_word' id='word_1_143' title='bbox 3725 811 3848 878; x_wconf 76' lang='grc' dir='ltr'><strong><em>μετὰ</em></strong></span> 
     </span>
    </p>
   </div>
   <div class='ocr_carea' id='block_1_23' title="bbox 2248 893 3845 970">
    <p class='ocr_par' dir='ltr' id='par_1_23' title="bbox 2248 893 3845 970">
     <span class='ocr_line' id='line_1_23' title="bbox 2248 893 3845 970; baseline 0 -22"><span class='ocrx_word' id='word_1_144' title='bbox 2248 905 2398 948; x_wconf 85' lang='grc' dir='ltr'><strong><em>τινῶν</em></strong></span> <span class='ocrx_word' id='word_1_145' title='bbox 2455 904 2555 946; x_wconf 88' lang='grc' dir='ltr'><strong>τῶν</strong></span> <span class='ocrx_word' id='word_1_146' title='bbox 2624 893 2725 947; x_wconf 78' lang='grc' dir='ltr'>ἀπὸ</span> <span class='ocrx_word' id='word_1_147' title='bbox 2805 902 2900 956; x_wconf 80' lang='grc' dir='ltr'><strong>τῆς</strong></span> <span class='ocrx_word' id='word_1_148' title='bbox 2982 901 3194 969; x_wconf 78' lang='grc' dir='ltr'><strong>Φρυγῶν</strong></span> <span class='ocrx_word' id='word_1_149' title='bbox 3254 897 3497 970; x_wconf 85' lang='grc' dir='ltr'><strong><em>αἱρέσεως</em></strong></span> <span class='ocrx_word' id='word_1_150' title='bbox 3560 896 3845 968; x_wconf 66' lang='grc' dir='ltr'><strong><em>λεγομένων</em></strong></span> 
     </span>
    </p>
   </div>
   <div class='ocr_carea' id='block_1_24' title="bbox 2248 981 3849 1059">
    <p class='ocr_par' dir='ltr' id='par_1_24' title="bbox 2248 981 3849 1059">
     <span class='ocr_line' id='line_1_24' title="bbox 2248 981 3849 1059; baseline 0.001 -23"><span class='ocrx_word' id='word_1_151' title='bbox 2248 987 2544 1059; x_wconf 83' lang='grc' dir='ltr'><strong><em>μαρτύρων,</em></strong></span> <span class='ocrx_word' id='word_1_152' title='bbox 2580 981 2916 1056; x_wconf 79' lang='grc' dir='ltr'><strong>διαφέρονται</strong></span> <span class='ocrx_word' id='word_1_153' title='bbox 2967 989 3098 1056; x_wconf 88' lang='grc' dir='ltr'><strong><em>πρὸς</em></strong></span> <span class='ocrx_word' id='word_1_154' title='bbox 3150 985 3357 1050; x_wconf 75' lang='grc' dir='ltr'><strong><em>αὐτοὺς,</em></strong></span> <span class='ocrx_word' id='word_1_155' title='bbox 3401 990 3491 1038; x_wconf 77' lang='grc' dir='ltr'><strong>καὶ</strong></span> <span class='ocrx_word' id='word_1_156' title='bbox 3547 991 3627 1058; x_wconf 80' lang='grc' dir='ltr'><strong>μή</strong></span> <span class='ocrx_word' id='word_1_157' title='bbox 3680 1005 3849 1038; x_wconf 74' lang='grc' dir='ltr'><strong><em>κοινω·</em></strong></span> 
     </span>
    </p>
   </div>
   <div class='ocr_carea' id='block_1_25' title="bbox 2247 1071 3849 1147">
    <p class='ocr_par' dir='ltr' id='par_1_25' title="bbox 2247 1071 3849 1147">
     <span class='ocr_line' id='line_1_25' title="bbox 2247 1071 3849 1147; baseline 0 -21"><span class='ocrx_word' id='word_1_158' title='bbox 2247 1079 2498 1133; x_wconf 76' lang='grc' dir='ltr'><strong>νήσαντες</strong></span> <span class='ocrx_word' id='word_1_159' title='bbox 2546 1073 2744 1138; x_wconf 74' lang='grc' dir='ltr'><strong><em>αὐτοῖς,</em></strong></span> <span class='ocrx_word' id='word_1_160' title='bbox 2796 1073 3128 1139; x_wconf 85' lang='grc' dir='ltr'><strong><em>τελειοῦνται,</em></strong></span> <span class='ocrx_word' id='word_1_161' title='bbox 3179 1071 3274 1126; x_wconf 81' lang='grc' dir='ltr'><strong><em>διὰ</em></strong></span> <span class='ocrx_word' id='word_1_162' title='bbox 3329 1079 3385 1128; x_wconf 98' lang='lat'><strong>1&#39;6</strong></span> <span class='ocrx_word' id='word_1_163' title='bbox 3436 1080 3508 1146; x_wconf 80' lang='grc' dir='ltr'><strong>μή</strong></span> <span class='ocrx_word' id='word_1_164' title='bbox 3563 1074 3849 1147; x_wconf 74' lang='grc' dir='ltr'><strong><em>βούλεσθαι</em></strong></span> 
     </span>
    </p>
   </div>
   <div class='ocr_carea' id='block_1_26' title="bbox 2251 1159 3850 1236">
    <p class='ocr_par' dir='ltr' id='par_1_26' title="bbox 2251 1159 3850 1236">
     <span class='ocr_line' id='line_1_26' title="bbox 2251 1159 3850 1236; baseline 0.001 -22"><span class='ocrx_word' id='word_1_165' title='bbox 2251 1165 2682 1233; x_wconf 83' lang='grc' dir='ltr'><strong><em>συγκαταθέσθαι</em></strong></span> <span class='ocrx_word' id='word_1_166' title='bbox 2729 1170 2801 1233; x_wconf 89' lang='grc' dir='ltr'><strong><em>τῷ</em></strong></span> <span class='ocrx_word' id='word_1_167' title='bbox 2849 1159 2943 1215; x_wconf 81' lang='grc' dir='ltr'><strong>διὰ</strong></span> <span class='ocrx_word' id='word_1_168' title='bbox 2996 1169 3265 1216; x_wconf 85' lang='grc' dir='ltr'><strong><em>Μοντανοῦ</em></strong></span> <span class='ocrx_word' id='word_1_169' title='bbox 3312 1169 3402 1217; x_wconf 79' lang='grc' dir='ltr'><strong>καὶ</strong></span> <span class='ocrx_word' id='word_1_170' title='bbox 3451 1173 3553 1216; x_wconf 83' lang='grc' dir='ltr'><strong>τῶν</strong></span> <span class='ocrx_word' id='word_1_171' title='bbox 3591 1173 3850 1236; x_wconf 76' lang='grc' dir='ltr'><strong><em>γυναικῶν</em></strong></span> 
     </span>
    </p>
   </div>
   <div class='ocr_carea' id='block_1_27' title="bbox 2247 1251 3850 1328">
    <p class='ocr_par' dir='ltr' id='par_1_27' title="bbox 2247 1251 3850 1328">
     <span class='ocr_line' id='line_1_27' title="bbox 2247 1251 3850 1328; baseline 0.002 -24"><span class='ocrx_word' id='word_1_172' title='bbox 2247 1255 2522 1324; x_wconf 81' lang='grc' dir='ltr'><strong><em>πνεύματι.</em></strong></span> <span class='ocrx_word' id='word_1_173' title='bbox 2610 1258 2712 1304; x_wconf 81' lang='grc' dir='ltr'><strong>Καὶ</strong></span> <span class='ocrx_word' id='word_1_174' title='bbox 2785 1253 2864 1305; x_wconf 84' lang='grc' dir='ltr'><strong><em>ὅτι</em></strong></span> <span class='ocrx_word' id='word_1_175' title='bbox 2911 1253 3053 1304; x_wconf 84' lang='grc' dir='ltr'><strong><em>τοῦτ’</em></strong></span> <span class='ocrx_word' id='word_1_176' title='bbox 3111 1251 3295 1314; x_wconf 76' lang='grc' dir='ltr'><strong>ἀληθὲς</strong></span> <span class='ocrx_word' id='word_1_177' title='bbox 3350 1259 3439 1306; x_wconf 76' lang='grc' dir='ltr'><strong>καὶ</strong></span> <span class='ocrx_word' id='word_1_178' title='bbox 3499 1253 3550 1306; x_wconf 84' lang='grc' dir='ltr'><strong>ἐν</strong></span> <span class='ocrx_word' id='word_1_179' title='bbox 3623 1256 3850 1328; x_wconf 73' lang='grc' dir='ltr'><strong><em>ἡμετέρῳ</em></strong></span> 
     </span>
    </p>
   </div>
   <div class='ocr_carea' id='block_1_28' title="bbox 2249 1340 3848 1416">
    <p class='ocr_par' dir='ltr' id='par_1_28' title="bbox 2249 1340 3848 1416">
     <span class='ocr_line' id='line_1_28' title="bbox 2249 1340 3848 1416; baseline 0.002 -25"><span class='ocrx_word' id='word_1_180' title='bbox 2249 1347 2424 1412; x_wconf 83' lang='grc' dir='ltr'><strong>χρόνῳ</strong></span> <span class='ocrx_word' id='word_1_181' title='bbox 2491 1340 2539 1392; x_wconf 78' lang='grc' dir='ltr'><strong>ἓν</strong></span> <span class='ocrx_word' id='word_1_182' title='bbox 2607 1342 2868 1413; x_wconf 78' lang='grc' dir='ltr'><strong>Ἀπαμείᾳ</strong></span> <span class='ocrx_word' id='word_1_183' title='bbox 2920 1350 2982 1414; x_wconf 76' lang='grc' dir='ltr'><strong><em>τῇ</em></strong></span> <span class='ocrx_word' id='word_1_184' title='bbox 3035 1345 3160 1416; x_wconf 87' lang='grc' dir='ltr'><strong><em>πρὸς</em></strong></span> <span class='ocrx_word' id='word_1_185' title='bbox 3229 1340 3526 1416; x_wconf 76' lang='grc' dir='ltr'><strong>Μαιάνδρῳ</strong></span> <span class='ocrx_word' id='word_1_186' title='bbox 3595 1345 3848 1414; x_wconf 85' lang='grc' dir='ltr'><strong><em>τυγχάνει</em></strong></span> 
     </span>
    </p>
   </div>
   <div class='ocr_carea' id='block_1_29' title="bbox 2247 1428 3848 1506">
    <p class='ocr_par' dir='ltr' id='par_1_29' title="bbox 2247 1428 3848 1506">
     <span class='ocr_line' id='line_1_29' title="bbox 2247 1428 3848 1506; baseline 0.002 -25"><span class='ocrx_word' id='word_1_187' title='bbox 2247 1434 2600 1502; x_wconf 73' lang='grc' dir='ltr'><strong>γεγενημένον,</strong></span> <span class='ocrx_word' id='word_1_188' title='bbox 2681 1430 2730 1481; x_wconf 81' lang='grc' dir='ltr'><strong>ἐν</strong></span> <span class='ocrx_word' id='word_1_189' title='bbox 2790 1438 2900 1491; x_wconf 86' lang='grc' dir='ltr'><strong><em>τοῖς</em></strong></span> <span class='ocrx_word' id='word_1_190' title='bbox 2966 1435 3082 1506; x_wconf 81' lang='grc' dir='ltr'>περὶ</span> <span class='ocrx_word' id='word_1_191' title='bbox 3149 1433 3303 1483; x_wconf 87' lang='grc' dir='ltr'><strong><em>Γάίον</em></strong></span> <span class='ocrx_word' id='word_1_192' title='bbox 3364 1436 3453 1484; x_wconf 78' lang='grc' dir='ltr'><strong>καὶ</strong></span> <span class='ocrx_word' id='word_1_193' title='bbox 3504 1428 3848 1503; x_wconf 76' lang='grc' dir='ltr'><strong><em>Ἀλέξανδρον</em></strong></span> 
     </span>
    </p>
   </div>
   <div class='ocr_carea' id='block_1_30' title="bbox 2248 1518 3561 1596">
    <p class='ocr_par' dir='ltr' id='par_1_30' title="bbox 2248 1518 3561 1596">
     <span class='ocr_line' id='line_1_30' title="bbox 2248 1518 3561 1596; baseline 0.002 -26"><span class='ocrx_word' id='word_1_194' title='bbox 2248 1524 2365 1592; x_wconf 84' lang='grc' dir='ltr'>περὶ</span> <span class='ocrx_word' id='word_1_195' title='bbox 2387 1519 2664 1591; x_wconf 75' lang='grc' dir='ltr'><strong><em>Εὐμενείας</em></strong></span> <span class='ocrx_word' id='word_1_196' title='bbox 2687 1519 2766 1590; x_wconf 83' lang='grc' dir='ltr'><strong>(Ι)</strong></span> <span class='ocrx_word' id='word_1_197' title='bbox 2805 1525 3186 1595; x_wconf 88' lang='grc' dir='ltr'><strong><em>μαρτυρήσασι</em></strong></span> <span class='ocrx_word' id='word_1_198' title='bbox 3213 1518 3476 1596; x_wconf 81' lang='grc' dir='ltr'><strong><em>πρόδηλον</em></strong></span> <span class='ocrx_word' id='word_1_199' title='bbox 3506 1543 3561 1577; x_wconf 73' lang='grc' dir='ltr'><strong>ε).</strong></span> 
     </span>
    </p>
   </div>
   <div class='ocr_carea' id='block_1_31' title="bbox 2248 1608 3850 1682">
    <p class='ocr_par' dir='ltr' id='par_1_31' title="bbox 2248 1608 3850 1682">
     <span class='ocr_line' id='line_1_31' title="bbox 2248 1608 3850 1682; baseline 0.002 -20"><span class='ocrx_word' id='word_1_200' title='bbox 2248 1608 2858 1682; x_wconf 86' lang='lat' dir='ltr'><strong>muliercularumque</strong></span> <span class='ocrx_word' id='word_1_201' title='bbox 2879 1611 3010 1680; x_wconf 89' lang='lat' dir='ltr'><strong>ejus</strong></span> <span class='ocrx_word' id='word_1_202' title='bbox 3042 1611 3287 1682; x_wconf 89' lang='lat' dir='ltr'><strong>spiritus</strong></span> <span class='ocrx_word' id='word_1_203' title='bbox 3309 1612 3683 1668; x_wconf 85' lang='lat' dir='ltr'><strong>sententiam</strong></span> <span class='ocrx_word' id='word_1_204' title='bbox 3723 1627 3850 1667; x_wconf 88' lang='lat' dir='ltr'><strong>con-</strong></span> 
     </span>
    </p>
   </div>
   <div class='ocr_carea' id='block_1_32' title="bbox 486 1698 3852 1770">
    <p class='ocr_par' dir='ltr' id='par_1_32' title="bbox 486 1698 3852 1770">
     <span class='ocr_line' id='line_1_32' title="bbox 486 1698 3852 1770; baseline -0.001 -12"><span class='ocrx_word' id='word_1_205' title='bbox 486 1702 718 1758; x_wconf 87' lang='lat' dir='ltr'><strong>cedere.</strong></span> <span class='ocrx_word' id='word_1_206' title='bbox 751 1701 817 1755; x_wconf 92' lang='lat' dir='ltr'><strong>Id</strong></span> <span class='ocrx_word' id='word_1_207' title='bbox 849 1707 1049 1758; x_wconf 89' lang='lat' dir='ltr'><strong>autem</strong></span> <span class='ocrx_word' id='word_1_208' title='bbox 1078 1714 1289 1753; x_wconf 82' lang='lat' dir='ltr'><strong>verum</strong></span> <span class='ocrx_word' id='word_1_209' title='bbox 1319 1713 1470 1762; x_wconf 91' lang='lat' dir='ltr'><strong>esse,</strong></span> <span class='ocrx_word' id='word_1_210' title='bbox 1499 1698 1665 1768; x_wconf 89' lang='lat' dir='ltr'><strong>quod</strong></span> <span class='ocrx_word' id='word_1_211' title='bbox 1696 1702 1898 1751; x_wconf 83' lang='lat' dir='ltr'><strong>nostro</strong></span> <span class='ocrx_word' id='word_1_212' title='bbox 1949 1711 2194 1767; x_wconf 89' lang='lat' dir='ltr'><strong>quoque</strong></span> <span class='ocrx_word' id='word_1_213' title='bbox 2229 1712 2360 1752; x_wconf 66' lang='lat' dir='ltr'><strong>aeva</strong></span> <span class='ocrx_word' id='word_1_214' title='bbox 2409 1699 2712 1768; x_wconf 74' lang='lat' dir='ltr'><strong>Apameaa,</strong></span> <span class='ocrx_word' id='word_1_215' title='bbox 2746 1715 2884 1770; x_wconf 64' lang='lat' dir='ltr'><strong>qua</strong></span> <span class='ocrx_word' id='word_1_216' title='bbox 2929 1699 3009 1754; x_wconf 90' lang='lat' dir='ltr'><strong>ad</strong></span> <span class='ocrx_word' id='word_1_217' title='bbox 3059 1701 3423 1756; x_wconf 70' lang='lat' dir='ltr'><strong>Maeandrum</strong></span> <span class='ocrx_word' id='word_1_218' title='bbox 3453 1699 3725 1757; x_wconf 85' lang='lat' dir='ltr'><strong>ﬂuvium</strong></span> <span class='ocrx_word' id='word_1_219' title='bbox 3751 1702 3852 1756; x_wconf 79' lang='lat' dir='ltr'><strong>sita</strong></span> 
     </span>
    </p>
   </div>
   <div class='ocr_carea' id='block_1_33' title="bbox 485 1784 3852 1863">
    <p class='ocr_par' dir='ltr' id='par_1_33' title="bbox 485 1784 3852 1863">
     <span class='ocr_line' id='line_1_33' title="bbox 485 1784 3852 1863; baseline 0 -17"><span class='ocrx_word' id='word_1_220' title='bbox 485 1789 832 1855; x_wconf 87' lang='lat' dir='ltr'><strong>est.accidit,</strong></span> <span class='ocrx_word' id='word_1_221' title='bbox 891 1787 1234 1859; x_wconf 85' lang='lat' dir='ltr'><strong>exemplum</strong></span> <span class='ocrx_word' id='word_1_222' title='bbox 1273 1785 1559 1850; x_wconf 89' lang='lat' dir='ltr'><strong>declarat,</strong></span> <span class='ocrx_word' id='word_1_223' title='bbox 1587 1785 1647 1840; x_wconf 89' lang='lat' dir='ltr'><strong>in</strong></span> <span class='ocrx_word' id='word_1_224' title='bbox 1704 1785 1842 1840; x_wconf 88' lang='lat' dir='ltr'><strong>Caio</strong></span> <span class='ocrx_word' id='word_1_225' title='bbox 1891 1788 1949 1839; x_wconf 88' lang='lat' dir='ltr'><strong>et</strong></span> <span class='ocrx_word' id='word_1_226' title='bbox 1997 1784 2333 1842; x_wconf 86' lang='lat' dir='ltr'><strong>Alexandro</strong></span> <span class='ocrx_word' id='word_1_227' title='bbox 2387 1787 2689 1842; x_wconf 69' lang='lat' dir='ltr'><strong>Eumenius</strong></span> <span class='ocrx_word' id='word_1_228' title='bbox 2733 1788 3060 1859; x_wconf 82' lang='lat' dir='ltr'><strong>prognatis,</strong></span> <span class='ocrx_word' id='word_1_229' title='bbox 3088 1789 3195 1861; x_wconf 87' lang='lat' dir='ltr'><strong>qui</strong></span> <span class='ocrx_word' id='word_1_230' title='bbox 3245 1791 3607 1863; x_wconf 88' lang='lat' dir='ltr'><strong>martyrium</strong></span> <span class='ocrx_word' id='word_1_231' title='bbox 3646 1791 3852 1846; x_wconf 81' lang='lat' dir='ltr'><strong>subie-</strong></span> 
     </span>
    </p>
   </div>
   <div class='ocr_carea' id='block_1_34' title="bbox 487 1883 710 1937">
    <p class='ocr_par' dir='ltr' id='par_1_34' title="bbox 487 1883 710 1937">
     <span class='ocr_line' id='line_1_34' title="bbox 487 1883 710 1937; baseline -0.027 -1"><span class='ocrx_word' id='word_1_232' title='bbox 487 1883 648 1937; x_wconf 88' lang='lat' dir='ltr'><strong>runt.</strong></span> <span class='ocrx_word' id='word_1_233' title='bbox 685 1900 710 1930; x_wconf 74' lang='grc' dir='ltr'>ν</span> 
     </span>
    </p>
   </div>
   <div class='ocr_carea' id='block_1_35' title="bbox 1089 1963 1534 2021">
    <p class='ocr_par' dir='ltr' id='par_1_35' title="bbox 1089 1963 1534 2021">
     <span class='ocr_line' id='line_1_35' title="bbox 1089 1963 1534 2021; baseline -0.009 -1"><span class='ocrx_word' id='word_1_234' title='bbox 1089 1967 1314 2021; x_wconf 84' lang='lat' dir='ltr'><strong>CAPUT</strong></span> <span class='ocrx_word' id='word_1_235' title='bbox 1355 1963 1534 2019; x_wconf 84' lang='lat' dir='ltr'><strong>XXIV.</strong></span> 
     </span>
    </p>
   </div>
   <div class='ocr_carea' id='block_1_36' title="bbox 492 2053 2145 2136">
    <p class='ocr_par' dir='ltr' id='par_1_36' title="bbox 492 2053 2145 2136">
     <span class='ocr_line' id='line_1_36' title="bbox 492 2053 2145 2136; baseline -0.002 -24"><span class='ocrx_word' id='word_1_236' title='bbox 492 2057 634 2126; x_wconf 60' lang='lat' dir='ltr'><strong>Qum</strong></span> <span class='ocrx_word' id='word_1_237' title='bbox 658 2057 835 2114; x_wconf 77' lang='lat' dir='ltr'><strong>etiam</strong></span> <span class='ocrx_word' id='word_1_238' title='bbox 881 2055 1198 2120; x_wconf 79' lang='lat' dir='ltr'><strong>Miltiades,</strong></span> <span class='ocrx_word' id='word_1_239' title='bbox 1232 2053 1823 2136; x_wconf 51' lang='grc' dir='ltr'><strong><em>υίνχθεειςείαειὶσαε,</em></strong></span> <span class='ocrx_word' id='word_1_240' title='bbox 1868 2053 2145 2109; x_wconf 77' lang='lat' dir='ltr'><strong>adversus</strong></span> 
     </span>
    </p>
   </div>
   <div class='ocr_carea' id='block_1_37' title="bbox 1086 2131 1562 2194">
    <p class='ocr_par' dir='ltr' id='par_1_37' title="bbox 1086 2131 1562 2194">
     <span class='ocr_line' id='line_1_37' title="bbox 1086 2131 1562 2194; baseline -0.008 -11"><span class='ocrx_word' id='word_1_241' title='bbox 1086 2142 1211 2183; x_wconf 86' lang='lat' dir='ltr'><strong>eam</strong></span> <span class='ocrx_word' id='word_1_242' title='bbox 1237 2131 1562 2194; x_wconf 77' lang='lat' dir='ltr'><strong>scripserit.</strong></span> 
     </span>
    </p>
   </div>
   <div class='ocr_carea' id='block_1_38' title="bbox 562 2214 2147 2288">
    <p class='ocr_par' dir='ltr' id='par_1_38' title="bbox 562 2214 2147 2288">
     <span class='ocr_line' id='line_1_38' title="bbox 562 2214 2147 2288; baseline -0.003 -16"><span class='ocrx_word' id='word_1_243' title='bbox 562 2217 727 2274; x_wconf 87' lang='lat' dir='ltr'><strong>Idem</strong></span> <span class='ocrx_word' id='word_1_244' title='bbox 767 2216 1056 2288; x_wconf 90' lang='lat' dir='ltr'><strong>scriptum</strong></span> <span class='ocrx_word' id='word_1_245' title='bbox 1102 2215 1374 2270; x_wconf 87' lang='lat' dir='ltr'><strong>Miltiadis</strong></span> <span class='ocrx_word' id='word_1_246' title='bbox 1416 2214 1718 2286; x_wconf 88' lang='lat' dir='ltr'><strong>scriptoris</strong></span> <span class='ocrx_word' id='word_1_247' title='bbox 1756 2229 1999 2285; x_wconf 85' lang='lat' dir='ltr'><strong>quoque</strong></span> <span class='ocrx_word' id='word_1_248' title='bbox 2025 2228 2147 2268; x_wconf 92' lang='lat' dir='ltr'><strong>me-</strong></span> 
     </span>
    </p>
   </div>
   <div class='ocr_carea' id='block_1_39' title="bbox 487 2303 2146 2378">
    <p class='ocr_par' dir='ltr' id='par_1_39' title="bbox 487 2303 2146 2378">
     <span class='ocr_line' id='line_1_39' title="bbox 487 2303 2146 2378; baseline -0.004 -14"><span class='ocrx_word' id='word_1_249' title='bbox 487 2307 666 2364; x_wconf 90' lang='lat' dir='ltr'><strong>minit</strong></span> <span class='ocrx_word' id='word_1_250' title='bbox 686 2306 1023 2378; x_wconf 88' lang='lat' dir='ltr'><strong>cujusdam,</strong></span> <span class='ocrx_word' id='word_1_251' title='bbox 1050 2305 1153 2377; x_wconf 87' lang='lat' dir='ltr'><strong>qui</strong></span> <span class='ocrx_word' id='word_1_252' title='bbox 1182 2310 1240 2360; x_wconf 91' lang='lat' dir='ltr'><strong>et</strong></span> <span class='ocrx_word' id='word_1_253' title='bbox 1264 2304 1392 2375; x_wconf 91' lang='lat' dir='ltr'><strong>ipse</strong></span> <span class='ocrx_word' id='word_1_254' title='bbox 1421 2311 1630 2359; x_wconf 87' lang='lat' dir='ltr'><strong>contra</strong></span> <span class='ocrx_word' id='word_1_255' title='bbox 1657 2303 1934 2358; x_wconf 87' lang='lat' dir='ltr'><strong>eamdem</strong></span> <span class='ocrx_word' id='word_1_256' title='bbox 1963 2303 2146 2359; x_wconf 64' lang='lat' dir='ltr'><strong>haere-</strong></span> 
     </span>
    </p>
   </div>
   <div class='ocr_carea' id='block_1_40' title="bbox 489 2393 2146 2466">
    <p class='ocr_par' dir='ltr' id='par_1_40' title="bbox 489 2393 2146 2466">
     <span class='ocr_line' id='line_1_40' title="bbox 489 2393 2146 2466; baseline -0.002 -14"><span class='ocrx_word' id='word_1_257' title='bbox 489 2397 604 2452; x_wconf 87' lang='lat' dir='ltr'><strong>sim</strong></span> <span class='ocrx_word' id='word_1_258' title='bbox 633 2396 806 2452; x_wconf 91' lang='lat' dir='ltr'><strong>docte</strong></span> <span class='ocrx_word' id='word_1_259' title='bbox 851 2394 1170 2466; x_wconf 88' lang='lat' dir='ltr'><strong>scripserit,</strong></span> <span class='ocrx_word' id='word_1_260' title='bbox 1212 2393 1374 2449; x_wconf 90' lang='lat' dir='ltr'><strong>dicta</strong></span> <span class='ocrx_word' id='word_1_261' title='bbox 1402 2393 1686 2464; x_wconf 66' lang='lat' dir='ltr'><strong>quaedam</strong></span> <span class='ocrx_word' id='word_1_262' title='bbox 1723 2394 1852 2461; x_wconf 86' lang='lat' dir='ltr'><strong>ejus</strong></span> <span class='ocrx_word' id='word_1_263' title='bbox 1879 2393 1956 2448; x_wconf 89' lang='lat' dir='ltr'><strong>ad</strong></span> <span class='ocrx_word' id='word_1_264' title='bbox 1987 2394 2146 2448; x_wconf 91' lang='lat' dir='ltr'><strong>hunc</strong></span> 
     </span>
    </p>
   </div>
   <div class='ocr_carea' id='block_1_41' title="bbox 487 2481 2146 2559">
    <p class='ocr_par' dir='ltr' id='par_1_41' title="bbox 487 2481 2146 2559">
     <span class='ocr_line' id='line_1_41' title="bbox 487 2481 2146 2559; baseline -0.002 -19"><span class='ocrx_word' id='word_1_265' title='bbox 487 2501 678 2559; x_wconf 91' lang='lat' dir='ltr'><strong>prope</strong></span> <span class='ocrx_word' id='word_1_266' title='bbox 708 2484 953 2541; x_wconf 89' lang='lat' dir='ltr'><strong>modum</strong></span> <span class='ocrx_word' id='word_1_267' title='bbox 983 2485 1171 2540; x_wconf 90' lang='lat' dir='ltr'><strong>citans</strong></span> <span class='ocrx_word' id='word_1_268' title='bbox 1192 2499 1208 2538; x_wconf 89' lang='lat'><strong>:</strong></span> <span class='ocrx_word' id='word_1_269' title='bbox 1233 2502 1260 2534; x_wconf 82' lang='grc' dir='ltr'><strong>α</strong></span> <span class='ocrx_word' id='word_1_270' title='bbox 1280 2485 1432 2547; x_wconf 66' lang='lat' dir='ltr'><strong>Haec,</strong></span> <span class='ocrx_word' id='word_1_271' title='bbox 1465 2499 1601 2538; x_wconf 90' lang='lat' dir='ltr'><strong>cum</strong></span> <span class='ocrx_word' id='word_1_272' title='bbox 1630 2483 1688 2537; x_wconf 93' lang='lat' dir='ltr'><strong>in</strong></span> <span class='ocrx_word' id='word_1_273' title='bbox 1713 2481 2146 2537; x_wconf 88' lang='lat' dir='ltr'><strong>commentario</strong></span> 
     </span>
    </p>
   </div>
   <div class='ocr_carea' id='block_1_42' title="bbox 487 2571 2122 2647">
    <p class='ocr_par' dir='ltr' id='par_1_42' title="bbox 487 2571 2122 2647">
     <span class='ocr_line' id='line_1_42' title="bbox 487 2571 2122 2647; baseline -0.003 -18"><span class='ocrx_word' id='word_1_274' title='bbox 487 2574 758 2647; x_wconf 88' lang='lat' dir='ltr'><strong>quodam</strong></span> <span class='ocrx_word' id='word_1_275' title='bbox 789 2573 871 2644; x_wconf 79' lang='grc'>(2)</span> <span class='ocrx_word' id='word_1_276' title='bbox 905 2571 1180 2628; x_wconf 86' lang='lat' dir='ltr'><strong>Miltiadis</strong></span> <span class='ocrx_word' id='word_1_277' title='bbox 1212 2573 1434 2635; x_wconf 86' lang='lat' dir='ltr'><strong>fratris,</strong></span> <span class='ocrx_word' id='word_1_278' title='bbox 1465 2572 1527 2626; x_wconf 89' lang='lat' dir='ltr'><strong>in</strong></span> <span class='ocrx_word' id='word_1_279' title='bbox 1549 2587 1672 2642; x_wconf 93' lang='lat' dir='ltr'><strong>quo</strong></span> <span class='ocrx_word' id='word_1_280' title='bbox 1699 2572 1908 2626; x_wconf 88' lang='lat' dir='ltr'><strong>asserit</strong></span> <span class='ocrx_word' id='word_1_281' title='bbox 1933 2577 1990 2626; x_wconf 91' lang='lat' dir='ltr'><strong>et</strong></span> <span class='ocrx_word' id='word_1_282' title='bbox 2015 2586 2122 2642; x_wconf 92' lang='lat' dir='ltr'><strong>pro</strong></span> 
     </span>
    </p>
   </div>
   <div class='ocr_carea' id='block_1_43' title="bbox 487 2660 2146 2734">
    <p class='ocr_par' dir='ltr' id='par_1_43' title="bbox 487 2660 2146 2734">
     <span class='ocr_line' id='line_1_43' title="bbox 487 2660 2146 2734; baseline -0.002 -16"><span class='ocrx_word' id='word_1_283' title='bbox 487 2661 616 2727; x_wconf 87' lang='lat' dir='ltr'><strong>bat,</strong></span> <span class='ocrx_word' id='word_1_284' title='bbox 637 2662 962 2734; x_wconf 90' lang='lat' dir='ltr'><strong>prophetas</strong></span> <span class='ocrx_word' id='word_1_285' title='bbox 987 2677 1108 2717; x_wconf 92' lang='lat' dir='ltr'><strong>non</strong></span> <span class='ocrx_word' id='word_1_286' title='bbox 1135 2663 1194 2716; x_wconf 93' lang='lat' dir='ltr'><strong>in</strong></span> <span class='ocrx_word' id='word_1_287' title='bbox 1218 2660 1439 2716; x_wconf 82' lang='lat' dir='ltr'><strong>exstasi</strong></span> <span class='ocrx_word' id='word_1_288' title='bbox 1469 2666 1524 2715; x_wconf 91' lang='lat' dir='ltr'><strong>et</strong></span> <span class='ocrx_word' id='word_1_289' title='bbox 1561 2660 2045 2715; x_wconf 88' lang='lat' dir='ltr'><strong>consternatione</strong></span> <span class='ocrx_word' id='word_1_290' title='bbox 2061 2661 2146 2714; x_wconf 88' lang='lat' dir='ltr'><strong>lo-</strong></span> 
     </span>
    </p>
   </div>
   <div class='ocr_carea' id='block_1_44' title="bbox 488 2750 2146 2824">
    <p class='ocr_par' dir='ltr' id='par_1_44' title="bbox 488 2750 2146 2824">
     <span class='ocr_line' id='line_1_44' title="bbox 488 2750 2146 2824; baseline -0.001 -18"><span class='ocrx_word' id='word_1_291' title='bbox 488 2753 589 2822; x_wconf 88' lang='lat' dir='ltr'><strong>qui</strong></span> <span class='ocrx_word' id='word_1_292' title='bbox 614 2756 907 2824; x_wconf 89' lang='lat' dir='ltr'><strong>oportere,</strong></span> <span class='ocrx_word' id='word_1_293' title='bbox 936 2750 1324 2815; x_wconf 89' lang='lat' dir='ltr'><strong>invenissem,</strong></span> <span class='ocrx_word' id='word_1_294' title='bbox 1352 2751 1413 2804; x_wconf 92' lang='lat' dir='ltr'><strong>in</strong></span> <span class='ocrx_word' id='word_1_295' title='bbox 1441 2751 1742 2820; x_wconf 88' lang='lat' dir='ltr'><strong>epitomen</strong></span> <span class='ocrx_word' id='word_1_296' title='bbox 1780 2755 1836 2804; x_wconf 91' lang='lat' dir='ltr'><strong>et</strong></span> <span class='ocrx_word' id='word_1_297' title='bbox 1865 2765 2146 2820; x_wconf 90' lang='lat' dir='ltr'><strong>compen-</strong></span> 
     </span>
    </p>
   </div>
   <div class='ocr_carea' id='block_1_45' title="bbox 489 2838 2144 2912">
    <p class='ocr_par' dir='ltr' id='par_1_45' title="bbox 489 2838 2144 2912">
     <span class='ocr_line' id='line_1_45' title="bbox 489 2838 2144 2912; baseline -0.002 -16"><span class='ocrx_word' id='word_1_298' title='bbox 489 2839 657 2896; x_wconf 87' lang='lat' dir='ltr'><strong>dium</strong></span> <span class='ocrx_word' id='word_1_299' title='bbox 670 2840 892 2912; x_wconf 78' lang='lat' dir='ltr'><strong>redegi.</strong></span> <span class='ocrx_word' id='word_1_300' title='bbox 923 2838 1311 2908; x_wconf 90' lang='lat' dir='ltr'><strong>Progrediens</strong></span> <span class='ocrx_word' id='word_1_301' title='bbox 1328 2839 1542 2894; x_wconf 91' lang='lat' dir='ltr'><strong>deinde</strong></span> <span class='ocrx_word' id='word_1_302' title='bbox 1556 2839 1825 2894; x_wconf 89' lang='lat' dir='ltr'><strong>oratione</strong></span> <span class='ocrx_word' id='word_1_303' title='bbox 1849 2855 1977 2904; x_wconf 90' lang='lat' dir='ltr'><strong>sua,</strong></span> <span class='ocrx_word' id='word_1_304' title='bbox 2003 2838 2144 2894; x_wconf 87' lang='lat' dir='ltr'><strong>Novi</strong></span> 
     </span>
    </p>
   </div>
   <div class='ocr_carea' id='block_1_46' title="bbox 487 2927 2145 3000">
    <p class='ocr_par' dir='ltr' id='par_1_46' title="bbox 487 2927 2145 3000">
     <span class='ocr_line' id='line_1_46' title="bbox 487 2927 2145 3000; baseline -0.001 -16"><span class='ocrx_word' id='word_1_305' title='bbox 487 2930 849 2984; x_wconf 90' lang='lat' dir='ltr'><strong>Testamenti</strong></span> <span class='ocrx_word' id='word_1_306' title='bbox 878 2929 1204 3000; x_wconf 88' lang='lat' dir='ltr'><strong>prophetas</strong></span> <span class='ocrx_word' id='word_1_307' title='bbox 1242 2934 1572 2992; x_wconf 90' lang='lat' dir='ltr'><strong>enumerat,</strong></span> <span class='ocrx_word' id='word_1_308' title='bbox 1613 2927 1675 2981; x_wconf 91' lang='lat' dir='ltr'><strong>in</strong></span> <span class='ocrx_word' id='word_1_309' title='bbox 1709 2927 1932 2998; x_wconf 87' lang='lat' dir='ltr'><strong>quibus</strong></span> <span class='ocrx_word' id='word_1_310' title='bbox 1963 2929 2145 2983; x_wconf 89' lang='lat' dir='ltr'><strong>etiam</strong></span> 
     </span>
    </p>
   </div>
   <div class='ocr_carea' id='block_1_47' title="bbox 488 3016 2144 3089">
    <p class='ocr_par' dir='ltr' id='par_1_47' title="bbox 488 3016 2144 3089">
     <span class='ocr_line' id='line_1_47' title="bbox 488 3016 2144 3089; baseline 0 -17"><span class='ocrx_word' id='word_1_311' title='bbox 488 3018 791 3073; x_wconf 83' lang='lat' dir='ltr'><strong>Ammiam</strong></span> <span class='ocrx_word' id='word_1_312' title='bbox 819 3017 1238 3089; x_wconf 89' lang='lat' dir='ltr'><strong>quamdam,et</strong></span> <span class='ocrx_word' id='word_1_313' title='bbox 1254 3016 1624 3081; x_wconf 86' lang='lat' dir='ltr'><strong>Quadratum</strong></span> <span class='ocrx_word' id='word_1_314' title='bbox 1639 3022 1924 3070; x_wconf 89' lang='lat' dir='ltr'><strong>recenset.</strong></span> <span class='ocrx_word' id='word_1_315' title='bbox 1945 3017 2144 3072; x_wconf 90' lang='lat' dir='ltr'><strong>Talem</strong></span> 
     </span>
    </p>
   </div>
   <div class='ocr_carea' id='block_1_48' title="bbox 492 3104 2142 3178">
    <p class='ocr_par' dir='ltr' id='par_1_48' title="bbox 492 3104 2142 3178">
     <span class='ocr_line' id='line_1_48' title="bbox 492 3104 2142 3178; baseline -0.001 -16"><span class='ocrx_word' id='word_1_316' title='bbox 492 3111 696 3163; x_wconf 89' lang='lat' dir='ltr'><strong>autem</strong></span> <span class='ocrx_word' id='word_1_317' title='bbox 726 3107 1085 3178; x_wconf 88' lang='lat' dir='ltr'><strong>prophetam</strong></span> <span class='ocrx_word' id='word_1_318' title='bbox 1107 3121 1180 3161; x_wconf 84' lang='lat' dir='ltr'><strong>ex</strong></span> <span class='ocrx_word' id='word_1_319' title='bbox 1204 3106 1486 3161; x_wconf 91' lang='lat' dir='ltr'><strong>omnibus</strong></span> <span class='ocrx_word' id='word_1_320' title='bbox 1512 3104 1594 3160; x_wconf 91' lang='lat' dir='ltr'><strong>eis</strong></span> <span class='ocrx_word' id='word_1_321' title='bbox 1615 3105 1894 3176; x_wconf 88' lang='lat' dir='ltr'><strong>quivelin</strong></span> <span class='ocrx_word' id='word_1_322' title='bbox 1932 3105 2142 3172; x_wconf 90' lang='lat' dir='ltr'><strong>Veteri,</strong></span> 
     </span>
    </p>
   </div>
   <div class='ocr_carea' id='block_1_49' title="bbox 492 3193 2144 3264">
    <p class='ocr_par' dir='ltr' id='par_1_49' title="bbox 492 3193 2144 3264">
     <span class='ocr_line' id='line_1_49' title="bbox 492 3193 2144 3264; baseline 0 -15"><span class='ocrx_word' id='word_1_323' title='bbox 492 3194 665 3249; x_wconf 83' lang='lat' dir='ltr'><strong>velin</strong></span> <span class='ocrx_word' id='word_1_324' title='bbox 693 3193 860 3250; x_wconf 86' lang='lat' dir='ltr'><strong>Novo</strong></span> <span class='ocrx_word' id='word_1_325' title='bbox 888 3195 1287 3259; x_wconf 83' lang='lat' dir='ltr'><strong>Testamento,</strong></span> <span class='ocrx_word' id='word_1_326' title='bbox 1322 3193 1532 3264; x_wconf 90' lang='lat' dir='ltr'><strong>spiritu</strong></span> <span class='ocrx_word' id='word_1_327' title='bbox 1563 3199 1703 3247; x_wconf 90' lang='lat' dir='ltr'><strong>sunt</strong></span> <span class='ocrx_word' id='word_1_328' title='bbox 1723 3193 1858 3258; x_wconf 89' lang='lat' dir='ltr'><strong>acti,</strong></span> <span class='ocrx_word' id='word_1_329' title='bbox 1912 3193 2144 3249; x_wconf 90' lang='lat' dir='ltr'><strong>nullum</strong></span> 
     </span>
    </p>
   </div>
   <div class='ocr_carea' id='block_1_50' title="bbox 2858 1968 3251 2023">
    <p class='ocr_par' dir='ltr' id='par_1_50' title="bbox 2858 1968 3251 2023">
     <span class='ocr_line' id='line_1_50' title="bbox 2858 1968 3251 2023; baseline 0.005 -4"><span class='ocrx_word' id='word_1_330' title='bbox 2858 1969 3106 2023; x_wconf 78' lang='grc' dir='ltr'><strong>ΚΕΦΑΛ.</strong></span> <span class='ocrx_word' id='word_1_331' title='bbox 3137 1968 3251 2022; x_wconf 77' lang='grc' dir='ltr'><strong>ΚΔ’.</strong></span> 
     </span>
    </p>
   </div>
   <div class='ocr_carea' id='block_1_51' title="bbox 2251 2051 3849 2132">
    <p class='ocr_par' dir='ltr' id='par_1_51' title="bbox 2251 2051 3849 2132">
     <span class='ocr_line' id='line_1_51' title="bbox 2251 2051 3849 2132; baseline 0.003 -26"><span class='ocrx_word' id='word_1_332' title='bbox 2251 2051 2420 2106; x_wconf 86' lang='grc' dir='ltr'><strong><em>Ὀσα</em></strong></span> <span class='ocrx_word' id='word_1_333' title='bbox 2473 2059 2580 2108; x_wconf 81' lang='grc' dir='ltr'><strong>καὶ</strong></span> <span class='ocrx_word' id='word_1_334' title='bbox 2633 2053 3002 2132; x_wconf 72' lang='grc' dir='ltr'><strong><em>Μιλτιάδης</em></strong></span> <span class='ocrx_word' id='word_1_335' title='bbox 3075 2058 3648 2132; x_wconf 77' lang='grc' dir='ltr'><strong><em>ἑκκλησιαστικὸς</em></strong></span> <span class='ocrx_word' id='word_1_336' title='bbox 3705 2059 3849 2132; x_wconf 72' lang='grc' dir='ltr'>ἀνὴρ</span> 
     </span>
    </p>
   </div>
   <div class='ocr_carea' id='block_1_52' title="bbox 2699 2129 3408 2202">
    <p class='ocr_par' dir='ltr' id='par_1_52' title="bbox 2699 2129 3408 2202">
     <span class='ocr_line' id='line_1_52' title="bbox 2699 2129 3408 2202; baseline 0.007 -24"><span class='ocrx_word' id='word_1_337' title='bbox 2699 2129 2840 2179; x_wconf 81' lang='grc' dir='ltr'><strong><em>κατ’</em></strong></span> <span class='ocrx_word' id='word_1_338' title='bbox 2879 2132 3036 2187; x_wconf 79' lang='grc' dir='ltr'><strong><em>αὐτῆ</em></strong></span> <span class='ocrx_word' id='word_1_339' title='bbox 3058 2150 3079 2190; x_wconf 87' lang='grc' dir='ltr'>ς</span> <span class='ocrx_word' id='word_1_340' title='bbox 3117 2130 3408 2202; x_wconf 65' lang='grc' dir='ltr'><strong><em>ἔγραψεν.</em></strong></span> 
     </span>
    </p>
   </div>
   <div class='ocr_carea' id='block_1_53' title="bbox 2323 2211 3847 2294">
    <p class='ocr_par' dir='ltr' id='par_1_53' title="bbox 2323 2211 3847 2294">
     <span class='ocr_line' id='line_1_53' title="bbox 2323 2211 3847 2294; baseline 0.002 -26"><span class='ocrx_word' id='word_1_341' title='bbox 2323 2217 2406 2268; x_wconf 85' lang='grc' dir='ltr'><strong>Ἐν</strong></span> <span class='ocrx_word' id='word_1_342' title='bbox 2475 2211 2534 2268; x_wconf 73' lang='grc' dir='ltr'><strong><em>δὲ</em></strong></span> <span class='ocrx_word' id='word_1_343' title='bbox 2612 2223 2685 2268; x_wconf 86' lang='grc' dir='ltr'><strong><em>τῶ</em></strong></span> <span class='ocrx_word' id='word_1_344' title='bbox 2763 2220 2904 2288; x_wconf 82' lang='grc' dir='ltr'><strong><em>αὐτῷ</em></strong></span> <span class='ocrx_word' id='word_1_345' title='bbox 2957 2222 3332 2294; x_wconf 85' lang='grc' dir='ltr'><strong><em>συγγράμματι</em></strong></span> <span class='ocrx_word' id='word_1_346' title='bbox 3403 2225 3494 2273; x_wconf 74' lang='grc' dir='ltr'><strong>καὶ</strong></span> <span class='ocrx_word' id='word_1_347' title='bbox 3559 2217 3847 2278; x_wconf 71' lang='grc' dir='ltr'><strong>Μιλτιάδου</strong></span> 
     </span>
    </p>
   </div>
   <div class='ocr_carea' id='block_1_54' title="bbox 2253 2309 3846 2381">
    <p class='ocr_par' dir='ltr' id='par_1_54' title="bbox 2253 2309 3846 2381">
     <span class='ocr_line' id='line_1_54' title="bbox 2253 2309 3846 2381; baseline 0.003 -26"><span class='ocrx_word' id='word_1_348' title='bbox 2253 2309 2430 2378; x_wconf 85' lang='grc' dir='ltr'><strong><em>μνείαν</em></strong></span> <span class='ocrx_word' id='word_1_349' title='bbox 2503 2313 2727 2358; x_wconf 88' lang='grc' dir='ltr'><strong><em>ποιεῖται</em></strong></span> <span class='ocrx_word' id='word_1_350' title='bbox 2805 2313 3146 2381; x_wconf 74' lang='grc' dir='ltr'><strong>συγγραφέως</strong></span> <span class='ocrx_word' id='word_1_351' title='bbox 3216 2313 3372 2374; x_wconf 89' lang='grc' dir='ltr'><strong><em>τινὸς,</em></strong></span> <span class='ocrx_word' id='word_1_352' title='bbox 3421 2313 3487 2370; x_wconf 81' lang='grc' dir='ltr'><strong><em>ὡς</em></strong></span> <span class='ocrx_word' id='word_1_353' title='bbox 3548 2316 3648 2362; x_wconf 75' lang='grc' dir='ltr'><strong>καὶ</strong></span> <span class='ocrx_word' id='word_1_354' title='bbox 3701 2310 3846 2362; x_wconf 75' lang='grc' dir='ltr'><strong><em>αὐτοῦ</em></strong></span> 
     </span>
    </p>
   </div>
   <div class='ocr_carea' id='block_1_55' title="bbox 2253 2394 3842 2472">
    <p class='ocr_par' dir='ltr' id='par_1_55' title="bbox 2253 2394 3842 2472">
     <span class='ocr_line' id='line_1_55' title="bbox 2253 2394 3842 2472; baseline 0.002 -25"><span class='ocrx_word' id='word_1_355' title='bbox 2253 2394 2474 2464; x_wconf 75' lang='grc' dir='ltr'>λογικῶς</span> <span class='ocrx_word' id='word_1_356' title='bbox 2526 2403 2587 2466; x_wconf 80' lang='grc' dir='ltr'><strong><em>τῇ</em></strong></span> <span class='ocrx_word' id='word_1_357' title='bbox 2637 2398 2850 2469; x_wconf 75' lang='grc' dir='ltr'><strong><em>τοιαύτῃ</em></strong></span> <span class='ocrx_word' id='word_1_358' title='bbox 2894 2399 3092 2471; x_wconf 76' lang='grc' dir='ltr'><strong>αἱρέσει</strong></span> <span class='ocrx_word' id='word_1_359' title='bbox 3142 2405 3706 2472; x_wconf 82' lang='grc' dir='ltr'><strong><em>προσαπαντήσαντος.</em></strong></span> <span class='ocrx_word' id='word_1_360' title='bbox 3757 2405 3842 2452; x_wconf 75' lang='grc' dir='ltr'><strong>Καὶ</strong></span> 
     </span>
    </p>
   </div>
   <div class='ocr_carea' id='block_1_56' title="bbox 2253 2480 3843 2562">
    <p class='ocr_par' dir='ltr' id='par_1_56' title="bbox 2253 2480 3843 2562">
     <span class='ocr_line' id='line_1_56' title="bbox 2253 2480 3843 2562; baseline 0.003 -27"><span class='ocrx_word' id='word_1_361' title='bbox 2253 2483 2411 2546; x_wconf 79' lang='grc' dir='ltr'><strong>λέξεις</strong></span> <span class='ocrx_word' id='word_1_362' title='bbox 2464 2480 2523 2536; x_wconf 87' lang='grc' dir='ltr'><strong>δέ</strong></span> <span class='ocrx_word' id='word_1_363' title='bbox 2583 2503 2723 2546; x_wconf 89' lang='grc' dir='ltr'><strong><em>τινας</em></strong></span> <span class='ocrx_word' id='word_1_364' title='bbox 2805 2488 2996 2539; x_wconf 81' lang='grc' dir='ltr'><strong><em>ἐκείνου</em></strong></span> <span class='ocrx_word' id='word_1_365' title='bbox 3049 2490 3390 2562; x_wconf 68' lang='grc' dir='ltr'><strong>παρατίθεται</strong></span> <span class='ocrx_word' id='word_1_366' title='bbox 3439 2497 3514 2559; x_wconf 86' lang='grc' dir='ltr'><strong>τῷ</strong></span> <span class='ocrx_word' id='word_1_367' title='bbox 3585 2491 3843 2561; x_wconf 82' lang='grc' dir='ltr'><strong><em>συγγράμ-</em></strong></span> 
     </span>
    </p>
   </div>
   <div class='ocr_carea' id='block_1_57' title="bbox 2254 2573 3837 2652">
    <p class='ocr_par' dir='ltr' id='par_1_57' title="bbox 2254 2573 3837 2652">
     <span class='ocr_line' id='line_1_57' title="bbox 2254 2573 3837 2652; baseline 0.003 -28"><span class='ocrx_word' id='word_1_368' title='bbox 2254 2593 2382 2643; x_wconf 84' lang='grc' dir='ltr'><strong><em>ματι</em></strong></span> <span class='ocrx_word' id='word_1_369' title='bbox 2407 2573 2540 2626; x_wconf 80' lang='grc' dir='ltr'><strong><em>οὕτω</em></strong></span> <span class='ocrx_word' id='word_1_370' title='bbox 2571 2576 2782 2645; x_wconf 76' lang='grc' dir='ltr'><strong><em>φάσκων</em></strong></span> <span class='ocrx_word' id='word_1_371' title='bbox 2816 2596 2830 2608; x_wconf 79' lang='grc' dir='ltr'><strong>ο</strong></span> <span class='ocrx_word' id='word_1_372' title='bbox 2867 2595 2894 2626; x_wconf 91' lang='grc'><strong>(‹</strong></span> <span class='ocrx_word' id='word_1_373' title='bbox 2928 2583 3108 2629; x_wconf 83' lang='grc' dir='ltr'><strong><em>Ταῦτα</em></strong></span> <span class='ocrx_word' id='word_1_374' title='bbox 3133 2578 3290 2652; x_wconf 71' lang='grc' dir='ltr'><strong><em>εὑρὼν</em></strong></span> <span class='ocrx_word' id='word_1_375' title='bbox 3338 2581 3387 2629; x_wconf 84' lang='grc' dir='ltr'><strong>ἓν</strong></span> <span class='ocrx_word' id='word_1_376' title='bbox 3424 2597 3531 2630; x_wconf 89' lang='grc' dir='ltr'><strong><em>τινι</em></strong></span> <span class='ocrx_word' id='word_1_377' title='bbox 3587 2581 3837 2650; x_wconf 76' lang='grc' dir='ltr'><strong><em>συγγράμ-</em></strong></span> 
     </span>
    </p>
   </div>
   <div class='ocr_carea' id='block_1_58' title="bbox 2243 2660 3833 2739">
    <p class='ocr_par' dir='ltr' id='par_1_58' title="bbox 2243 2660 3833 2739">
     <span class='ocr_line' id='line_1_58' title="bbox 2243 2660 3833 2739; baseline 0.003 -26"><span class='ocrx_word' id='word_1_378' title='bbox 2243 2683 2382 2734; x_wconf 80' lang='grc' dir='ltr'><strong><em>ματι</em></strong></span> <span class='ocrx_word' id='word_1_379' title='bbox 2411 2660 2704 2716; x_wconf 79' lang='grc' dir='ltr'>Μιλτιάδου</span> <span class='ocrx_word' id='word_1_380' title='bbox 2761 2672 2854 2716; x_wconf 85' lang='grc' dir='ltr'><strong><em>τοῦ</em></strong></span> <span class='ocrx_word' id='word_1_381' title='bbox 2902 2662 3151 2736; x_wconf 79' lang='grc' dir='ltr'><strong><em>ἀδελφοῦ,</em></strong></span> <span class='ocrx_word' id='word_1_382' title='bbox 3203 2666 3252 2718; x_wconf 83' lang='grc' dir='ltr'><strong>έν</strong></span> <span class='ocrx_word' id='word_1_383' title='bbox 3361 2665 3716 2720; x_wconf 74' lang='grc' dir='ltr'><strong><em>ἀποδείκνυσι</em></strong></span> <span class='ocrx_word' id='word_1_384' title='bbox 3739 2672 3833 2739; x_wconf 82' lang='grc' dir='ltr'><strong>περὶ</strong></span> 
     </span>
    </p>
   </div>
   <div class='ocr_carea' id='block_1_59' title="bbox 2254 2749 3829 2830">
    <p class='ocr_par' dir='ltr' id='par_1_59' title="bbox 2254 2749 3829 2830">
     <span class='ocr_line' id='line_1_59' title="bbox 2254 2749 3829 2830; baseline 0.004 -28"><span class='ocrx_word' id='word_1_385' title='bbox 2254 2759 2346 2804; x_wconf 83' lang='grc' dir='ltr'><strong><em>τοῦ</em></strong></span> <span class='ocrx_word' id='word_1_386' title='bbox 2405 2749 2512 2804; x_wconf 80' lang='grc' dir='ltr'><strong><em>δεῖν</em></strong></span> <span class='ocrx_word' id='word_1_387' title='bbox 2559 2757 2830 2825; x_wconf 79' lang='grc' dir='ltr'><strong>προφήτας</strong></span> <span class='ocrx_word' id='word_1_388' title='bbox 2884 2754 2935 2806; x_wconf 74' lang='grc' dir='ltr'><strong>ἐν</strong></span> <span class='ocrx_word' id='word_1_389' title='bbox 2981 2758 3226 2809; x_wconf 74' lang='grc' dir='ltr'><strong>ἐκστάσει</strong></span> <span class='ocrx_word' id='word_1_390' title='bbox 3270 2756 3459 2818; x_wconf 87' lang='grc' dir='ltr'><strong><em>λαλεῖν,</em></strong></span> <span class='ocrx_word' id='word_1_391' title='bbox 3510 2755 3829 2830; x_wconf 72' lang='grc' dir='ltr'><strong><em>ἑπετεμόμην.</em></strong></span> 
     </span>
    </p>
   </div>
   <div class='ocr_carea' id='block_1_60' title="bbox 2256 2839 3828 2921">
    <p class='ocr_par' dir='ltr' id='par_1_60' title="bbox 2256 2839 3828 2921">
     <span class='ocr_line' id='line_1_60' title="bbox 2256 2839 3828 2921; baseline 0.008 -29"><span class='ocrx_word' id='word_1_392' title='bbox 2256 2845 2456 2914; x_wconf 75' lang='grc' dir='ltr'><strong>Προϊὼν</strong></span> <span class='ocrx_word' id='word_1_393' title='bbox 2500 2839 2558 2894; x_wconf 76' lang='grc' dir='ltr'><strong>δε</strong></span> <span class='ocrx_word' id='word_1_394' title='bbox 2587 2850 2660 2912; x_wconf 86' lang='grc' dir='ltr'><strong>τῷ</strong></span> <span class='ocrx_word' id='word_1_395' title='bbox 2691 2842 2843 2915; x_wconf 86' lang='grc' dir='ltr'><strong><em>λόγῳ,</em></strong></span> <span class='ocrx_word' id='word_1_396' title='bbox 2876 2847 2992 2906; x_wconf 81' lang='grc' dir='ltr'><strong><em>τοὺς</em></strong></span> <span class='ocrx_word' id='word_1_397' title='bbox 3043 2847 3180 2898; x_wconf 77' lang='grc' dir='ltr'><strong>κατὰ</strong></span> <span class='ocrx_word' id='word_1_398' title='bbox 3227 2851 3320 2904; x_wconf 80' lang='grc' dir='ltr'><strong>τήν</strong></span> <span class='ocrx_word' id='word_1_399' title='bbox 3363 2852 3564 2905; x_wconf 80' lang='grc' dir='ltr'><strong><em>Καινήν</em></strong></span> <span class='ocrx_word' id='word_1_400' title='bbox 3597 2852 3828 2921; x_wconf 65' lang='grc' dir='ltr'><strong><em>προφήτας</em></strong></span> 
     </span>
    </p>
   </div>
   <div class='ocr_carea' id='block_1_61' title="bbox 2255 2929 3815 3009">
    <p class='ocr_par' dir='ltr' id='par_1_61' title="bbox 2255 2929 3815 3009">
     <span class='ocr_line' id='line_1_61' title="bbox 2255 2929 3815 3009; baseline 0.003 -28"><span class='ocrx_word' id='word_1_401' title='bbox 2255 2929 2582 3004; x_wconf 75' lang='grc' dir='ltr'>ἀπαριθμείο</span> <span class='ocrx_word' id='word_1_402' title='bbox 2611 2929 2660 2982; x_wconf 77' lang='grc' dir='ltr'><strong>ἐν</strong></span> <span class='ocrx_word' id='word_1_403' title='bbox 2718 2933 2793 2993; x_wconf 85' lang='grc' dir='ltr'><strong><em>οἷς</em></strong></span> <span class='ocrx_word' id='word_1_404' title='bbox 2845 2938 2935 2985; x_wconf 82' lang='grc' dir='ltr'><strong>καὶ</strong></span> <span class='ocrx_word' id='word_1_405' title='bbox 2989 2936 3218 3006; x_wconf 81' lang='grc' dir='ltr'><strong><em>Ἀμμίαν</em></strong></span> <span class='ocrx_word' id='word_1_406' title='bbox 3270 2939 3386 2988; x_wconf 81' lang='grc' dir='ltr'><strong><em>τινὰ</em></strong></span> <span class='ocrx_word' id='word_1_407' title='bbox 3437 2942 3532 2988; x_wconf 78' lang='grc' dir='ltr'><strong>καὶ</strong></span> <span class='ocrx_word' id='word_1_408' title='bbox 3594 2934 3815 3009; x_wconf 59' lang='grc' dir='ltr'><strong><em>Κοδρᾶτον</em></strong></span> 
     </span>
    </p>
   </div>
   <div class='ocr_carea' id='block_1_62' title="bbox 2253 3018 3802 3098">
    <p class='ocr_par' dir='ltr' id='par_1_62' title="bbox 2253 3018 3802 3098">
     <span class='ocr_line' id='line_1_62' title="bbox 2253 3018 3802 3098; baseline 0.001 -27"><span class='ocrx_word' id='word_1_409' title='bbox 2253 3018 2544 3091; x_wconf 82' lang='grc' dir='ltr'><strong><em>καταλέγει.</em></strong></span> <span class='ocrx_word' id='word_1_410' title='bbox 2584 3027 2776 3073; x_wconf 82' lang='grc' dir='ltr'><strong><em>Τοῦτον</em></strong></span> <span class='ocrx_word' id='word_1_411' title='bbox 2831 3018 2889 3074; x_wconf 74' lang='grc' dir='ltr'><strong>δε</strong></span> <span class='ocrx_word' id='word_1_412' title='bbox 2940 3026 3029 3074; x_wconf 90' lang='grc' dir='ltr'><strong><em>τὸν</em></strong></span> <span class='ocrx_word' id='word_1_413' title='bbox 3079 3029 3266 3098; x_wconf 79' lang='grc' dir='ltr'><strong>τρόπον</strong></span> <span class='ocrx_word' id='word_1_414' title='bbox 3295 3027 3412 3077; x_wconf 79' lang='grc' dir='ltr'><strong><em>οὔτε</em></strong></span> <span class='ocrx_word' id='word_1_415' title='bbox 3440 3029 3569 3078; x_wconf 81' lang='grc' dir='ltr'><strong><em>τινὰ</em></strong></span> <span class='ocrx_word' id='word_1_416' title='bbox 3605 3035 3684 3078; x_wconf 70' lang='grc' dir='ltr'><strong>τῶν</strong></span> <span class='ocrx_word' id='word_1_417' title='bbox 3699 3026 3802 3073; x_wconf 68' lang='grc' dir='ltr'><strong><em>κατὰ</em></strong></span> 
     </span>
    </p>
   </div>
   <div class='ocr_carea' id='block_1_63' title="bbox 2253 3109 3795 3184">
    <p class='ocr_par' dir='ltr' id='par_1_63' title="bbox 2253 3109 3795 3184">
     <span class='ocr_line' id='line_1_63' title="bbox 2253 3109 3795 3184; baseline 0.003 -25"><span class='ocrx_word' id='word_1_418' title='bbox 2253 3115 2346 3166; x_wconf 86' lang='grc' dir='ltr'><strong>τήν</strong></span> <span class='ocrx_word' id='word_1_419' title='bbox 2379 3109 2629 3175; x_wconf 80' lang='grc' dir='ltr'><strong>Παλαιὰν,</strong></span> <span class='ocrx_word' id='word_1_420' title='bbox 2675 3113 2792 3164; x_wconf 78' lang='grc' dir='ltr'><strong><em>οὔτε</em></strong></span> <span class='ocrx_word' id='word_1_421' title='bbox 2838 3120 2937 3163; x_wconf 83' lang='grc' dir='ltr'><strong><em>τῶν</em></strong></span> <span class='ocrx_word' id='word_1_422' title='bbox 2984 3116 3120 3166; x_wconf 77' lang='grc' dir='ltr'><strong><em>κατὰ</em></strong></span> <span class='ocrx_word' id='word_1_423' title='bbox 3159 3118 3254 3171; x_wconf 81' lang='grc' dir='ltr'><strong><em>τήν</em></strong></span> <span class='ocrx_word' id='word_1_424' title='bbox 3313 3120 3514 3173; x_wconf 78' lang='grc' dir='ltr'><strong>Καινὴν</strong></span> <span class='ocrx_word' id='word_1_425' title='bbox 3574 3130 3795 3184; x_wconf 72' lang='grc' dir='ltr'><strong><em>πνευματο·</em></strong></span> 
     </span>
    </p>
   </div>
   <div class='ocr_carea' id='block_1_64' title="bbox 2254 3197 3805 3274">
    <p class='ocr_par' dir='ltr' id='par_1_64' title="bbox 2254 3197 3805 3274">
     <span class='ocr_line' id='line_1_64' title="bbox 2254 3197 3805 3274; baseline 0.003 -26"><span class='ocrx_word' id='word_1_426' title='bbox 2254 3199 2592 3269; x_wconf 79' lang='grc' dir='ltr'><strong><em>φορηθέντων,</em></strong></span> <span class='ocrx_word' id='word_1_427' title='bbox 2665 3205 2935 3274; x_wconf 78' lang='grc' dir='ltr'><strong>προφήτην</strong></span> <span class='ocrx_word' id='word_1_428' title='bbox 3015 3197 3186 3264; x_wconf 82' lang='grc' dir='ltr'><strong><em>δείξαι</em></strong></span> <span class='ocrx_word' id='word_1_429' title='bbox 3263 3199 3597 3261; x_wconf 79' lang='grc' dir='ltr'><strong>δυνήσονται</strong></span> <span class='ocrx_word' id='word_1_430' title='bbox 3646 3219 3658 3230; x_wconf 89' lang='grc'><strong>·</strong></span> <span class='ocrx_word' id='word_1_431' title='bbox 3711 3205 3805 3253; x_wconf 72' lang='grc' dir='ltr'><strong><em>οὔτε</em></strong></span> 
     </span>
    </p>
   </div>
   <div class='ocr_carea' id='block_1_65' title="bbox 489 3281 2136 3383">
    <p class='ocr_par' dir='ltr' id='par_1_65' title="bbox 489 3281 2136 3354">
     <span class='ocr_line' id='line_1_65' title="bbox 489 3281 2136 3354; baseline -0.001 -15"><span class='ocrx_word' id='word_1_432' title='bbox 489 3282 756 3339; x_wconf 88' lang='lat' dir='ltr'><strong>indicare</strong></span> <span class='ocrx_word' id='word_1_433' title='bbox 787 3288 1300 3354; x_wconf 77' lang='lat' dir='ltr'><strong>poteruntmeque</strong></span> <span class='ocrx_word' id='word_1_434' title='bbox 1343 3281 1436 3336; x_wconf 89' lang='lat' dir='ltr'><strong>vel</strong></span> <span class='ocrx_word' id='word_1_435' title='bbox 1453 3282 1749 3351; x_wconf 84' lang='lat' dir='ltr'><strong>Agabnm,</strong></span> <span class='ocrx_word' id='word_1_436' title='bbox 1783 3281 1875 3337; x_wconf 89' lang='lat' dir='ltr'><strong>vel</strong></span> <span class='ocrx_word' id='word_1_437' title='bbox 1899 3283 1927 3336; x_wconf 86' lang='lat' dir='ltr'><strong>J</strong></span> <span class='ocrx_word' id='word_1_438' title='bbox 1937 3282 2136 3349; x_wconf 85' lang='lat' dir='ltr'><strong>udam,</strong></span> 
     </span>
    </p>
   </div>
   <div class='ocr_carea' id='block_1_66' title="bbox 2249 3281 3815 3383">
    <p class='ocr_par' dir='ltr' id='par_1_66' title="bbox 2255 3284 3815 3357">
     <span class='ocr_line' id='line_1_66' title="bbox 2255 3284 3815 3357; baseline 0.003 -20"><span class='ocrx_word' id='word_1_439' title='bbox 2255 3284 2506 3357; x_wconf 81' lang='grc' dir='ltr'><strong><em>Ἀγαυον,</em></strong></span> <span class='ocrx_word' id='word_1_440' title='bbox 2539 3291 2655 3339; x_wconf 76' lang='grc' dir='ltr'><strong><em>οὔτε</em></strong></span> <span class='ocrx_word' id='word_1_441' title='bbox 2700 3286 2922 3355; x_wconf 80' lang='grc' dir='ltr'><strong><em>Ἰούδαν,</em></strong></span> <span class='ocrx_word' id='word_1_442' title='bbox 2978 3292 3095 3342; x_wconf 80' lang='grc' dir='ltr'><strong><em>οὔτε</em></strong></span> <span class='ocrx_word' id='word_1_443' title='bbox 3150 3290 3350 3356; x_wconf 83' lang='grc' dir='ltr'><strong>Σίλλαν,</strong></span> <span class='ocrx_word' id='word_1_444' title='bbox 3402 3297 3523 3346; x_wconf 76' lang='grc' dir='ltr'><strong><em>οὔτε</em></strong></span> <span class='ocrx_word' id='word_1_445' title='bbox 3555 3298 3650 3356; x_wconf 81' lang='grc' dir='ltr'><strong><em>τὰς</em></strong></span> <span class='ocrx_word' id='word_1_446' title='bbox 3671 3294 3815 3346; x_wconf 57' lang='grc' dir='ltr'><strong><em>Φιλίπ-</em></strong></span> 
     </span>
    </p>
   </div>
   <div class='ocr_carea' id='block_1_67' title="bbox 487 3371 2144 3444">
    <p class='ocr_par' dir='ltr' id='par_1_67' title="bbox 487 3371 2144 3444">
     <span class='ocr_line' id='line_1_67' title="bbox 487 3371 2144 3444; baseline 0.001 -17"><span class='ocrx_word' id='word_1_447' title='bbox 487 3373 582 3428; x_wconf 83' lang='lat' dir='ltr'><strong>vel</strong></span> <span class='ocrx_word' id='word_1_448' title='bbox 607 3373 812 3439; x_wconf 92' lang='lat' dir='ltr'><strong>Silam,</strong></span> <span class='ocrx_word' id='word_1_449' title='bbox 843 3388 1040 3444; x_wconf 88' lang='lat' dir='ltr'><strong>neque</strong></span> <span class='ocrx_word' id='word_1_450' title='bbox 1096 3373 1277 3428; x_wconf 89' lang='lat' dir='ltr'><strong>etiam</strong></span> <span class='ocrx_word' id='word_1_451' title='bbox 1328 3371 1576 3444; x_wconf 87' lang='lat' dir='ltr'><strong>Philippi</strong></span> <span class='ocrx_word' id='word_1_452' title='bbox 1603 3371 1774 3438; x_wconf 83' lang='lat' dir='ltr'><strong>tilias,</strong></span> <span class='ocrx_word' id='word_1_453' title='bbox 1815 3379 1917 3428; x_wconf 87' lang='lat' dir='ltr'><strong>aut</strong></span> <span class='ocrx_word' id='word_1_454' title='bbox 1956 3373 2144 3428; x_wconf 87' lang='lat' dir='ltr'><strong>Phila-</strong></span> 
     </span>
    </p>
   </div>
   <div class='ocr_carea' id='block_1_68' title="bbox 487 3461 2142 3534">
    <p class='ocr_par' dir='ltr' id='par_1_68' title="bbox 487 3461 2142 3534">
     <span class='ocr_line' id='line_1_68' title="bbox 487 3461 2142 3534; baseline -0.001 -17"><span class='ocrx_word' id='word_1_455' title='bbox 487 3461 882 3534; x_wconf 89' lang='lat' dir='ltr'><strong>delphensem</strong></span> <span class='ocrx_word' id='word_1_456' title='bbox 895 3461 1325 3528; x_wconf 84' lang='lat' dir='ltr'><strong>Ammiam,aut</strong></span> <span class='ocrx_word' id='word_1_457' title='bbox 1339 3461 1833 3527; x_wconf 87' lang='lat' dir='ltr'><strong>Quadratum,aut</strong></span> <span class='ocrx_word' id='word_1_458' title='bbox 1849 3461 2142 3531; x_wconf 86' lang='lat' dir='ltr'><strong>quosdam</strong></span> 
     </span>
    </p>
   </div>
   <div class='ocr_carea' id='block_1_69' title="bbox 484 3549 2141 3624">
    <p class='ocr_par' dir='ltr' id='par_1_69' title="bbox 484 3549 2141 3624">
     <span class='ocr_line' id='line_1_69' title="bbox 484 3549 2141 3624; baseline -0.001 -17"><span class='ocrx_word' id='word_1_459' title='bbox 484 3551 637 3607; x_wconf 82' lang='lat' dir='ltr'><strong>alios</strong></span> <span class='ocrx_word' id='word_1_460' title='bbox 666 3551 1005 3624; x_wconf 90' lang='lat' dir='ltr'><strong>quidquam</strong></span> <span class='ocrx_word' id='word_1_461' title='bbox 1023 3551 1102 3606; x_wconf 91' lang='lat' dir='ltr'><strong>ad</strong></span> <span class='ocrx_word' id='word_1_462' title='bbox 1128 3567 1192 3605; x_wconf 88' lang='lat' dir='ltr'><strong>se</strong></span> <span class='ocrx_word' id='word_1_463' title='bbox 1213 3551 1503 3623; x_wconf 90' lang='lat' dir='ltr'><strong>pertinere</strong></span> <span class='ocrx_word' id='word_1_464' title='bbox 1516 3549 2141 3619; x_wconf 90' lang='lat' dir='ltr'><strong>gloriabuntur.Paulo</strong></span> 
     </span>
    </p>
   </div>
   <div class='ocr_carea' id='block_1_70' title="bbox 487 3639 2138 3712">
    <p class='ocr_par' dir='ltr' id='par_1_70' title="bbox 487 3639 2138 3712">
     <span class='ocr_line' id='line_1_70' title="bbox 487 3639 2138 3712; baseline -0.001 -16"><span class='ocrx_word' id='word_1_465' title='bbox 487 3646 625 3712; x_wconf 91' lang='lat' dir='ltr'><strong>post</strong></span> <span class='ocrx_word' id='word_1_466' title='bbox 653 3641 870 3697; x_wconf 90' lang='lat' dir='ltr'><strong>deinde</strong></span> <span class='ocrx_word' id='word_1_467' title='bbox 901 3643 1019 3696; x_wconf 84' lang='lat' dir='ltr'><strong>:Ac</strong></span> <span class='ocrx_word' id='word_1_468' title='bbox 1051 3640 1346 3712; x_wconf 89' lang='lat' dir='ltr'><strong>siquidem</strong></span> <span class='ocrx_word' id='word_1_469' title='bbox 1381 3644 1512 3710; x_wconf 89' lang='lat' dir='ltr'><strong>post</strong></span> <span class='ocrx_word' id='word_1_470' title='bbox 1533 3639 1900 3704; x_wconf 81' lang='lat' dir='ltr'><strong>Quadratum</strong></span> <span class='ocrx_word' id='word_1_471' title='bbox 1932 3646 1987 3695; x_wconf 90' lang='lat' dir='ltr'><strong>et</strong></span> <span class='ocrx_word' id='word_1_472' title='bbox 2008 3647 2138 3695; x_wconf 82' lang='lat' dir='ltr'><strong>Am-</strong></span> 
     </span>
    </p>
   </div>
   <div class='ocr_carea' id='block_1_71' title="bbox 485 3727 2138 3800">
    <p class='ocr_par' dir='ltr' id='par_1_71' title="bbox 485 3727 2138 3800">
     <span class='ocr_line' id='line_1_71' title="bbox 485 3727 2138 3800; baseline 0 -15"><span class='ocrx_word' id='word_1_473' title='bbox 485 3730 698 3798; x_wconf 90' lang='lat' dir='ltr'><strong>miam,</strong></span> <span class='ocrx_word' id='word_1_474' title='bbox 738 3729 914 3786; x_wconf 90' lang='lat' dir='ltr'><strong>sicuti</strong></span> <span class='ocrx_word' id='word_1_475' title='bbox 947 3729 1242 3800; x_wconf 88' lang='lat' dir='ltr'><strong>jactitant,</strong></span> <span class='ocrx_word' id='word_1_476' title='bbox 1285 3728 1543 3785; x_wconf 84' lang='lat' dir='ltr'><strong>Montani</strong></span> <span class='ocrx_word' id='word_1_477' title='bbox 1581 3727 1860 3784; x_wconf 89' lang='lat' dir='ltr'><strong>mulieres</strong></span> <span class='ocrx_word' id='word_1_478' title='bbox 1907 3728 2138 3785; x_wconf 90' lang='lat' dir='ltr'><strong>donum</strong></span> 
     </span>
    </p>
   </div>
   <div class='ocr_carea' id='block_1_72' title="bbox 483 3817 2137 3891">
    <p class='ocr_par' dir='ltr' id='par_1_72' title="bbox 483 3817 2137 3891">
     <span class='ocr_line' id='line_1_72' title="bbox 483 3817 2137 3891; baseline 0.001 -18"><span class='ocrx_word' id='word_1_479' title='bbox 483 3819 900 3891; x_wconf 87' lang='lat' dir='ltr'><strong>propheticum</strong></span> <span class='ocrx_word' id='word_1_480' title='bbox 932 3824 1312 3890; x_wconf 87' lang='lat' dir='ltr'><strong>acceperunt,</strong></span> <span class='ocrx_word' id='word_1_481' title='bbox 1343 3819 1591 3890; x_wconf 90' lang='lat' dir='ltr'><strong>quinam</strong></span> <span class='ocrx_word' id='word_1_482' title='bbox 1623 3817 1722 3873; x_wconf 89' lang='lat' dir='ltr'><strong>alii</strong></span> <span class='ocrx_word' id='word_1_483' title='bbox 1754 3824 1892 3889; x_wconf 90' lang='lat' dir='ltr'><strong>post</strong></span> <span class='ocrx_word' id='word_1_484' title='bbox 1919 3821 2137 3875; x_wconf 89' lang='lat' dir='ltr'><strong>Monta-</strong></span> 
     </span>
    </p>
   </div>
   <div class='ocr_carea' id='block_1_73' title="bbox 480 3907 2137 3980">
    <p class='ocr_par' dir='ltr' id='par_1_73' title="bbox 480 3907 2137 3980">
     <span class='ocr_line' id='line_1_73' title="bbox 480 3907 2137 3980; baseline -0.001 -18"><span class='ocrx_word' id='word_1_485' title='bbox 480 3923 630 3963; x_wconf 92' lang='lat' dir='ltr'><strong>num</strong></span> <span class='ocrx_word' id='word_1_486' title='bbox 651 3913 708 3962; x_wconf 89' lang='lat' dir='ltr'><strong>et</strong></span> <span class='ocrx_word' id='word_1_487' title='bbox 731 3909 859 3980; x_wconf 88' lang='lat' dir='ltr'><strong>ejus</strong></span> <span class='ocrx_word' id='word_1_488' title='bbox 901 3923 1114 3963; x_wconf 86' lang='lat' dir='ltr'><strong>uxores</strong></span> <span class='ocrx_word' id='word_1_489' title='bbox 1164 3923 1267 3979; x_wconf 90' lang='lat' dir='ltr'><strong>per</strong></span> <span class='ocrx_word' id='word_1_490' title='bbox 1315 3907 1757 3962; x_wconf 89' lang='lat' dir='ltr'><strong>successionem</strong></span> <span class='ocrx_word' id='word_1_491' title='bbox 1786 3907 1846 3962; x_wconf 87' lang='lat' dir='ltr'><strong>id</strong></span> <span class='ocrx_word' id='word_1_492' title='bbox 1886 3923 2137 3979; x_wconf 90' lang='lat' dir='ltr'><strong>accepe-</strong></span> 
     </span>
    </p>
   </div>
   <div class='ocr_carea' id='block_1_74' title="bbox 479 3996 2133 4068">
    <p class='ocr_par' dir='ltr' id='par_1_74' title="bbox 479 3996 2133 4068">
     <span class='ocr_line' id='line_1_74' title="bbox 479 3996 2133 4068; baseline 0.001 -17"><span class='ocrx_word' id='word_1_493' title='bbox 479 3997 601 4051; x_wconf 92' lang='lat' dir='ltr'><strong>rint</strong></span> <span class='ocrx_word' id='word_1_494' title='bbox 638 3996 975 4052; x_wconf 88' lang='lat' dir='ltr'><strong>ostendant.</strong></span> <span class='ocrx_word' id='word_1_495' title='bbox 1013 3997 1294 4068; x_wconf 90' lang='lat' dir='ltr'><strong>Oportere</strong></span> <span class='ocrx_word' id='word_1_496' title='bbox 1333 3996 1492 4051; x_wconf 90' lang='lat' dir='ltr'><strong>enim</strong></span> <span class='ocrx_word' id='word_1_497' title='bbox 1541 3996 1839 4052; x_wconf 88' lang='lat' dir='ltr'><strong>charisma</strong></span> <span class='ocrx_word' id='word_1_498' title='bbox 1882 3997 2133 4068; x_wconf 86' lang='lat' dir='ltr'><strong>prophe-</strong></span> 
     </span>
    </p>
   </div>
   <div class='ocr_carea' id='block_1_75' title="bbox 479 4085 2133 4156">
    <p class='ocr_par' dir='ltr' id='par_1_75' title="bbox 479 4085 2133 4156">
     <span class='ocr_line' id='line_1_75' title="bbox 479 4085 2133 4156; baseline 0.001 -17"><span class='ocrx_word' id='word_1_499' title='bbox 479 4085 742 4141; x_wconf 89' lang='lat' dir='ltr'><strong>ticumin</strong></span> <span class='ocrx_word' id='word_1_500' title='bbox 768 4085 932 4141; x_wconf 89' lang='lat' dir='ltr'><strong>omni</strong></span> <span class='ocrx_word' id='word_1_501' title='bbox 959 4085 1218 4140; x_wconf 90' lang='lat' dir='ltr'><strong>Ecclesia</strong></span> <span class='ocrx_word' id='word_1_502' title='bbox 1255 4101 1388 4140; x_wconf 91' lang='lat' dir='ltr'><strong>esse</strong></span> <span class='ocrx_word' id='word_1_503' title='bbox 1431 4101 1618 4155; x_wconf 88' lang='lat' dir='ltr'><strong>usque</strong></span> <span class='ocrx_word' id='word_1_504' title='bbox 1666 4085 1740 4140; x_wconf 89' lang='lat' dir='ltr'><strong>ad</strong></span> <span class='ocrx_word' id='word_1_505' title='bbox 1783 4101 2133 4156; x_wconf 89' lang='lat' dir='ltr'><strong>supremum</strong></span> 
     </span>
    </p>
   </div>
   <div class='ocr_carea' id='block_1_76' title="bbox 480 4172 2132 4244">
    <p class='ocr_par' dir='ltr' id='par_1_76' title="bbox 480 4172 2132 4244">
     <span class='ocr_line' id='line_1_76' title="bbox 480 4172 2132 4244; baseline -0.001 -14"><span class='ocrx_word' id='word_1_506' title='bbox 480 4173 692 4230; x_wconf 88' lang='lat' dir='ltr'><strong>Christi</strong></span> <span class='ocrx_word' id='word_1_507' title='bbox 721 4173 1072 4238; x_wconf 89' lang='lat' dir='ltr'><strong>adventum,</strong></span> <span class='ocrx_word' id='word_1_508' title='bbox 1130 4172 1457 4244; x_wconf 81' lang='lat' dir='ltr'><strong>Apostolus</strong></span> <span class='ocrx_word' id='word_1_509' title='bbox 1513 4173 1834 4228; x_wconf 88' lang='lat' dir='ltr'><strong>arbitratus</strong></span> <span class='ocrx_word' id='word_1_510' title='bbox 1875 4181 1980 4230; x_wconf 88' lang='lat' dir='ltr'><strong>est.</strong></span> <span class='ocrx_word' id='word_1_511' title='bbox 2021 4173 2132 4229; x_wconf 91' lang='lat' dir='ltr'><strong>Sed</strong></span> 
     </span>
    </p>
   </div>
   <div class='ocr_carea' id='block_1_77' title="bbox 475 4261 2132 4335">
    <p class='ocr_par' dir='ltr' id='par_1_77' title="bbox 475 4261 2132 4335">
     <span class='ocr_line' id='line_1_77' title="bbox 475 4261 2132 4335; baseline 0.001 -18"><span class='ocrx_word' id='word_1_512' title='bbox 475 4278 657 4335; x_wconf 89' lang='lat' dir='ltr'><strong>quem</strong></span> <span class='ocrx_word' id='word_1_513' title='bbox 676 4263 850 4318; x_wconf 91' lang='lat' dir='ltr'><strong>nobis</strong></span> <span class='ocrx_word' id='word_1_514' title='bbox 867 4262 1280 4327; x_wconf 90' lang='lat' dir='ltr'><strong>indicent,non</strong></span> <span class='ocrx_word' id='word_1_515' title='bbox 1301 4261 1546 4316; x_wconf 86' lang='lat' dir='ltr'><strong>habent.</strong></span> <span class='ocrx_word' id='word_1_516' title='bbox 1581 4262 1854 4316; x_wconf 87' lang='lat' dir='ltr'><strong>Decimus</strong></span> <span class='ocrx_word' id='word_1_517' title='bbox 1880 4269 2132 4334; x_wconf 89' lang='lat' dir='ltr'><strong>quartus</strong></span> 
     </span>
    </p>
   </div>
   <div class='ocr_carea' id='block_1_78' title="bbox 470 4350 2132 4424">
    <p class='ocr_par' dir='ltr' id='par_1_78' title="bbox 470 4350 2132 4424">
     <span class='ocr_line' id='line_1_78' title="bbox 470 4350 2132 4424; baseline 0.001 -15"><span class='ocrx_word' id='word_1_518' title='bbox 470 4367 739 4424; x_wconf 89' lang='lat' dir='ltr'><strong>namque</strong></span> <span class='ocrx_word' id='word_1_519' title='bbox 747 4353 871 4422; x_wconf 89' lang='lat' dir='ltr'><strong>jam</strong></span> <span class='ocrx_word' id='word_1_520' title='bbox 887 4352 1311 4421; x_wconf 88' lang='lat' dir='ltr'><strong>agiturannus,</strong></span> <span class='ocrx_word' id='word_1_521' title='bbox 1338 4366 1409 4406; x_wconf 80' lang='lat' dir='ltr'><strong>ex</strong></span> <span class='ocrx_word' id='word_1_522' title='bbox 1439 4366 1560 4422; x_wconf 87' lang='lat' dir='ltr'><strong>quo</strong></span> <span class='ocrx_word' id='word_1_523' title='bbox 1573 4350 1878 4406; x_wconf 85' lang='lat' dir='ltr'><strong>Miximilla</strong></span> <span class='ocrx_word' id='word_1_524' title='bbox 1896 4357 2132 4411; x_wconf 88' lang='lat' dir='ltr'><strong>mortua</strong></span> 
     </span>
    </p>
   </div>
   <div class='ocr_carea' id='block_1_79' title="bbox 470 4439 2128 4512">
    <p class='ocr_par' dir='ltr' id='par_1_79' title="bbox 470 4439 2128 4512">
     <span class='ocr_line' id='line_1_79' title="bbox 470 4439 2128 4512; baseline 0.001 -15"><span class='ocrx_word' id='word_1_525' title='bbox 470 4446 584 4497; x_wconf 87' lang='lat' dir='ltr'><strong>est.</strong></span> <span class='ocrx_word' id='word_1_526' title='bbox 615 4463 643 4491; x_wconf 89' lang='lat'>»</span> <span class='ocrx_word' id='word_1_527' title='bbox 665 4439 1052 4512; x_wconf 67' lang='lat' dir='ltr'><strong>Haecquidem</strong></span> <span class='ocrx_word' id='word_1_528' title='bbox 1087 4439 1138 4494; x_wconf 91' lang='lat' dir='ltr'><strong>is</strong></span> <span class='ocrx_word' id='word_1_529' title='bbox 1169 4439 1439 4510; x_wconf 89' lang='lat' dir='ltr'><strong>scriptor.</strong></span> <span class='ocrx_word' id='word_1_530' title='bbox 1475 4440 1758 4495; x_wconf 87' lang='lat' dir='ltr'><strong>Miltiades</strong></span> <span class='ocrx_word' id='word_1_531' title='bbox 1778 4446 1977 4496; x_wconf 90' lang='lat' dir='ltr'><strong>autem</strong></span> <span class='ocrx_word' id='word_1_532' title='bbox 2021 4443 2128 4498; x_wconf 90' lang='lat' dir='ltr'><strong>iste</strong></span> 
     </span>
    </p>
   </div>
   <div class='ocr_carea' id='block_1_80' title="bbox 468 4528 2126 4600">
    <p class='ocr_par' dir='ltr' id='par_1_80' title="bbox 468 4528 2126 4600">
     <span class='ocr_line' id='line_1_80' title="bbox 468 4528 2126 4600; baseline 0.001 -13"><span class='ocrx_word' id='word_1_533' title='bbox 468 4530 590 4587; x_wconf 85' lang='lat' dir='ltr'><strong>alia</strong></span> <span class='ocrx_word' id='word_1_534' title='bbox 610 4531 790 4586; x_wconf 90' lang='lat' dir='ltr'><strong>etiam</strong></span> <span class='ocrx_word' id='word_1_535' title='bbox 818 4528 990 4584; x_wconf 92' lang='lat' dir='ltr'><strong>nobis</strong></span> <span class='ocrx_word' id='word_1_536' title='bbox 1013 4529 1191 4583; x_wconf 92' lang='lat' dir='ltr'><strong>studii</strong></span> <span class='ocrx_word' id='word_1_537' title='bbox 1219 4528 1662 4600; x_wconf 63' lang='lat' dir='ltr'><strong>diligentiaque</strong></span> <span class='ocrx_word' id='word_1_538' title='bbox 1689 4546 1809 4584; x_wconf 68' lang='lat' dir='ltr'><strong>sum</strong></span> <span class='ocrx_word' id='word_1_539' title='bbox 1834 4530 1908 4585; x_wconf 92' lang='lat' dir='ltr'><strong>de</strong></span> <span class='ocrx_word' id='word_1_540' title='bbox 1945 4533 2126 4588; x_wconf 88' lang='lat' dir='ltr'><strong>rebus</strong></span> 
     </span>
    </p>
   </div>
   <div class='ocr_carea' id='block_1_81' title="bbox 469 4619 2123 4691">
    <p class='ocr_par' dir='ltr' id='par_1_81' title="bbox 469 4619 2123 4691">
     <span class='ocr_line' id='line_1_81' title="bbox 469 4619 2123 4691; baseline 0.001 -16"><span class='ocrx_word' id='word_1_541' title='bbox 469 4620 657 4676; x_wconf 81' lang='lat' dir='ltr'><strong>sacris</strong></span> <span class='ocrx_word' id='word_1_542' title='bbox 677 4619 916 4691; x_wconf 89' lang='lat' dir='ltr'><strong>reliquit</strong></span> <span class='ocrx_word' id='word_1_543' title='bbox 938 4623 1349 4673; x_wconf 91' lang='lat' dir='ltr'><strong>monumenta.</strong></span> <span class='ocrx_word' id='word_1_544' title='bbox 1378 4620 1568 4673; x_wconf 91' lang='lat' dir='ltr'><strong>Unum</strong></span> <span class='ocrx_word' id='word_1_545' title='bbox 1591 4619 1884 4689; x_wconf 90' lang='lat' dir='ltr'><strong>siquidem</strong></span> <span class='ocrx_word' id='word_1_546' title='bbox 1905 4619 2123 4676; x_wconf 88' lang='lat' dir='ltr'><strong>librum</strong></span> 
     </span>
    </p>
   </div>
   <div class='ocr_carea' id='block_1_82' title="bbox 2253 3378 3820 3456">
    <p class='ocr_par' dir='ltr' id='par_1_82' title="bbox 2253 3378 3820 3456">
     <span class='ocr_line' id='line_1_82' title="bbox 2253 3378 3820 3456; baseline 0.003 -29"><span class='ocrx_word' id='word_1_547' title='bbox 2253 3394 2351 3427; x_wconf 88' lang='grc' dir='ltr'><strong><em>που</em></strong></span> <span class='ocrx_word' id='word_1_548' title='bbox 2407 3378 2714 3451; x_wconf 72' lang='grc' dir='ltr'><strong><em>θυγατέρας,</em></strong></span> <span class='ocrx_word' id='word_1_549' title='bbox 2784 3382 2902 3432; x_wconf 79' lang='grc' dir='ltr'><strong><em>οὔτε</em></strong></span> <span class='ocrx_word' id='word_1_550' title='bbox 2967 3384 3060 3437; x_wconf 85' lang='grc' dir='ltr'><strong>τήν</strong></span> <span class='ocrx_word' id='word_1_551' title='bbox 3113 3379 3164 3432; x_wconf 78' lang='grc' dir='ltr'><strong>ἐν</strong></span> <span class='ocrx_word' id='word_1_552' title='bbox 3231 3379 3554 3455; x_wconf 74' lang='grc' dir='ltr'><strong>Φιλαδελφίᾳ</strong></span> <span class='ocrx_word' id='word_1_553' title='bbox 3606 3384 3820 3456; x_wconf 78' lang='grc' dir='ltr'><strong><em>’Δμμίευ,</em></strong></span> 
     </span>
    </p>
   </div>
   <div class='ocr_carea' id='block_1_83' title="bbox 2251 3462 3828 3544">
    <p class='ocr_par' dir='ltr' id='par_1_83' title="bbox 2251 3462 3828 3544">
     <span class='ocr_line' id='line_1_83' title="bbox 2251 3462 3828 3544; baseline 0.004 -27"><span class='ocrx_word' id='word_1_554' title='bbox 2251 3468 2365 3518; x_wconf 79' lang='grc' dir='ltr'><strong><em>οὔτε</em></strong></span> <span class='ocrx_word' id='word_1_555' title='bbox 2437 3462 2722 3540; x_wconf 76' lang='grc' dir='ltr'><strong><em>Κοδρᾶτον,</em></strong></span> <span class='ocrx_word' id='word_1_556' title='bbox 2801 3470 2917 3521; x_wconf 79' lang='grc' dir='ltr'><strong><em>οὔτε</em></strong></span> <span class='ocrx_word' id='word_1_557' title='bbox 2981 3471 3120 3530; x_wconf 81' lang='grc' dir='ltr'><strong><em>τινὰς</em></strong></span> <span class='ocrx_word' id='word_1_558' title='bbox 3186 3470 3372 3533; x_wconf 69' lang='grc' dir='ltr'><strong><em>ἄλλους</em></strong></span> <span class='ocrx_word' id='word_1_559' title='bbox 3438 3470 3613 3544; x_wconf 75' lang='grc' dir='ltr'><strong><em>μηδεν</em></strong></span> <span class='ocrx_word' id='word_1_560' title='bbox 3674 3475 3828 3532; x_wconf 67' lang='grc' dir='ltr'><strong><em>αὐτοῖς</em></strong></span> 
     </span>
    </p>
   </div>
   <div class='ocr_carea' id='block_1_84' title="bbox 2249 3559 3828 3633">
    <p class='ocr_par' dir='ltr' id='par_1_84' title="bbox 2249 3559 3828 3633">
     <span class='ocr_line' id='line_1_84' title="bbox 2249 3559 3828 3633; baseline 0.005 -28"><span class='ocrx_word' id='word_1_561' title='bbox 2249 3559 2606 3626; x_wconf 80' lang='grc' dir='ltr'><strong>προσήκοντας</strong></span> <span class='ocrx_word' id='word_1_562' title='bbox 2657 3562 3045 3628; x_wconf 85' lang='grc' dir='ltr'><strong><em>καυχήσονται.</em></strong></span> <span class='ocrx_word' id='word_1_563' title='bbox 3102 3578 3130 3610; x_wconf 69' lang='lat' dir='ltr'><strong>ii</strong></span> <span class='ocrx_word' id='word_1_564' title='bbox 3163 3565 3262 3612; x_wconf 80' lang='grc' dir='ltr'><strong>Καὶ</strong></span> <span class='ocrx_word' id='word_1_565' title='bbox 3313 3560 3424 3631; x_wconf 81' lang='grc' dir='ltr'><strong><em>μετ’</em></strong></span> <span class='ocrx_word' id='word_1_566' title='bbox 3487 3562 3680 3633; x_wconf 82' lang='grc' dir='ltr'><strong><em>ὀλίγα·</em></strong></span> <span class='ocrx_word' id='word_1_567' title='bbox 3708 3582 3736 3612; x_wconf 81' lang='grc' dir='ltr'><strong><em>ιι</em></strong></span> <span class='ocrx_word' id='word_1_568' title='bbox 3780 3560 3828 3613; x_wconf 73' lang='grc' dir='ltr'><strong>Εἰ</strong></span> 
     </span>
    </p>
   </div>
   <div class='ocr_carea' id='block_1_85' title="bbox 2247 3641 3828 3723">
    <p class='ocr_par' dir='ltr' id='par_1_85' title="bbox 2247 3641 3828 3723">
     <span class='ocr_line' id='line_1_85' title="bbox 2247 3641 3828 3723; baseline 0.004 -29"><span class='ocrx_word' id='word_1_569' title='bbox 2247 3646 2348 3717; x_wconf 83' lang='grc' dir='ltr'><strong>γαρ</strong></span> <span class='ocrx_word' id='word_1_570' title='bbox 2384 3646 2515 3714; x_wconf 82' lang='grc' dir='ltr'><strong><em>μετὰ</em></strong></span> <span class='ocrx_word' id='word_1_571' title='bbox 2567 3641 2834 3718; x_wconf 79' lang='grc' dir='ltr'><strong>Κοδρᾶτον</strong></span> <span class='ocrx_word' id='word_1_572' title='bbox 2881 3651 2972 3699; x_wconf 83' lang='grc' dir='ltr'><strong>καὶ</strong></span> <span class='ocrx_word' id='word_1_573' title='bbox 3024 3646 3272 3719; x_wconf 82' lang='grc' dir='ltr'><strong><em>Ἀμμίαν,</em></strong></span> <span class='ocrx_word' id='word_1_574' title='bbox 3323 3652 3390 3710; x_wconf 85' lang='grc' dir='ltr'><strong><em>ὧς</em></strong></span> <span class='ocrx_word' id='word_1_575' title='bbox 3430 3655 3491 3721; x_wconf 88' lang='grc' dir='ltr'><strong>γέ</strong></span> <span class='ocrx_word' id='word_1_576' title='bbox 3560 3670 3734 3723; x_wconf 83' lang='grc' dir='ltr'><strong><em>φασιν,</em></strong></span> <span class='ocrx_word' id='word_1_577' title='bbox 3782 3651 3828 3701; x_wconf 83' lang='grc' dir='ltr'><strong><em>αἱ</em></strong></span> 
     </span>
    </p>
   </div>
   <div class='ocr_carea' id='block_1_86' title="bbox 2246 3732 3828 3814">
    <p class='ocr_par' dir='ltr' id='par_1_86' title="bbox 2246 3732 3828 3814">
     <span class='ocr_line' id='line_1_86' title="bbox 2246 3732 3828 3814; baseline 0.004 -30"><span class='ocrx_word' id='word_1_578' title='bbox 2246 3737 2365 3807; x_wconf 84' lang='grc' dir='ltr'>περὶ</span> <span class='ocrx_word' id='word_1_579' title='bbox 2414 3737 2676 3786; x_wconf 88' lang='grc' dir='ltr'><strong><em>Μοντανόν</em></strong></span> <span class='ocrx_word' id='word_1_580' title='bbox 2738 3732 3038 3799; x_wconf 72' lang='grc' dir='ltr'><strong>διεδέξαντο</strong></span> <span class='ocrx_word' id='word_1_581' title='bbox 3105 3745 3347 3809; x_wconf 83' lang='grc' dir='ltr'><strong><em>γυναῖκες</em></strong></span> <span class='ocrx_word' id='word_1_582' title='bbox 3399 3743 3459 3791; x_wconf 90' lang='grc' dir='ltr'><strong>τὸ</strong></span> <span class='ocrx_word' id='word_1_583' title='bbox 3523 3744 3828 3814; x_wconf 72' lang='grc' dir='ltr'><strong><em>προφητικὸν</em></strong></span> 
     </span>
    </p>
   </div>
   <div class='ocr_carea' id='block_1_87' title="bbox 2244 3824 3831 3902">
    <p class='ocr_par' dir='ltr' id='par_1_87' title="bbox 2244 3824 3831 3902">
     <span class='ocr_line' id='line_1_87' title="bbox 2244 3824 3831 3902; baseline 0.005 -30"><span class='ocrx_word' id='word_1_584' title='bbox 2244 3824 2513 3896; x_wconf 80' lang='grc' dir='ltr'><strong><em>χάρισμα,</em></strong></span> <span class='ocrx_word' id='word_1_585' title='bbox 2542 3830 2676 3885; x_wconf 87' lang='grc' dir='ltr'><strong><em>τίνες</em></strong></span> <span class='ocrx_word' id='word_1_586' title='bbox 2725 3825 2871 3878; x_wconf 81' lang='grc' dir='ltr'><strong><em>ἄλλοι</em></strong></span> <span class='ocrx_word' id='word_1_587' title='bbox 2921 3825 3022 3879; x_wconf 76' lang='grc' dir='ltr'>ἀπὸ</span> <span class='ocrx_word' id='word_1_588' title='bbox 3079 3829 3344 3883; x_wconf 84' lang='grc' dir='ltr'><strong><em>Μοντανοῡ</em></strong></span> <span class='ocrx_word' id='word_1_589' title='bbox 3389 3834 3481 3882; x_wconf 76' lang='grc' dir='ltr'><strong>καὶ</strong></span> <span class='ocrx_word' id='word_1_590' title='bbox 3517 3840 3626 3882; x_wconf 84' lang='grc' dir='ltr'><strong>τὼν</strong></span> <span class='ocrx_word' id='word_1_591' title='bbox 3666 3849 3831 3902; x_wconf 81' lang='grc' dir='ltr'><strong><em>γυναι-</em></strong></span> 
     </span>
    </p>
   </div>
   <div class='ocr_carea' id='block_1_88' title="bbox 2243 3908 3830 3993">
    <p class='ocr_par' dir='ltr' id='par_1_88' title="bbox 2243 3908 3830 3993">
     <span class='ocr_line' id='line_1_88' title="bbox 2243 3908 3830 3993; baseline 0.005 -31"><span class='ocrx_word' id='word_1_592' title='bbox 2243 3920 2345 3962; x_wconf 79' lang='grc' dir='ltr'><strong>κῶν</strong></span> <span class='ocrx_word' id='word_1_593' title='bbox 2394 3908 2714 3978; x_wconf 77' lang='grc' dir='ltr'><strong><em>διεδέξαντο,</em></strong></span> <span class='ocrx_word' id='word_1_594' title='bbox 2769 3911 3113 3978; x_wconf 78' lang='grc' dir='ltr'><strong><em>δειξάτωσαν.</em></strong></span> <span class='ocrx_word' id='word_1_595' title='bbox 3170 3925 3280 3970; x_wconf 88' lang='grc' dir='ltr'><strong><em>Δεῖν</em></strong></span> <span class='ocrx_word' id='word_1_596' title='bbox 3309 3920 3410 3993; x_wconf 77' lang='grc' dir='ltr'><strong>γὰρ</strong></span> <span class='ocrx_word' id='word_1_597' title='bbox 3461 3915 3598 3972; x_wconf 83' lang='grc' dir='ltr'><strong><em>εἶναι</em></strong></span> <span class='ocrx_word' id='word_1_598' title='bbox 3640 3925 3696 3972; x_wconf 85' lang='grc' dir='ltr'><strong>τὸ</strong></span> <span class='ocrx_word' id='word_1_599' title='bbox 3725 3938 3830 3992; x_wconf 81' lang='grc' dir='ltr'>προ-</span> 
     </span>
    </p>
   </div>
   <div class='ocr_carea' id='block_1_89' title="bbox 2243 4003 3826 4082">
    <p class='ocr_par' dir='ltr' id='par_1_89' title="bbox 2243 4003 3826 4082">
     <span class='ocr_line' id='line_1_89' title="bbox 2243 4003 3826 4082; baseline 0.007 -31"><span class='ocrx_word' id='word_1_600' title='bbox 2243 4004 2457 4071; x_wconf 82' lang='grc' dir='ltr'><strong><em>φητικὸν</em></strong></span> <span class='ocrx_word' id='word_1_601' title='bbox 2483 4004 2733 4076; x_wconf 82' lang='grc' dir='ltr'><strong><em>χάρισμα</em></strong></span> <span class='ocrx_word' id='word_1_602' title='bbox 2786 4003 2836 4056; x_wconf 79' lang='grc' dir='ltr'><strong>ἐν</strong></span> <span class='ocrx_word' id='word_1_603' title='bbox 2887 4007 3031 4079; x_wconf 77' lang='grc' dir='ltr'><strong><em>πάσῃ</em></strong></span> <span class='ocrx_word' id='word_1_604' title='bbox 3084 4007 3368 4080; x_wconf 76' lang='grc' dir='ltr'><strong><em>Ἐκκλησία</em></strong></span> <span class='ocrx_word' id='word_1_605' title='bbox 3413 4018 3582 4082; x_wconf 86' lang='grc' dir='ltr'><strong><em>μέχρι</em></strong></span> <span class='ocrx_word' id='word_1_606' title='bbox 3618 4019 3714 4071; x_wconf 81' lang='grc' dir='ltr'><strong>τῆς</strong></span> <span class='ocrx_word' id='word_1_607' title='bbox 3756 4027 3826 4061; x_wconf 88' lang='grc' dir='ltr'><strong><em>τε·</em></strong></span> 
     </span>
    </p>
   </div>
   <div class='ocr_carea' id='block_1_90' title="bbox 2241 4086 3825 4164">
    <p class='ocr_par' dir='ltr' id='par_1_90' title="bbox 2241 4086 3825 4164">
     <span class='ocr_line' id='line_1_90' title="bbox 2241 4086 3825 4164; baseline 0.006 -25"><span class='ocrx_word' id='word_1_608' title='bbox 2241 4086 2380 4150; x_wconf 87' lang='grc' dir='ltr'><strong><em>λείας</em></strong></span> <span class='ocrx_word' id='word_1_609' title='bbox 2435 4097 2725 4164; x_wconf 85' lang='grc' dir='ltr'><strong><em>παρουσίας</em></strong></span> <span class='ocrx_word' id='word_1_610' title='bbox 2789 4095 2814 4146; x_wconf 84' lang='grc' dir='ltr'><strong><em>ὁ</em></strong></span> <span class='ocrx_word' id='word_1_611' title='bbox 2869 4093 3187 4157; x_wconf 84' lang='grc' dir='ltr'><strong><em>Ἀπὸστολος</em></strong></span> <span class='ocrx_word' id='word_1_612' title='bbox 3239 4096 3398 4160; x_wconf 80' lang='grc' dir='ltr'><strong>ἀξιοῖ.</strong></span> <span class='ocrx_word' id='word_1_613' title='bbox 3459 4098 3598 4152; x_wconf 81' lang='grc' dir='ltr'><strong><em>Ἀλλ’</em></strong></span> <span class='ocrx_word' id='word_1_614' title='bbox 3647 4104 3736 4152; x_wconf 72' lang='grc' dir='ltr'><strong>οὐκ</strong></span> <span class='ocrx_word' id='word_1_615' title='bbox 3777 4098 3825 4148; x_wconf 73' lang='grc' dir='ltr'><strong>ἐν</strong></span> 
     </span>
    </p>
   </div>
   <div class='ocr_carea' id='block_1_91' title="bbox 2241 4177 3823 4260">
    <p class='ocr_par' dir='ltr' id='par_1_91' title="bbox 2241 4177 3823 4260">
     <span class='ocr_line' id='line_1_91' title="bbox 2241 4177 3823 4260; baseline 0.006 -32"><span class='ocrx_word' id='word_1_616' title='bbox 2241 4179 2410 4248; x_wconf 78' lang='grc' dir='ltr'><strong><em>ἔχοιεν</em></strong></span> <span class='ocrx_word' id='word_1_617' title='bbox 2463 4177 2634 4242; x_wconf 83' lang='grc' dir='ltr'><strong><em>δεῖξαι</em></strong></span> <span class='ocrx_word' id='word_1_618' title='bbox 2675 4201 2688 4214; x_wconf 87' lang='grc'><strong>·</strong></span> <span class='ocrx_word' id='word_1_619' title='bbox 2744 4181 3318 4258; x_wconf 80' lang='grc' dir='ltr'><strong><em>τεσσαρεσκαιδέκατον</em></strong></span> <span class='ocrx_word' id='word_1_620' title='bbox 3374 4189 3477 4260; x_wconf 79' lang='grc' dir='ltr'><strong>γὰρ</strong></span> <span class='ocrx_word' id='word_1_621' title='bbox 3532 4186 3648 4247; x_wconf 75' lang='grc' dir='ltr'><strong>ἤδη</strong></span> <span class='ocrx_word' id='word_1_622' title='bbox 3693 4195 3823 4240; x_wconf 81' lang='grc' dir='ltr'><strong><em>τοῦτο</em></strong></span> 
     </span>
    </p>
   </div>
   <div class='ocr_carea' id='block_1_92' title="bbox 2240 4266 3824 4350">
    <p class='ocr_par' dir='ltr' id='par_1_92' title="bbox 2240 4266 3824 4350">
     <span class='ocr_line' id='line_1_92' title="bbox 2240 4266 3824 4350; baseline 0.01 -33"><span class='ocrx_word' id='word_1_623' title='bbox 2240 4268 2349 4328; x_wconf 80' lang='grc' dir='ltr'><strong><em>ἔτος</em></strong></span> <span class='ocrx_word' id='word_1_624' title='bbox 2407 4266 2508 4320; x_wconf 81' lang='grc' dir='ltr'><strong>ἀπὸ</strong></span> <span class='ocrx_word' id='word_1_625' title='bbox 2581 4279 2675 4333; x_wconf 88' lang='grc' dir='ltr'><strong><em>τῆς</em></strong></span> <span class='ocrx_word' id='word_1_626' title='bbox 2732 4271 3060 4344; x_wconf 81' lang='grc' dir='ltr'><strong><em>Μαξιμίλλής</em></strong></span> <span class='ocrx_word' id='word_1_627' title='bbox 3124 4275 3383 4341; x_wconf 82' lang='grc' dir='ltr'><strong><em>τελευτῆς,</em></strong></span> <span class='ocrx_word' id='word_1_628' title='bbox 3419 4298 3448 4327; x_wconf 86' lang='grc'><strong>››</strong></span> <span class='ocrx_word' id='word_1_629' title='bbox 3514 4283 3698 4331; x_wconf 84' lang='grc' dir='ltr'><strong><em>Ταῦτα</em></strong></span> 
     </span>
    </p>
   </div>
   <div class='ocr_carea' id='block_1_93' title="bbox 2238 4351 3819 4440">
    <p class='ocr_par' dir='ltr' id='par_1_93' title="bbox 2238 4351 3819 4440">
     <span class='ocr_line' id='line_1_93' title="bbox 2238 4351 3819 4440; baseline 0.01 -33"><span class='ocrx_word' id='word_1_630' title='bbox 2238 4351 2415 4417; x_wconf 72' lang='grc' dir='ltr'><strong><em>οὗτοςο</em></strong></span> <span class='ocrx_word' id='word_1_631' title='bbox 2457 4359 2483 4408; x_wconf 88' lang='grc' dir='ltr'><strong><em>ὁ</em></strong></span> <span class='ocrx_word' id='word_1_632' title='bbox 2535 4355 2595 4411; x_wconf 74' lang='grc' dir='ltr'><strong><em>δὲ</em></strong></span> <span class='ocrx_word' id='word_1_633' title='bbox 2643 4358 2944 4423; x_wconf 81' lang='grc' dir='ltr'><strong><em>Μιλτιάδης</em></strong></span> <span class='ocrx_word' id='word_1_634' title='bbox 2994 4367 3143 4426; x_wconf 71' lang='grc' dir='ltr'><strong><em>οὗτος</em></strong></span> <span class='ocrx_word' id='word_1_635' title='bbox 3201 4370 3290 4418; x_wconf 80' lang='grc' dir='ltr'><strong>καὶ</strong></span> <span class='ocrx_word' id='word_1_636' title='bbox 3349 4365 3507 4427; x_wconf 87' lang='grc' dir='ltr'><strong><em>οἷλλας</em></strong></span> <span class='ocrx_word' id='word_1_637' title='bbox 3555 4369 3683 4440; x_wconf 74' lang='grc' dir='ltr'><strong>ἡμῖν</strong></span> <span class='ocrx_word' id='word_1_638' title='bbox 3740 4374 3819 4426; x_wconf 74' lang='grc' dir='ltr'><strong>τῆς</strong></span> 
     </span>
    </p>
   </div>
   <div class='ocr_carea' id='block_1_94' title="bbox 2236 4447 3813 4527">
    <p class='ocr_par' dir='ltr' id='par_1_94' title="bbox 2236 4447 3813 4527">
     <span class='ocr_line' id='line_1_94' title="bbox 2236 4447 3813 4527; baseline 0.007 -30"><span class='ocrx_word' id='word_1_639' title='bbox 2236 4451 2350 4518; x_wconf 79' lang='grc' dir='ltr'>περὶ</span> <span class='ocrx_word' id='word_1_640' title='bbox 2391 4449 2458 4499; x_wconf 83' lang='grc' dir='ltr'><strong><em>τὰ</em></strong></span> <span class='ocrx_word' id='word_1_641' title='bbox 2511 4450 2622 4500; x_wconf 86' lang='grc' dir='ltr'><strong><em>θεῖα</em></strong></span> <span class='ocrx_word' id='word_1_642' title='bbox 2677 4447 2919 4514; x_wconf 82' lang='grc' dir='ltr'><strong><em>σπουδῆς</em></strong></span> <span class='ocrx_word' id='word_1_643' title='bbox 2972 4453 3132 4506; x_wconf 78' lang='grc' dir='ltr'><strong><em>αὐτοῦ</em></strong></span> <span class='ocrx_word' id='word_1_644' title='bbox 3186 4460 3398 4527; x_wconf 88' lang='grc' dir='ltr'><strong><em>μνήμας</em></strong></span> <span class='ocrx_word' id='word_1_645' title='bbox 3445 4459 3813 4510; x_wconf 76' lang='grc' dir='ltr'><strong><em>καταλέλοιπεν.</em></strong></span> 
     </span>
    </p>
   </div>
   <div class='ocr_carea' id='block_1_95' title="bbox 2237 4532 3812 4620">
    <p class='ocr_par' dir='ltr' id='par_1_95' title="bbox 2237 4532 3812 4620">
     <span class='ocr_line' id='line_1_95' title="bbox 2237 4532 3812 4620; baseline 0.005 -32"><span class='ocrx_word' id='word_1_646' title='bbox 2237 4532 2332 4594; x_wconf 79' lang='grc' dir='ltr'><strong>Εἷς</strong></span> <span class='ocrx_word' id='word_1_647' title='bbox 2368 4539 2459 4608; x_wconf 76' lang='grc' dir='ltr'><strong><em>μὲν</em></strong></span> <span class='ocrx_word' id='word_1_648' title='bbox 2487 4540 2588 4611; x_wconf 82' lang='grc' dir='ltr'><strong>γὰρ</strong></span> <span class='ocrx_word' id='word_1_649' title='bbox 2637 4538 2777 4611; x_wconf 78' lang='grc' dir='ltr'><strong><em>αὐτῷ</em></strong></span> <span class='ocrx_word' id='word_1_650' title='bbox 2839 4540 2992 4612; x_wconf 84' lang='grc' dir='ltr'><strong><em>λόγος</em></strong></span> <span class='ocrx_word' id='word_1_651' title='bbox 3041 4547 3172 4615; x_wconf 86' lang='grc' dir='ltr'><strong><em>πρὸς</em></strong></span> <span class='ocrx_word' id='word_1_652' title='bbox 3222 4544 3496 4610; x_wconf 69' lang='grc' dir='ltr'><strong><em>Έλληνας,</em></strong></span> <span class='ocrx_word' id='word_1_653' title='bbox 3553 4549 3720 4620; x_wconf 79' lang='grc' dir='ltr'><strong><em>ἔτερος</em></strong></span> <span class='ocrx_word' id='word_1_654' title='bbox 3765 4541 3812 4596; x_wconf 76' lang='grc' dir='ltr'><strong>δε</strong></span> 
     </span>
    </p>
   </div>
   <div class='ocr_carea' id='block_1_96' title="bbox 2233 4622 3799 4710">
    <p class='ocr_par' dir='ltr' id='par_1_96' title="bbox 2233 4622 3799 4710">
     <span class='ocr_line' id='line_1_96' title="bbox 2233 4622 3799 4710; baseline 0.006 -35"><span class='ocrx_word' id='word_1_655' title='bbox 2233 4627 2359 4697; x_wconf 87' lang='grc' dir='ltr'><strong><em>πρὸς</em></strong></span> <span class='ocrx_word' id='word_1_656' title='bbox 2391 4622 2704 4693; x_wconf 86' lang='grc' dir='ltr'><strong><em>Ἰουδαίους,</em></strong></span> <span class='ocrx_word' id='word_1_657' title='bbox 2761 4629 2816 4682; x_wconf 78' lang='grc' dir='ltr'><strong><em>εὖ</em></strong></span> <span class='ocrx_word' id='word_1_658' title='bbox 2867 4630 3009 4702; x_wconf 83' lang='grc' dir='ltr'><strong><em>μάλα</em></strong></span> <span class='ocrx_word' id='word_1_659' title='bbox 3060 4637 3150 4684; x_wconf 84' lang='grc' dir='ltr'><strong>καὶ</strong></span> <span class='ocrx_word' id='word_1_660' title='bbox 3199 4634 3355 4706; x_wconf 81' lang='grc' dir='ltr'><strong><em>ἄμφω</em></strong></span> <span class='ocrx_word' id='word_1_661' title='bbox 3403 4639 3799 4710; x_wconf 57' lang='grc' dir='ltr'><strong><em>συντεθειμένου</em></strong></span> 
     </span>
    </p>
   </div>
   <div class='ocr_carea' id='block_1_97' title="bbox 469 4698 2136 4801">
    <p class='ocr_par' dir='ltr' id='par_1_97' title="bbox 469 4707 2123 4782">
     <span class='ocr_line' id='line_1_97' title="bbox 469 4707 2123 4782; baseline -0.001 -15"><span class='ocrx_word' id='word_1_662' title='bbox 469 4709 549 4767; x_wconf 79' lang='lat' dir='ltr'><strong>ad</strong></span> <span class='ocrx_word' id='word_1_663' title='bbox 576 4707 1023 4780; x_wconf 75' lang='lat' dir='ltr'><strong>Grascos,323</strong></span> <span class='ocrx_word' id='word_1_664' title='bbox 1051 4707 1302 4762; x_wconf 89' lang='lat' dir='ltr'><strong>alterum</strong></span> <span class='ocrx_word' id='word_1_665' title='bbox 1319 4723 1461 4762; x_wconf 87' lang='lat' dir='ltr'><strong>vero</strong></span> <span class='ocrx_word' id='word_1_666' title='bbox 1487 4708 1561 4762; x_wconf 89' lang='lat' dir='ltr'><strong>ad</strong></span> <span class='ocrx_word' id='word_1_667' title='bbox 1575 4708 1603 4761; x_wconf 83' lang='lat' dir='ltr'><strong>J</strong></span> <span class='ocrx_word' id='word_1_668' title='bbox 1613 4708 1811 4762; x_wconf 82' lang='lat' dir='ltr'><strong>udaeos</strong></span> <span class='ocrx_word' id='word_1_669' title='bbox 1830 4724 2123 4782; x_wconf 89' lang='lat' dir='ltr'><strong>perquam</strong></span> 
     </span>
    </p>
   </div>
   <div class='ocr_carea' id='block_1_98' title="bbox 2249 4698 3797 4801">
    <p class='ocr_par' dir='ltr' id='par_1_98' title="bbox 2249 4698 3797 4801">
     <span class='ocr_line' id='line_1_98' title="bbox 2249 4698 3797 4801; baseline 0.012 -38"><span class='ocrx_word' id='word_1_670' title='bbox 2249 4717 2322 4801; x_wconf 75' lang='grc' dir='ltr'><strong>ιαὶ</strong></span> <span class='ocrx_word' id='word_1_671' title='bbox 2347 4714 2498 4775; x_wconf 73' lang='grc' dir='ltr'><strong><em>ἄλλος</em></strong></span> <span class='ocrx_word' id='word_1_672' title='bbox 2537 4712 2596 4769; x_wconf 80' lang='grc' dir='ltr'><strong><em>δὲ</em></strong></span> <span class='ocrx_word' id='word_1_673' title='bbox 2625 4722 2803 4792; x_wconf 85' lang='grc' dir='ltr'><strong><em>τρίτος</em></strong></span> <span class='ocrx_word' id='word_1_674' title='bbox 2843 4719 2983 4792; x_wconf 73' lang='grc' dir='ltr'><strong><em>αὐτῷ</em></strong></span> <span class='ocrx_word' id='word_1_675' title='bbox 3036 4698 3323 4797; x_wconf 76' lang='grc' dir='ltr'><strong><em>συνεγράφό</em></strong></span> <span class='ocrx_word' id='word_1_676' title='bbox 3373 4729 3508 4800; x_wconf 89' lang='grc' dir='ltr'><strong><em>πρὸς</em></strong></span> <span class='ocrx_word' id='word_1_677' title='bbox 3552 4698 3797 4801; x_wconf 70' lang='grc' dir='ltr'><strong><em>ἄρχοντας.</em></strong></span> 
     </span>
    </p>
   </div>
   <div class='ocr_carea' id='block_1_99' title="bbox 463 4797 2122 4870">
    <p class='ocr_par' dir='ltr' id='par_1_99' title="bbox 463 4797 2122 4870">
     <span class='ocr_line' id='line_1_99' title="bbox 463 4797 2122 4870; baseline 0 -16"><span class='ocrx_word' id='word_1_678' title='bbox 463 4799 693 4854; x_wconf 85' lang='lat' dir='ltr'><strong>erudite</strong></span> <span class='ocrx_word' id='word_1_679' title='bbox 719 4797 1060 4870; x_wconf 90' lang='lat' dir='ltr'><strong>composuit</strong></span> <span class='ocrx_word' id='word_1_680' title='bbox 1093 4797 1234 4856; x_wconf 88' lang='lat' dir='ltr'><strong>:sed</strong></span> <span class='ocrx_word' id='word_1_681' title='bbox 1256 4802 1313 4851; x_wconf 91' lang='lat' dir='ltr'><strong>et</strong></span> <span class='ocrx_word' id='word_1_682' title='bbox 1342 4797 1577 4851; x_wconf 88' lang='lat' dir='ltr'><strong>tertium</strong></span> <span class='ocrx_word' id='word_1_683' title='bbox 1609 4797 1840 4868; x_wconf 88' lang='lat' dir='ltr'><strong>scripsit</strong></span> <span class='ocrx_word' id='word_1_684' title='bbox 1873 4799 1948 4854; x_wconf 89' lang='lat' dir='ltr'><strong>ad</strong></span> <span class='ocrx_word' id='word_1_685' title='bbox 1966 4799 2122 4870; x_wconf 93' lang='lat' dir='ltr'><strong>prin-</strong></span> 
     </span>
    </p>
   </div>
   <div class='ocr_carea' id='block_1_100' title="bbox 464 4885 2122 4960">
    <p class='ocr_par' dir='ltr' id='par_1_100' title="bbox 464 4885 2122 4960">
     <span class='ocr_line' id='line_1_100' title="bbox 464 4885 2122 4960; baseline 0 -15"><span class='ocrx_word' id='word_1_686' title='bbox 464 4887 1071 4960; x_wconf 84' lang='lat' dir='ltr'><strong>cipes,defensionem</strong></span> <span class='ocrx_word' id='word_1_687' title='bbox 1098 4902 1207 4959; x_wconf 93' lang='lat' dir='ltr'><strong>pro</strong></span> <span class='ocrx_word' id='word_1_688' title='bbox 1226 4901 1297 4942; x_wconf 90' lang='lat' dir='ltr'><strong>ea</strong></span> <span class='ocrx_word' id='word_1_689' title='bbox 1312 4901 1496 4959; x_wconf 88' lang='lat' dir='ltr'><strong>quam</strong></span> <span class='ocrx_word' id='word_1_690' title='bbox 1517 4885 1868 4958; x_wconf 86' lang='lat' dir='ltr'><strong>complexus</strong></span> <span class='ocrx_word' id='word_1_691' title='bbox 1891 4889 2122 4960; x_wconf 88' lang='lat' dir='ltr'><strong>estphi-</strong></span> 
     </span>
    </p>
   </div>
   <div class='ocr_carea' id='block_1_101' title="bbox 458 4975 1110 5050">
    <p class='ocr_par' dir='ltr' id='par_1_101' title="bbox 458 4975 1110 5050">
     <span class='ocr_line' id='line_1_101' title="bbox 458 4975 1110 5050; baseline -0.003 -16"><span class='ocrx_word' id='word_1_692' title='bbox 458 4975 739 5050; x_wconf 87' lang='lat' dir='ltr'><strong>losophia</strong></span> <span class='ocrx_word' id='word_1_693' title='bbox 773 4978 1110 5034; x_wconf 86' lang='lat' dir='ltr'><strong>instituens.</strong></span> 
     </span>
    </p>
   </div>
   <div class='ocr_carea' id='block_1_102' title="bbox 1076 5064 1502 5122">
    <p class='ocr_par' dir='ltr' id='par_1_102' title="bbox 1076 5064 1502 5122">
     <span class='ocr_line' id='line_1_102' title="bbox 1076 5064 1502 5122; baseline -0.002 -1"><span class='ocrx_word' id='word_1_694' title='bbox 1076 5065 1300 5122; x_wconf 88' lang='lat' dir='ltr'><strong>CAPUT</strong></span> <span class='ocrx_word' id='word_1_695' title='bbox 1335 5064 1502 5120; x_wconf 88' lang='lat' dir='ltr'><strong>XXV.</strong></span> 
     </span>
    </p>
   </div>
   <div class='ocr_carea' id='block_1_103' title="bbox 461 5155 2114 5226">
    <p class='ocr_par' dir='ltr' id='par_1_103' title="bbox 461 5155 2114 5226">
     <span class='ocr_line' id='line_1_103' title="bbox 461 5155 2114 5226; baseline 0.001 -14"><span class='ocrx_word' id='word_1_696' title='bbox 461 5156 630 5225; x_wconf 79' lang='lat' dir='ltr'><strong>Quod</strong></span> <span class='ocrx_word' id='word_1_697' title='bbox 659 5164 711 5213; x_wconf 74' lang='lat' dir='ltr'><strong>et</strong></span> <span class='ocrx_word' id='word_1_698' title='bbox 735 5155 1095 5226; x_wconf 81' lang='lat' dir='ltr'><strong>Apollonius</strong></span> <span class='ocrx_word' id='word_1_699' title='bbox 1147 5155 1440 5210; x_wconf 80' lang='lat' dir='ltr'><strong>Romanus</strong></span> <span class='ocrx_word' id='word_1_700' title='bbox 1490 5161 1703 5211; x_wconf 82' lang='lat' dir='ltr'><strong>contra</strong></span> <span class='ocrx_word' id='word_1_701' title='bbox 1745 5170 1874 5212; x_wconf 91' lang='lat' dir='ltr'><strong>eam</strong></span> <span class='ocrx_word' id='word_1_702' title='bbox 1925 5157 2114 5226; x_wconf 79' lang='lat' dir='ltr'><strong>ipsam</strong></span> 
     </span>
    </p>
   </div>
   <div class='ocr_carea' id='block_1_104' title="bbox 943 5226 1633 5296">
    <p class='ocr_par' dir='ltr' id='par_1_104' title="bbox 943 5226 1633 5296">
     <span class='ocr_line' id='line_1_104' title="bbox 943 5226 1633 5296; baseline -0.003 -13"><span class='ocrx_word' id='word_1_703' title='bbox 943 5226 1213 5284; x_wconf 75' lang='lat' dir='ltr'><strong>haeresim</strong></span> <span class='ocrx_word' id='word_1_704' title='bbox 1252 5226 1633 5296; x_wconf 79' lang='lat' dir='ltr'><strong>pugnaverit.</strong></span> 
     </span>
    </p>
   </div>
   <div class='ocr_carea' id='block_1_105' title="bbox 531 5315 2116 5389">
    <p class='ocr_par' dir='ltr' id='par_1_105' title="bbox 531 5315 2116 5389">
     <span class='ocr_line' id='line_1_105' title="bbox 531 5315 2116 5389; baseline 0.001 -16"><span class='ocrx_word' id='word_1_705' title='bbox 531 5317 736 5374; x_wconf 89' lang='lat' dir='ltr'><strong>Utrum</strong></span> <span class='ocrx_word' id='word_1_706' title='bbox 793 5317 1098 5372; x_wconf 86' lang='lat' dir='ltr'><strong>enimvero</strong></span> <span class='ocrx_word' id='word_1_707' title='bbox 1130 5321 1186 5371; x_wconf 93' lang='lat' dir='ltr'><strong>et</strong></span> <span class='ocrx_word' id='word_1_708' title='bbox 1226 5315 1598 5386; x_wconf 86' lang='lat' dir='ltr'><strong>Apollonius,</strong></span> <span class='ocrx_word' id='word_1_709' title='bbox 1652 5321 1902 5389; x_wconf 84' lang='lat' dir='ltr'><strong>scriptor</strong></span> <span class='ocrx_word' id='word_1_710' title='bbox 1927 5317 2116 5374; x_wconf 82' lang='lat' dir='ltr'><strong>eccle-</strong></span> 
     </span>
    </p>
   </div>
   <div class='ocr_carea' id='block_1_106' title="bbox 2231 4799 3802 4890">
    <p class='ocr_par' dir='ltr' id='par_1_106' title="bbox 2231 4799 3802 4890">
     <span class='ocr_line' id='line_1_106' title="bbox 2231 4799 3802 4890; baseline 0.011 -38"><span class='ocrx_word' id='word_1_711' title='bbox 2231 4799 2511 4876; x_wconf 77' lang='grc' dir='ltr'><strong><em>ἀπολογίαν</em></strong></span> <span class='ocrx_word' id='word_1_712' title='bbox 2573 4802 2940 4870; x_wconf 78' lang='grc' dir='ltr'><strong><em>διασκευάζων</em></strong></span> <span class='ocrx_word' id='word_1_713' title='bbox 3020 4812 3148 4886; x_wconf 77' lang='grc' dir='ltr'>ὑπερ</span> <span class='ocrx_word' id='word_1_714' title='bbox 3229 4813 3294 4874; x_wconf 74' lang='grc' dir='ltr'><strong><em>ἧς</em></strong></span> <span class='ocrx_word' id='word_1_715' title='bbox 3358 4820 3542 4889; x_wconf 68' lang='grc' dir='ltr'><strong><em>μετῄει</em></strong></span> <span class='ocrx_word' id='word_1_716' title='bbox 3591 4799 3802 4890; x_wconf 12' lang='grc' dir='ltr'><strong><em>ἡφιλοσε-</em></strong></span> 
     </span>
    </p>
   </div>
   <div class='ocr_carea' id='block_1_107' title="bbox 2230 4912 2370 4965">
    <p class='ocr_par' dir='ltr' id='par_1_107' title="bbox 2230 4912 2370 4965">
     <span class='ocr_line' id='line_1_107' title="bbox 2230 4912 2370 4965; baseline -0.029 -11"><span class='ocrx_word' id='word_1_717' title='bbox 2230 4912 2370 4965; x_wconf 75' lang='grc' dir='ltr'><strong><em>φίας.</em></strong></span> 
     </span>
    </p>
   </div>
   <div class='ocr_carea' id='block_1_108' title="bbox 2822 5076 3228 5134">
    <p class='ocr_par' dir='ltr' id='par_1_108' title="bbox 2822 5076 3228 5134">
     <span class='ocr_line' id='line_1_108' title="bbox 2822 5076 3228 5134; baseline 0.015 -5"><span class='ocrx_word' id='word_1_718' title='bbox 2822 5081 3066 5131; x_wconf 76' lang='grc' dir='ltr'><strong>ΚΕΦΑΛ.</strong></span> <span class='ocrx_word' id='word_1_719' title='bbox 3111 5076 3228 5134; x_wconf 74' lang='grc' dir='ltr'><strong>κε’.</strong></span> 
     </span>
    </p>
   </div>
   <div class='ocr_carea' id='block_1_109' title="bbox 2223 5154 3822 5249">
    <p class='ocr_par' dir='ltr' id='par_1_109' title="bbox 2223 5154 3822 5249">
     <span class='ocr_line' id='line_1_109' title="bbox 2223 5154 3822 5249; baseline 0.008 -39"><span class='ocrx_word' id='word_1_720' title='bbox 2223 5154 2315 5220; x_wconf 80' lang='grc' dir='ltr'><strong>Ὠς</strong></span> <span class='ocrx_word' id='word_1_721' title='bbox 2353 5165 2460 5212; x_wconf 84' lang='grc' dir='ltr'><strong>καὶ</strong></span> <span class='ocrx_word' id='word_1_722' title='bbox 2501 5161 2924 5249; x_wconf 60' lang='grc' dir='ltr'><strong><em>Ἀπολλώνιος</em></strong></span> <span class='ocrx_word' id='word_1_723' title='bbox 2952 5168 2977 5218; x_wconf 85' lang='grc' dir='ltr'><strong><em>ὁ</em></strong></span> <span class='ocrx_word' id='word_1_724' title='bbox 3014 5166 3318 5249; x_wconf 71' lang='grc' dir='ltr'><strong><em>Ῥωμαῖος</em></strong></span> <span class='ocrx_word' id='word_1_725' title='bbox 3346 5173 3513 5249; x_wconf 59' lang='grc' dir='ltr'><strong><em>ξατὰ</em></strong></span> <span class='ocrx_word' id='word_1_726' title='bbox 3551 5180 3672 5236; x_wconf 79' lang='grc' dir='ltr'><strong><em>τῆς</em></strong></span> <span class='ocrx_word' id='word_1_727' title='bbox 3711 5189 3822 5226; x_wconf 81' lang='grc' dir='ltr'><strong><em>τοι·</em></strong></span> 
     </span>
    </p>
   </div>
   <div class='ocr_carea' id='block_1_110' title="bbox 2529 5237 3520 5312">
    <p class='ocr_par' dir='ltr' id='par_1_110' title="bbox 2529 5237 3520 5312">
     <span class='ocr_line' id='line_1_110' title="bbox 2529 5237 3520 5312; baseline 0.008 -26"><span class='ocrx_word' id='word_1_728' title='bbox 2529 5237 2724 5296; x_wconf 84' lang='grc' dir='ltr'><strong><em>αὐτης</em></strong></span> <span class='ocrx_word' id='word_1_729' title='bbox 2761 5237 3065 5312; x_wconf 78' lang='grc' dir='ltr'><strong><em>αἱρέσεως</em></strong></span> <span class='ocrx_word' id='word_1_730' title='bbox 3103 5237 3520 5304; x_wconf 75' lang='grc' dir='ltr'><strong><em>ἀντετάξατο.</em></strong></span> 
     </span>
    </p>
   </div>
   <div class='ocr_carea' id='block_1_111' title="bbox 2294 5318 3823 5396">
    <p class='ocr_par' dir='ltr' id='par_1_111' title="bbox 2294 5318 3823 5396">
     <span class='ocr_line' id='line_1_111' title="bbox 2294 5318 3823 5396; baseline 0.009 -24"><span class='ocrx_word' id='word_1_731' title='bbox 2294 5320 2370 5396; x_wconf 53' lang='lat' dir='ltr'><strong>Oti</strong></span> <span class='ocrx_word' id='word_1_732' title='bbox 2408 5325 2512 5394; x_wconf 83' lang='grc' dir='ltr'><strong><em>μὴν</em></strong></span> <span class='ocrx_word' id='word_1_733' title='bbox 2545 5318 2603 5377; x_wconf 74' lang='grc' dir='ltr'><strong>δε</strong></span> <span class='ocrx_word' id='word_1_734' title='bbox 2667 5323 2793 5378; x_wconf 80' lang='grc' dir='ltr'><strong><em>ἀλλὰ</em></strong></span> <span class='ocrx_word' id='word_1_735' title='bbox 2851 5332 2941 5380; x_wconf 79' lang='grc' dir='ltr'><strong>καὶ</strong></span> <span class='ocrx_word' id='word_1_736' title='bbox 2992 5327 3352 5396; x_wconf 85' lang='grc' dir='ltr'><strong><em>Ἀπολλώνιος,</em></strong></span> <span class='ocrx_word' id='word_1_737' title='bbox 3389 5330 3823 5394; x_wconf 73' lang='grc' dir='ltr'><strong><em>έκχλησιαστικὸς</em></strong></span> 
     </span>
    </p>
   </div>
   <div class='ocr_carea' id='block_1_112' title="bbox 457 5403 2136 5499">
    <p class='ocr_par' dir='ltr' id='par_1_112' title="bbox 457 5403 2110 5472">
     <span class='ocr_line' id='line_1_112' title="bbox 457 5403 2110 5472; baseline 0.002 -12"><span class='ocrx_word' id='word_1_738' title='bbox 457 5403 752 5472; x_wconf 75' lang='lat' dir='ltr'><strong>siasticus,</strong></span> <span class='ocrx_word' id='word_1_739' title='bbox 787 5405 1158 5462; x_wconf 88' lang='lat' dir='ltr'><strong>orationibus</strong></span> <span class='ocrx_word' id='word_1_740' title='bbox 1217 5405 1392 5460; x_wconf 90' lang='lat' dir='ltr'><strong>editis</strong></span> <span class='ocrx_word' id='word_1_741' title='bbox 1443 5404 1720 5461; x_wconf 69' lang='lat' dir='ltr'><strong>haeresim</strong></span> <span class='ocrx_word' id='word_1_742' title='bbox 1777 5408 2110 5464; x_wconf 89' lang='lat' dir='ltr'><strong>secundum</strong></span> 
     </span>
    </p>
   </div>
   <div class='ocr_carea' id='block_1_113' title="bbox 2249 5403 3822 5499">
    <p class='ocr_par' dir='ltr' id='par_1_113' title="bbox 2249 5413 3822 5499">
     <span class='ocr_line' id='line_1_113' title="bbox 2249 5413 3822 5499; baseline 0.013 -39"><span class='ocrx_word' id='word_1_743' title='bbox 2249 5415 2572 5484; x_wconf 68' lang='grc' dir='ltr'><strong><em>τυγγραφεὺς,</em></strong></span> <span class='ocrx_word' id='word_1_744' title='bbox 2637 5413 2810 5487; x_wconf 86' lang='grc' dir='ltr'><strong><em>λόγοις</em></strong></span> <span class='ocrx_word' id='word_1_745' title='bbox 2863 5415 3093 5490; x_wconf 73' lang='grc' dir='ltr'><strong><em>ἐλέγχων</em></strong></span> <span class='ocrx_word' id='word_1_746' title='bbox 3146 5417 3329 5493; x_wconf 81' lang='grc' dir='ltr'><strong><em>βάλλει</em></strong></span> <span class='ocrx_word' id='word_1_747' title='bbox 3393 5427 3482 5481; x_wconf 83' lang='grc' dir='ltr'><strong>τήν</strong></span> <span class='ocrx_word' id='word_1_748' title='bbox 3548 5424 3822 5499; x_wconf 70' lang='grc' dir='ltr'><strong><em>εἰρημένην</em></strong></span> 
     </span>
    </p>
   </div>
   <div class='ocr_carea' id='block_1_114' title="bbox 529 5518 2136 5610">
    <p class='ocr_par' dir='ltr' id='par_1_114' title="bbox 529 5518 2136 5598">
     <span class='ocr_line' id='line_1_114' title="bbox 529 5518 2136 5598; baseline -0.001 -22"><span class='ocrx_word' id='word_1_749' title='bbox 529 5518 606 5589; x_wconf 89' lang='grc'><strong>(1)</strong></span> <span class='ocrx_word' id='word_1_750' title='bbox 633 5524 759 5592; x_wconf 87' lang='grc' dir='ltr'><strong><em>Περί</em></strong></span> <span class='ocrx_word' id='word_1_751' title='bbox 789 5519 1065 5593; x_wconf 78' lang='grc' dir='ltr'><strong><em>Εὐμενεὶας</em></strong></span> <span class='ocrx_word' id='word_1_752' title='bbox 1093 5524 1487 5594; x_wconf 87' lang='grc' dir='ltr'><strong><em>μαρτυρήσασι,</em></strong></span> <span class='ocrx_word' id='word_1_753' title='bbox 1513 5519 1753 5596; x_wconf 82' lang='lat' dir='ltr'><strong>Niceph.</strong></span> <span class='ocrx_word' id='word_1_754' title='bbox 1783 5519 1884 5575; x_wconf 83' lang='grc' dir='ltr'><strong>ἀπὸ</strong></span> <span class='ocrx_word' id='word_1_755' title='bbox 1918 5529 2136 5598; x_wconf 78' lang='grc' dir='ltr'><strong><em>Ευμενεὶι</em></strong></span> 
     </span>
    </p>
   </div>
   <div class='ocr_carea' id='block_1_115' title="bbox 2249 5518 3049 5610">
    <p class='ocr_par' dir='ltr' id='par_1_115' title="bbox 2257 5526 3049 5610">
     <span class='ocr_line' id='line_1_115' title="bbox 2257 5526 3049 5610; baseline 0.008 -28"><span class='ocrx_word' id='word_1_756' title='bbox 2257 5526 2498 5600; x_wconf 86' lang='lat' dir='ltr'><strong>(Euseb.</strong></span> <span class='ocrx_word' id='word_1_757' title='bbox 2529 5528 2636 5591; x_wconf 91' lang='lat' dir='ltr'><strong>lib.</strong></span> <span class='ocrx_word' id='word_1_758' title='bbox 2665 5546 2723 5600; x_wconf 72' lang='grc' dir='ltr'><strong><em>γ,</em></strong></span> <span class='ocrx_word' id='word_1_759' title='bbox 2757 5547 2891 5607; x_wconf 90' lang='lat' dir='ltr'><strong>cap.</strong></span> <span class='ocrx_word' id='word_1_760' title='bbox 2938 5533 3049 5610; x_wconf 87' lang='grc'><strong>16.)</strong></span> 
     </span>
    </p>
   </div>
   <div class='ocr_carea' id='block_1_116' title="bbox 529 5606 1374 5683">
    <p class='ocr_par' dir='ltr' id='par_1_116' title="bbox 529 5606 1374 5683">
     <span class='ocr_line' id='line_1_116' title="bbox 529 5606 1374 5683; baseline 0.011 -22"><span class='ocrx_word' id='word_1_761' title='bbox 529 5606 608 5683; x_wconf 79' lang='lat'><strong>(2)</strong></span> <span class='ocrx_word' id='word_1_762' title='bbox 636 5609 847 5666; x_wconf 86' lang='lat' dir='ltr'><strong>Euseb.</strong></span> <span class='ocrx_word' id='word_1_763' title='bbox 875 5609 979 5668; x_wconf 90' lang='lat' dir='ltr'><strong>lib.</strong></span> <span class='ocrx_word' id='word_1_764' title='bbox 1019 5624 1079 5676; x_wconf 75' lang='grc' dir='ltr'><strong>ν,</strong></span> <span class='ocrx_word' id='word_1_765' title='bbox 1111 5625 1241 5682; x_wconf 91' lang='lat' dir='ltr'><strong>cap.</strong></span> <span class='ocrx_word' id='word_1_766' title='bbox 1289 5614 1374 5670; x_wconf 87' lang='lat' dir='ltr'><strong>t7.</strong></span> 
     </span>
    </p>
   </div>
  </div>
