4036 6288
321 287 454 345 1041

1348 289 1920 348 ECCLESIASTICIE
1964 289 2320 350 HISTORLE
2360 293 2496 351 LIB.
2538 294 2632 352 IV.

3536 294 3674 353 1042

315 417 516 485 αἰρεσιν
562 415 700 466 κατὰ
756 416 963 489 Φρύγας
999 417 1115 467 τότε
1172 413 1534 488 ἀκμάζουσαν,
1596 420 1723 491 πρὸς
1777 416 1892 480 λέξιπ

2024 417 2288 490 Phrygas
2302 423 2416 474 tum
2431 420 2722 490 vigentem
2737 422 3263 494 oppugnavit,cum
3279 419 3460 477 falsas
3474 436 3674 478 eorum

310 506 404 572 μιν
479 503 774 577 ἀνατρέπων
859 506 950 565 τὰς
1030 501 1246 575 ψευδεῖς
1322 505 1489 558 αὐτῶν
1571 511 1909 582 προφητείας,

311 590 593 664 ἇξιλέγχων
647 589 707 645 δε
735 598 826 645 καὶ
855 597 939 644 τὸν
981 591 1094 666 βίον
1141 601 1241 645 τῶν
1299 593 1551 667 ἀρχηγῶν
1589 603 1685 657 τῆς
1715 596 1912 656 πλάνης

310 681 504 749 αὐτῶν,
531 683 606 743 οἷς
643 681 779 734 οὕτω
819 678 1065 744 διέξεισιν
1091 699 1103 712 ·
1149 701 1178 732 (ι
1220 683 1384 744 Οὗτός
1428 683 1569 736 ἐστιν
1617 686 1643 736 ό
1684 681 1912 748 διδάξας

305 770 486 832 λύσεις
536 773 738 844 γάμων,
798 773 824 824 6
870 777 1112 834 νηστείας
1170 774 1540 844 νομοθετήσας,
1571 776 1597 826 ό
1639 776 1910 836 Πέπουξαν

305 865 402 912 καὶ
447 863 642 932 Τύμιον
705 861 1044 935 Ἰερουσαλήμ
1087 862 1349 934 ὀνομάσας
1379 884 1393 896 ·
1444 863 1616 924 πόλείς
1660 861 1712 916 δ’
1777 865 1910 916 εἰσὶν

305 945 470 1001 αὗται
532 953 718 1022 μικραὶ
771 957 860 1010 τῆς
917 956 1142 1023 Φρυγίας
1174 969 1188 981 ⁸
1248 955 1370 1013 τούς
1431 955 1758 1024 πανταχόθεν
1807 953 1912 1005 ἐκεῖ

307 1046 712 1110 συνεισαγαγεῖν
762 1038 940 1091 ἐθέλων
973 1057 986 1069 ⁸
1048 1041 1074 1092 6
1117 1048 1420 1115 πρακτῆρας
1471 1044 1762 1113 χρημάτων
1818 1062 1908 1093 κα-

302 1131 580 1188 ταστήσας
613 1147 624 1160 ·
659 1130 685 1180 ὁ
725 1129 807 1181 ἐπ’
851 1128 1066 1200 ὀνόματι
1102 1139 1408 1204 προσφορῶν
1446 1135 1540 1189 τήν
1571 1127 1906 1203 δωροληψίαν

302 1218 714 1290 ἑπιτεχνώμενος
745 1235 758 1248 ⁸
805 1220 830 1269 ὁ
885 1219 1110 1292 σαλάρια
1156 1228 1405 1295 χορηγῶν
1451 1227 1562 1282 τοῖς
1607 1224 1906 1291 κηρύσσου-

302 1324 393 1358 σιν
448 1306 609 1359 αύτοῦ
653 1310 740 1358 τὸν
787 1307 956 1380 λόγον,
999 1310 1082 1360 ἵνα
1126 1305 1220 1360 διὰ
1252 1316 1341 1369 τῆς
1391 1313 1820 1382 γαστριμαργίας
1871 1312 1901 1368 ἠ

301 1390 638 1447 διδασκαλία
687 1403 781 1448 τοῦ
829 1395 986 1467 λόγου
1043 1400 1380 1468 κρατύνηται,
1424 1420 1452 1446 ››
1507 1403 1628 1469 Περὶ
1674 1401 1764 1469 μεν
1816 1393 1904 1449 οὖν

297 1491 399 1535 τοῦ
463 1491 730 1538 Μοντανοῦ
785 1493 988 1538 ταῦτα·
1044 1487 1130 1538 οἷα
1169 1483 1227 1539 δι
1283 1491 1374 1538 καὶ
1425 1492 1544 1561 περὶ
1599 1495 1697 1539 τῶν
1745 1488 1904 1539 αὐτοῦ

291 1571 638 1647 προφητίδων
697 1580 876 1647 φησὶν,
940 1576 1098 1628 ἄκουε
1133 1593 1147 1607 ·
1217 1596 1246 1628 ιι
1275 1581 1546 1648 Δείκνυμεν
1601 1573 1688 1628 οὖν
1746 1576 1903 1637 αύτάς

293 1668 515 1734 πρώτας
596 1666 687 1724 τὰς
761 1661 1115 1739 προφήτιδας,
1189 1663 1270 1737 ἀφ’
1347 1665 1408 1718 οὗ
1471 1673 1560 1718 τοῦ
1613 1669 1903 1738 πνεύματος

293 1749 702 1826 ἐπληρώθησαν,
753 1757 870 1813 τοὺς
928 1752 1127 1826 ἄνδρας
1179 1755 1454 1817 λιπούσας.
1491 1762 1606 1816 Πῶς
1637 1751 1726 1808 οὖν
1755 1755 1902 1826 ἐψεύ-

293 1837 459 1893 δοντο
505 1846 741 1914 Πρίσκαν
784 1845 1034 1914 παρθένον
1091 1843 1471 1905 ἀποκαλοῦντες
1505 1861 1519 1909 ;
1551 1865 1581 1896 »
1635 1843 1763 1897 Εἶτα
1813 1850 1903 1898 καὶ

291 1938 472 1984 ταῦτα
523 1935 875 2006 προστίθησιν
909 1950 922 1963 ο
977 1951 1006 1983 ‹‹
1060 1934 1135 1985 Ou’
1185 1931 1333 1986 δοκεῖ
1388 1953 1473 1986 σοι
1526 1940 1676 1986 πᾶσα
1723 1939 1899 2006 Γραφή

290 2021 514 2073 κωλύειν
565 2027 832 2096 προφήτας
899 2021 1178 2094 λαμϐάνειν
1233 2021 1384 2097 δῶρα
1440 2027 1532 2075 καὶ
1589 2028 1900 2096 χρήματα;

291 2109 464 2163 Ὀταν
504 2108 593 2164 οὖν
648 2109 750 2164 ῖδω
810 2117 901 2169 τήν
949 2120 1204 2185 προφῆτιν
1252 2113 1515 2184 εἰληφυῖαν
1554 2118 1644 2165 καὶ
1696 2116 1902 2184 χρυσὸν

289 2206 391 2252 καὶ
422 2202 652 2274 ἄργυρον
702 2205 792 2253 καὶ
838 2201 1129 2264 πολυτελεῖς
1169 2201 1409 2263 ἐσθῆτας.
1461 2210 1571 2263 πῶς
1626 2202 1788 2260 αὐτὴν
1826 2208 1897 2275 μή

291 2294 766 2364 παραιτήσωμαι;
809 2310 839 2343 »
900 2294 1098 2362 Μικρὸν
1169 2287 1228 2343 δε
1299 2295 1492 2344 κατιὼν
1562 2296 1680 2366 περί
1751 2312 1900 2344 τινων

294 2378 416 2430 κατ’
481 2379 670 2442 αύτούς
722 2379 1056 2452 όμολογητῶν
1103 2383 1270 2432 ταῦτά
1332 2400 1489 2453 φησιν
1533 2397 1546 2410 ·
1617 2403 1645 2430 (ι
1677 2381 1792 2434 Ἔτι
1841 2379 1899 2434 δε

296 2473 574 2541 Θεομίσων
629 2469 656 2520 6
702 2473 796 2527 τήν
842 2468 1147 2531 ἀξιόπιστον
1201 2469 1492 2533 πλεονεξίαν
1532 2468 1898 2542 ἀμφιεσμένος,

298 2560 327 2610 6
353 2562 429 2631 μὴ
481 2556 766 2631 βαστάσας
793 2566 884 2619 τῆς
923 2559 1206 2631 ὁμολογίας
1260 2563 1318 2611 τὸ
1360 2567 1574 2631 σημεῖον
1618 2560 1716 2631 (1),
1772 2559 1898 2612 ἀλλὰ

298 2647 484 2705 πλήθει
531 2649 826 2719 χρημάτων
890 2648 1202 2720 ἀποθέμενος
1285 2651 1352 2700 τὰ
1428 2647 1642 2720 δεσμά·
1703 2648 1784 2702 ἰπὶ
1841 2645 1900 2702 δὲ

303 2739 467 2806 τούτῳ
503 2744 914 2810 ταπεινοφρονείν
973 2739 1037 2797 ὡς
1093 2739 1296 2810 μάρτυς
1346 2744 1707 2809 καυχώμενος,
1763 2737 1898 2790 ἐτόλ-

301 2843 439 2895 μησε
489 2828 806 2898 μιμούμενος
862 2830 947 2878 τὸν
1006 2827 1343 2892 Ἀπόστολον,
1382 2827 1663 2884 καθολικὴν
1712 2846 1899 2880 συντα-

297 2914 509 2985 ξάμενος
557 2914 854 2978 ἐπιστολὴν,
904 2923 1161 2986 κατηχεῖν
1209 2918 1298 2987 μεν
1333 2919 1450 2976 τοὺς
1496 2917 1702 2987 ἄμεινον
1748 2936 1896 2969 πεπι-

291 3008 592 3068 στευκότας,
651 3005 1102 3075 συναγωνίζεσθαι
1159 3001 1218 3057 δὴ
1277 3013 1386 3067 τοῖς
1443 3013 1538 3066 τῆς
1594 3012 1896 3078 κενοφωνίας

284 3093 483 3164 λοιγοις,
513 3090 899 3166 βλασφημῆσαι
947 3092 1006 3146 δι
1062 3094 1130 3154 εἰς
1176 3097 1261 3146 τόν
1316 3097 1506 3166 Κύριον
1557 3101 1647 3146 καὶ
1678 3100 1750 3156 εὶς
1777 3099 1895 3158 τοὺς

284 3181 618 3244 ἀποστόλους
682 3189 772 3235 καὶ
818 3188 908 3241 τὴν
962 3183 1116 3254 ἁγίαν
1170 3183 1505 3241 Ἐκκλησίαν.
1564 3204 1592 3235 ››
1664 3184 1780 3237 Ἐπί
1833 3182 1893 3237 δὲ

281 3275 497 3334 τούτοις
553 3271 810 3344 ίξιλέγχει
858 3276 974 3325 τινὰ
1025 3273 1148 3345 παρ’
1213 3273 1390 3335 αὐτοῖς
1448 3274 1693 3346 μάρτυρα
1748 3274 1892 3327 Ἀλέ-

279 3357 535 3435 ξανδρον,
592 3365 644 3414 ὃν
697 3364 766 3424 ὡς
812 3361 1010 3420 ληστήν
1041 3362 1255 3432 ἁλόντα²
1288 3370 1350 3434 τῇ
1405 3370 1496 3414 τοῦ
1543 3368 1727 3436 κυρίου
1780 3366 1888 3415 ἔπι-

275 3451 474 3509 κλήσει
521 3449 861 3521 ἀπολυθῆναι,
911 3455 998 3503 καὶ
1059 3458 1288 3503 συνεῖναι
1343 3453 1434 3523 μὲν
1487 3457 1889 3524 συνεστιώμενον

274 3549 346 3612 τῇ
396 3537 686 3614 προφήτιδι
724 3545 813 3592 καὶ
842 3540 1301 3615 χρηματιζόμενον
1328 3557 1340 3570 ·
1399 3560 1424 3590 ε
1459 3541 1556 3606 Οὔ,
1599 3546 1750 3612 φησὶ,
1800 3545 1890 3602 τὰς

273 3630 535 3703 λῃστείας
563 3634 652 3681 καὶ
705 3631 772 3681 τά
814 3629 942 3681 ἄλλα
986 3630 1291 3701 τολμήματα
1337 3629 1410 3701 ἔφ’
1443 3630 1518 3691 οἷς
1549 3630 1885 3697 κεκόλασται,

275 3719 394 3790 οὐχ
432 3719 570 3790 ἡμᾶς
611 3714 693 3770 δεῖ
747 3717 908 3788 λέγειν
943 3734 955 3748 ·
1005 3717 1112 3770 ἀλλ’
1143 3720 1169 3770 6
1201 3715 1559 3789 ὀπισθόδομος
1610 3721 1741 3788 ἔχει.
1792 3725 1887 3782 Τίς

274 3805 376 3861 οὖν
421 3812 523 3859 τίνι
568 3807 853 3880 χαρίζεται
881 3810 947 3858 τὰ
995 3806 1352 3879 ἁμαρτήματα
1383 3826 1396 3875 ;
1436 3811 1650 3881 πότερον
1688 3809 1718 3866 ἡ
1751 3828 1888 3882 προ-

275 3905 442 3970 φῆτις
469 3897 563 3958 τάς
590 3895 835 3968 λῃστείας
881 3903 954 3965 τῷ
984 3900 1231 3970 μάρτυρι,
1262 3900 1292 3954 ἧ
1349 3897 1375 3948 ό
1421 3898 1617 3968 μάρτυς
1663 3905 1724 3968 τῇ
1759 3916 1884 3969 προ-

275 3981 473 4060 φήτιδι
520 3987 609 4045 τάς
672 3985 1004 4052 πλεονεξίας;
1039 4007 1067 4034 »
1130 3991 1230 4038 Καὶ
1286 3985 1460 4050 πάλιν,
1499 3990 1618 4059 περὶ
1669 3986 1736 4036 ὧν
1793 3987 1884 4039 αύ-

271 4082 450 4148 χοῦσι
503 4083 799 4149 προφητῶν,
860 4076 1006 4126 ταῦτ’
1056 4075 1280 4146 ἐπιλέγει
1311 4092 1324 4106 ·
1387 4094 1414 4126 ‹‹
1457 4074 1576 4128 Ἐὰν
1628 4073 1882 4149 ἀρνῶνται

274 4162 433 4239 δῶρα
486 4167 605 4223 τοὺς
648 4168 914 4237 προφήτας
959 4163 1126 4215 αὐτῶν
1179 4164 1454 4236 εἰληφέναι,
1503 4165 1648 4216 τοῦθ’
1702 4165 1881 4236 ὁμολο-

270 4255 625 4326 γησάτωσαν,
685 4254 766 4304 ὅτι
817 4253 901 4305 ἐὰν
949 4252 1266 4324 ἐλεγχθῶσιν
1320 4253 1602 4324 εἰληφότες,
1643 4255 1737 4306 ούκ
1776 4255 1879 4307 εἰσὶ

270 4349 546 4417 προφῆται
579 4359 593 4372 ·
653 4347 738 4394 καὶ
793 4345 981 4414 μυρίας
1017 4339 1309 4404 ἀποδείξεις
1337 4346 1554 4395 ,τούτων
1608 4347 1878 4415 παραστή-

274 4451 458 4504 σομεν.
493 4433 802 4501 Ἀναγκαῖον
850 4427 910 4483 δὲ
967 4430 1080 4484 ἔστι
1128 4434 1325 4493 πάντας
1373 4436 1602 4507 καρποὺς
1658 4430 1877 4504 δοκιμά-

2019 508 2365 578 prophetias
2386 509 2460 564 ad
2482 511 2728 566 verbum
2744 511 3036 575 refellens,
3052 516 3176 566 tum
3201 511 3380 566 vitam
3398 516 3455 566 et
3479 526 3675 567 mores

2020 602 2335 652 auctorum
2361 598 2492 669 ejus
2523 599 2736 654 erroris
2774 600 3095 656 traducens
3125 600 3238 668 his,
3270 599 3374 669 qui
3403 615 3674 672 sequun-

2019 690 2134 752 tur,
2159 686 2355 742 verbis
2389 704 2402 740 :
2440 707 2468 738 ‹‹
2495 689 2594 743 Hic
2624 689 2717 744 ille
2735 694 2841 753 est,
2865 689 2968 761 qui
2995 688 3376 745 matrimonia
3395 689 3672 744 dirimere

2019 774 2249 831 docuit:
2266 776 2380 847 hic,
2403 777 2507 849 qui
2525 778 2755 849 jejunia
2771 777 3002 848 legibus
3023 778 3162 833 latis
3184 779 3413 835 sanxit:
3433 778 3548 842 hic,
3569 778 3674 849 qui

2022 867 2309 936 Pepuzam
2333 871 2386 921 et
2407 867 2703 938 Tymium,
2728 883 2949 940 parvas
2973 867 3239 939 Phrygiae
3261 868 3548 931 civitates,
3568 867 3675 923 ubi

2017 968 2168 1024 quos
2202 954 2602 1027 undequaque
2629 955 2704 1011 ad
2733 971 2794 1010 se
2826 956 3208 1028 pertraxisset
3231 955 3510 1011 homines
3533 971 3674 1012 con-

2017 1042 2248 1098 trahere
2277 1048 2708 1113 etcongregare
2729 1045 3281 1109 voluit,.lerusalem
3304 1044 3667 1100 nominavit:

2015 1133 2134 1199 hic,
2165 1135 2267 1204 qui
2312 1142 2698 1190 aeruscatores
2728 1141 2786 1190 et
2819 1135 3214 1208 pecuniarum
3244 1139 3550 1191 exactores
3582 1134 3672 1190 in-

2016 1222 2242 1278 stituit:
2293 1224 2394 1296 qui
2445 1224 2558 1279 sub
2606 1229 2896 1296 praetextu
2946 1229 3002 1279 et
3054 1224 3298 1280 nomine
3347 1223 3667 1280 oblationis

2016 1313 2274 1367 avaritia?
2298 1312 2504 1367 sordes
2521 1318 2576 1368 et
2593 1329 2913 1370 munerum
2934 1315 3346 1369 emunctiones
3367 1319 3491 1368 arte
3518 1329 3672 1385 qua-

2014 1400 2157 1457 dam
2181 1401 2429 1456 invenit:
2447 1403 2546 1474 qui
2563 1402 2778 1458 salaria
2791 1403 3041 1458 verbum
3055 1403 3184 1474 ejus
3203 1401 3670 1474 prmdicantibus

2014 1491 2368 1556 numeravit,
2412 1497 2474 1546 ut
2504 1507 2609 1564 per
2647 1494 2867 1548 ventris
2891 1508 3100 1548 curam
3131 1492 3403 1548 doctrina
3432 1492 3560 1563 ejus
3585 1493 3670 1548 in-

2013 1579 2336 1636 valesceret
2372 1586 2550 1653 atque
2599 1582 3076 1638 conﬁrmaretur.
3109 1602 3138 1632 »
3184 1587 3372 1654 Atque
3415 1581 3546 1637 haec
3591 1581 3668 1638 de

2013 1671 2336 1725 Montano:
2385 1671 2687 1742 deinceps,
2738 1687 2876 1742 quae
2924 1671 3105 1726 etiam
3153 1670 3229 1726 de
3276 1670 3668 1742 prophetissis

2012 1758 2140 1828 ejus
2159 1759 2335 1824 dicat,
2359 1760 2501 1815 audi
2525 1777 2536 1816 :
2570 1780 2598 1812 ‹‹
2623 1761 3007 1817 Ostendimus
3034 1761 3211 1831 igitur
3228 1760 3340 1815 has
3360 1760 3525 1831 ipsas
3546 1759 3670 1832 pri-

2011 1847 2232 1902 marias
2257 1849 2683 1920 prophetissas,
2711 1866 2777 1905 ex
2807 1865 2928 1921 quo
2967 1850 3178 1921 spiritu
3209 1855 3351 1904 sunt
3398 1848 3664 1920 replette,

2009 1952 2045 1992 a
2071 1937 2209 1991 viris
2235 1939 2358 1992 suis
2382 1938 2718 2010 profugisse
2749 1956 2764 1994 :
2798 1939 2899 2011 qui
2923 1954 3065 2010 ergo
3095 1938 3181 2004 ﬁt,
3217 1941 3282 1993 ut
3313 1941 3434 1994 tam
3465 1937 3666 2009 impu-

2009 2025 2218 2081 denter
2231 2027 2492 2083 Priscam
2506 2029 2796 2096 virginem
2815 2026 3662 2100 appellantes,mentiantur?»

2013 2116 2232 2170 Deinde
2253 2117 2380 2172 haec
2401 2132 2642 2188 quoque
2665 2117 2829 2172 addit
2854 2134 2867 2170 :
2897 2139 2919 2166 ι
2955 2119 3081 2173 Non
3113 2116 3216 2171 tibi
3243 2115 3480 2171 videtur
3511 2115 3665 2172 Scri-

2009 2211 2184 2276 ptura
2224 2207 2420 2261 omnis
2462 2206 2797 2277 prohibere,
2830 2221 2906 2261 ne
2955 2205 3263 2277 propheta;
3304 2219 3558 2260 numera
3609 2209 3668 2262 et

2008 2294 2296 2364 pecunias
2334 2295 2683 2367 accipiant?
2709 2311 2846 2350 cum
2890 2296 3093 2366 itaque
3131 2295 3436 2364 egregiam
3484 2293 3666 2350 istam

2009 2384 2448 2455 prophetissam
2479 2401 2717 2450 aurum,
2751 2388 3087 2453 argentum,
3111 2390 3167 2438 et
3190 2389 3415 2439 vestem
3449 2384 3666 2455 pretio-

2007 2488 2135 2528 sam
2168 2473 2435 2544 accipere
2465 2473 2732 2540 viderim,
2760 2472 3070 2545 quomodo
3095 2488 3231 2528 eam
3260 2487 3381 2527 non
3403 2471 3666 2528 detester

2006 2566 2062 2616 et
2090 2562 2403 2618 abominer
2427 2563 2454 2618 ?
2485 2584 2513 2612 »
2545 2565 2609 2618 Et
2633 2561 2812 2633 paulo
2840 2565 2996 2633 post,
3025 2561 3100 2616 de
3126 2560 3496 2633 quibusdam
3521 2575 3666 2616 con-

2005 2651 2334 2706 fessoribus
2355 2667 2561 2707 eorum
2585 2652 2713 2707 haec
2738 2651 2881 2706 dicit
2905 2667 2917 2706 :
2947 2671 2971 2702 α
3001 2653 3286 2706 Praeterea
3305 2650 3664 2706 Theomison

2007 2740 2378 2810 inexplebilis
2404 2743 2667 2796 avaritiae
2695 2739 2975 2796 sordibus
2998 2739 3342 2804 obvolutus,
3364 2739 3469 2811 qui
3494 2737 3664 2810 quod

2005 2830 2396 2885 confessionis
2413 2830 2652 2899 signum
2669 2829 2928 2901 perferre
2945 2844 3067 2884 non
3086 2829 3298 2900 potuit,
3323 2843 3548 2897 magna
3564 2843 3666 2900 pe-

2005 2921 2196 2975 cuniae
2219 2920 2273 2973 vi
2294 2919 2535 2974 vincula
2552 2935 2661 2974 sua
2679 2918 2934 2974 redemit
2953 2935 2966 2973 :
2986 2933 3109 2990 quo
3127 2917 3223 2973 ille
3239 2918 3504 2983 nomine,
3520 2932 3663 2974 cun-

2003 3008 2358 3064 submissius
2372 3024 2432 3064 se
2445 3023 2648 3079 gerere
2664 3008 2924 3072 deberet,
2943 3007 3262 3078 gloriosius
3278 3022 3386 3077 pro
3402 3011 3661 3079 martyre

2002 3097 2346 3153 venditavit.
2365 3104 2558 3152 Ausus
2585 3100 2632 3152 is
2652 3098 2830 3153 etiam
2859 3101 2951 3152 est
2983 3095 3060 3151 ad
3089 3094 3481 3151 imitationem
3508 3099 3664 3168 Apo-

2001 3187 2155 3249 stoli,
2185 3187 2541 3242 catholicam
2572 3187 2649 3243 ad
2681 3187 2992 3242 universos
3023 3184 3403 3242 conscribere
3434 3185 3661 3256 episto-

2000 3274 2118 3330 lam
2151 3293 2162 3330 :
2200 3277 2257 3331 in
2287 3292 2430 3348 qua,
2465 3276 2514 3330 si
2546 3276 2659 3331 diis
2688 3275 2901 3348 placet,
2945 3290 3049 3330 eos
3079 3275 3272 3339 docet,
3307 3275 3411 3345 qui
3442 3274 3660 3330 melius

1999 3379 2184 3436 quam
2208 3365 2334 3435 ipse
2359 3365 2433 3420 de
2458 3365 2576 3420 ﬁde
2598 3369 2737 3420 sunt
2758 3363 3034 3435 persuasi
3063 3379 3075 3417 :
3113 3369 3169 3419 et
3194 3362 3659 3433 vaniloquentia

1999 3453 2183 3508 verba
2221 3452 2507 3521 defendit,
2540 3453 2842 3525 simulque
2887 3451 3246 3523 blaspheme
3275 3456 3332 3506 et
3369 3451 3559 3522 impia
3596 3451 3660 3505 in

2001 3543 2317 3598 Dominum
2335 3549 2388 3596 et
2402 3542 2710 3613 apostolos
2725 3546 3120 3613 sanctamque
3138 3540 3457 3596 Ecclesium
3473 3539 3659 3596 verba

1996 3630 2267 3686 effundit.
2301 3630 2479 3704 324
2511 3632 2632 3688 Sub
2661 3631 2790 3686 haec
2816 3631 3144 3702 quemdam
3168 3629 3332 3700 apud
3362 3644 3465 3684 eos
3497 3643 3661 3684 mar-

1997 3724 2186 3790 tyrem
2237 3720 2636 3775 Alexandrum
2688 3719 3014 3787 redarguit,
3058 3719 3162 3789 qui
3214 3722 3278 3773 ut
3316 3717 3522 3788 praedo
3561 3732 3660 3774 ca-

1995 3817 2150 3881 ptus,
2172 3815 2228 3864 et
2244 3809 2475 3864 domini
2496 3807 2896 3879 appellatione
2920 3807 3151 3863 solutus
3172 3812 3353 3878 atque
3367 3806 3656 3862 dimissus

1992 3897 2362 3953 familiariter
2402 3898 2630 3952 eisdem
2709 3896 2768 3952 in
2809 3895 3044 3951 aedibus
3084 3911 3225 3952 cum
3275 3895 3656 3968 prophetissa

1990 3986 2154 4051 vixit,
2181 3988 2350 4060 eique
2373 3987 2693 4058 pecuniam
2714 3985 3019 4054 ingentem
3048 3984 3324 4056 quaesivit
3353 4003 3365 4040 :
3392 4003 3420 4035 «
3445 3984 3653 4055 Cujus,

1991 4077 2202 4149 inquit,
2234 4077 2470 4148 praedas
2501 4082 2556 4131 et
2590 4075 2920 4141 latrocinia,
2964 4074 3203 4147 aliaque
3233 4074 3497 4149 audacia
3529 4074 3656 4130 fau-

1990 4183 2158 4232 nora,
2202 4174 2442 4238 propter
2480 4181 2614 4238 quae
2653 4169 2740 4219 est
2779 4165 3174 4231 excruciatus,
3215 4179 3336 4219 non
3368 4179 3524 4236 opus
3561 4167 3654 4220 est

1987 4271 2100 4311 nos
2138 4272 2269 4311 com
2282 4271 2633 4318 memorare,
2663 4270 2797 4310 cum
2822 4270 2893 4310 ea
2917 4253 2976 4308 in
3006 4259 3136 4310 acta
3169 4253 3409 4325 publica
3438 4252 3645 4320 relata,

1987 4347 2152 4402 curia
2174 4346 2409 4401 habeat.
2435 4347 2639 4416 Itaque
2656 4345 2907 4399 istorum
2930 4343 3068 4414 quis
3092 4343 3185 4398 cui
3204 4358 3425 4398 noxam
3447 4343 3649 4397 remit-

1989 4435 2112 4491 tet?
2132 4440 2326 4489 utrum
2352 4433 2731 4505 prophetissa
2756 4433 3001 4505 martyri
3028 4432 3360 4497 latrocinia,
3385 4446 3462 4486 an
3490 4445 3647 4486 mar-

273 4523 467 4586 ζεσθαι
522 4526 814 4594 προφήτου.
870 4526 1169 4593 Προφήτης,
1246 4522 1354 4574 είπέ
1399 4542 1508 4594 μοι,
1574 4521 1874 4594 βάπτεταη

2001 4541 2079 4596 ;yr
2091 4523 2481 4595 prOphetissse
2495 4523 2759 4577 avaritiae
2781 4521 2973 4577 lucra?
2991 4543 3011 4570 ι
3029 4525 3282 4576 Rursum
3299 4519 3374 4575 de
3388 4520 3645 4592 prophe-

266 4615 551 4684 προφήτης
623 4609 966 4676 στιϐίξεται;
1012 4616 1283 4684 προφήτης
1345 4612 1693 4684 φιλοκοσμεῖς

267 4706 449 4774 φήτης
485 4699 703 4761 ταύλαις
740 4705 829 4752 καὶ
877 4699 1054 4760 κύϐοις
1095 4701 1273 4760 παίζει
1307 4717 1321 4766 ;
1374 4707 1644 4773 προφήτης
1701 4697 1877 4753 δανεί-

269 4792 404 4854 ζει;
446 4809 472 4841 ››
533 4793 672 4861 Πρός
720 4785 788 4848 δή
843 4793 1043 4850 τούτοις
1099 4794 1184 4841 καὶ
1236 4791 1374 4842 τοῦτ’
1419 4789 1760 4850 Ἀπολλώνιος
1813 4799 1871 4863 τῇ

1313 4883 1382 4940 ὡς
1449 4883 1874 4951 τεσσαρακοστὸν

1753 4632 1877 4684 προ-

267 4879 439 4933 αύτοῡ
512 4883 847 4951 πραγματείᾳ
943 4877 1117 4931 δείκνυ
1127 4898 1229 4938 σιν,

268 4973 409 5032 ἔτος,
468 4967 522 5030 ἐξ
572 4967 632 5020 οὗ
661 4976 723 5040 τῇ
782 4973 1124 5042 προσποιὴτῳ
1175 4972 1264 5020 καὶ
1300 4965 1637 5040 δαιμονιώδει
1675 4988 1874 5040 προφη-

266 5062 388 5129 τείᾳ
433 5055 644 5110 ἐπέϐαλὲ
701 5060 985 5123 Μοντανός,
1040 5056 1296 5128 ἐτύγχανε
1347 5066 1418 5128 τῷ
1473 5061 1868 5130 συγγράμματι.

265 5147 493 5222 Ἱστορεῖ
542 5143 621 5210 δὲ,
675 5149 743 5207 ὡς
793 5150 884 5198 καὶ
917 5150 1145 5207 Ζωτικός
1186 5148 1211 5198 ό
1260 5148 1572 5219 Ὀστρηνός,
1605 5147 1666 5198 οὗ
1716 5152 1801 5199 καὶ
1844 5148 1869 5199 ὁ

269 5239 374 5310 πρὸ
421 5237 607 5289 τούτου
654 5236 913 5307 ἱστορικός
959 5239 1134 5307 μνείαν
1191 5240 1486 5300 πεποίηται,
1546 5231 1652 5294 ἢδη
1699 5235 1868 5298 Μαξί-

268 5325 454 5398 μίλλης
521 5332 594 5396 τῷ
657 5327 996 5398 προφητεύειν
1072 5328 1548 5398 ίπικεχειρηκυίας,
1628 5327 1863 5390 ἐπιστὰς,

271 5413 561 5487 διελέγχειν
604 5417 664 5468 τὸ
730 5411 1001 5486 δαιμόνιον
1053 5413 1310 5490 ἐπειρᾶτο.
1388 5413 1618 5485 Ἐσχέθη
1675 5411 1726 5466 δ’
1778 5413 1866 5468 οὖν

344 5567 424 5640 (1)
450 5565 732 5640 Ὀμολογας
772 5571 1006 5640 σημεῖον,
1037 5565 1150 5626 hoc
1175 5571 1288 5633 est,
1317 5566 1696 5639 martyrium.

1986 4613 2352 4685 tis,quorum
2375 4610 2744 4680 nomineipsi
2760 4611 2872 4665 sibi
2894 4609 3216 4680 gloriantes
3239 4608 3493 4681 placent,
3515 4610 3643 4663 haec

1986 4703 2192 4757 infert:
2224 4725 2244 4751 ι
2273 4700 2443 4766 Quod
2465 4700 2511 4752 si
2531 4706 2750 4767 negant
2769 4699 3093 4770 prOphetas
3115 4713 3256 4752 suos
3278 4712 3531 4753 munera
3548 4712 3644 4754 ca-

1984 4805 2143 4860 pere,
2158 4789 2301 4844 illud
2323 4788 2735 4852 conﬁteantur,
2757 4787 2804 4840 si
2833 4785 3088 4842 convicti
3107 4785 3330 4840 fuerint
3353 4800 3456 4839 eos
3477 4784 3641 4842 dona

1981 4880 2293 4951 recepisse,
2310 4893 2430 4932 non
2445 4893 2572 4930 esse
2586 4876 2906 4946 prOphetas
2924 4891 2936 4929 :
2953 4873 3639 4929 etinnumerabilibusid

1981 4967 2268 5039 exemplis
2296 4965 2706 5038 probabimus.
2749 4963 3261 5018 Pernecessarium
3307 4967 3508 5017 autem
3550 4966 3638 5018 est

1980 5073 2190 5113 omnes
2211 5056 2515 5126 prophetae
2539 5053 2765 5108 fructus
2786 5052 3095 5122 explorare
3116 5057 3170 5107 et
3192 5056 3482 5107 excutere.
3509 5051 3632 5119 Dic,

1977 5162 2145 5214 rogo,
2164 5145 2477 5212 mihi,num
2496 5142 2786 5213 propheta
2798 5156 3038 5196 cerussa
3051 5141 3325 5196 fucatur?
3339 5140 3632 5212 propheta

1979 5237 2155 5291 stibio
2167 5234 2396 5289 linitur?
2413 5232 2702 5303 propheta
2714 5231 2972 5285 formam
2986 5229 3228 5284 excolit?
3240 5228 3534 5301 propheta
3548 5233 3630 5285 ta-

1978 5324 2133 5380 bulis
2159 5329 2216 5378 et
2243 5323 2375 5377 talis
2403 5319 2600 5376 ludit?
2621 5320 2912 5391 propheta
2932 5319 3200 5384 fcenerat,
3234 5323 3290 5374 et
3315 5317 3482 5374 lucro
3509 5323 3630 5374 stu-

1977 5413 2155 5470 det?»
2175 5413 2261 5468 Ad
2277 5412 2406 5468 haec
2426 5411 2586 5467 idem
2602 5408 2950 5482 Apollonius
2970 5409 3031 5465 in
3048 5423 3228 5480 opere
3246 5424 3356 5466 suo
3373 5407 3519 5464 illud
3541 5408 3629 5465 iu-
