4036 6288
499 287 639 350 1043

1811 276 2199 338 NICEPHOPJ
2237 273 2550 335 CALLISTI
2592 225 2599 230 ’

3691 267 3793 324 ὶΟΗ

494 411 656 468 dicat
694 409 860 484 quod
896 408 1366 483 quadragesimo
1403 411 1544 482 post
1571 423 1731 465 anno
1764 407 2049 478 scriptum
2084 403 2148 459 id

2258 403 2394 474 ὅμως
2429 402 2572 474 παρὰ
2609 405 2709 451 τῶν
2753 399 2819 450 τὰ
2869 395 2964 449 ἳσα
3013 397 3175 467 ἐκείνη
3207 409 3538 466 φρονουντων.
3569 396 3661 445 Καὶ
3693 396 3794 466 μάρο

497 499 848 565 condiderit,
880 515 952 554 ex
987 513 1109 570 quo
1139 500 1451 554 Montanus
1491 497 1908 554 assimulatam
1943 499 2000 550 et
2025 493 2146 548 da-

496 589 840 646 moniacam
867 587 1243 660 prophetiam
1278 586 1550 642 instituit.
1584 585 1878 641 Memoria
1905 597 2148 654 quoque

496 677 755 743 tradidit,
779 677 1041 733 Zoticum
1064 677 1405 740 Ostrenum,
1427 676 1597 745 cujus
1619 675 1892 744 superior
1911 669 2149 728 histori-

497 783 602 823 cus
622 766 984 822 mentionem
1001 764 1156 829 fecit,
1171 780 1309 819 cum
1319 765 1446 834 jam
1463 763 1778 820 Maximilla
1790 761 2147 833 prophetare

496 855 658 928 apud
681 855 974 926 Pepuzam
997 853 1292 924 coepisset,
1316 853 1684 908 daemonium
1707 851 1766 906 id
1795 850 2149 907 convincere

496 943 814 1001 instituisse
835 961 848 1010 ;
868 942 1236 1015 prohibitum
1256 946 1456 997 tamen
1475 943 1552 997 ab
1576 942 1656 996 eis
1674 957 1825 1004 esse,
1847 941 1948 1012 qui
1973 942 2148 994 secta

491 1033 652 1090 illius
693 1031 914 1089 addicti
959 1031 1142 1087 fuere.
1188 1031 1445 1088 Meminit
1472 1047 1716 1102 quoque
1741 1030 2012 1086 Thrasea
2051 1043 2149 1082 cu—

494 1122 739 1193 jusdam
771 1120 1068 1192 martyris.
1109 1121 1394 1176 Praterea
1428 1136 1499 1174 ex
1529 1124 1794 1174 veterum
1835 1116 2150 1172 traditione

2254 510 2409 564 τυρος
2451 487 2510 543 δέ
2565 507 2704 550 τινος
2753 490 2968 559 Θρασέα
3023 488 3278 557 μέμνηται
3316 498 3329 511 ·
3387 484 3524 552 ἔχειν
3563 477 3616 533 δὲ
3649 487 3725 534 xui
3755 482 3795 534 ἐκ

2255 576 2622 654 παραδόσεως,
2663 581 2733 639 ὡς
2787 578 2892 650 ἄρα
2943 581 3048 634 τοῖς
3107 570 3418 632 ἀποστόλοις
3481 574 3690 642 Χριστὸς
3735 571 3797 625 ἐπὶ

2259 665 2469 722 δώδεκα
2518 670 2604 725 ἔτη
2660 671 2730 737 μὴ
2783 664 3114 736 χωρίζεσθαι
3150 670 3242 724 τῆς
3295 659 3625 732 Ἰερουσαλὴμ
3678 657 3801 711 ἐντεί-

2255 758 2468 811 λασθαι.
2501 764 2710 830 Χρῆται
2759 751 2818 807 δὲ
2877 753 2926 805 ἐν
2970 751 3175 813 πολλοῖς
3216 749 3261 810 ἐς
3312 751 3595 821 μαρτυρίαν
3631 757 3713 799 τῶν
3736 747 3799 800 λό-

2256 868 2360 920 γων
2419 845 2519 898 ἀπὸ
2567 842 2658 905 τῆς
2709 842 3110 912 Ἀποκαλύψεως
3163 841 3423 904 Ἰωάννου,
3473 840 3524 890 ὃν
3580 857 3697 909 φησι
3734 844 3801 889 xui

2256 938 2431 1006 νεκρόν
2479 937 2674 1009 ἐγεῖραι
2725 934 2861 984 κατὰ
2921 935 3012 990 τὴν
3091 929 3328 1002 Ἔφεσον.
3417 931 3516 980 Καὶ
3563 926 3680 979 ἄλλα
3713 931 3803 979 τινὰ

2261 1028 2476 1098 ἱστορεῖ,
2527 1021 2807 1098 διευρύνων
2863 1025 2956 1079 τήν
3009 1020 3206 1078 πλάνην
3253 1027 3346 1078 τῆς
3395 1020 3714 1090 προκειμένης
3745 1018 3803 1067 αἱ·

2256 1118 2469 1189 ρέσεως.

498 1227 562 1268 se
578 1210 871 1283 recepisse
889 1209 1141 1281 scripsit,
1166 1209 1458 1264 Christum
1483 1207 1766 1280 apostolis
1788 1205 2163 1279 praecepisse,
2185 1205 2248 1260 ut
2264 1219 2336 1258 ne
2363 1205 2498 1258 ante
2515 1200 2944 1257 duodecimum
2964 1212 3192 1254 annum
3212 1193 3628 1266 Hierosolymis
3653 1193 3806 1248 disce-

497 1300 723 1357 derent.
755 1299 941 1356 Utitur
965 1314 1206 1370 quoque
1235 1298 1294 1354 in
1329 1297 1530 1353 multis
1557 1297 1703 1352 locis
1736 1294 2089 1351 testimoniis
2114 1308 2187 1348 ex
2211 1290 2571 1364 Apocalypsi
2597 1287 2845 1345 Joannis
2867 1287 3082 1360 petitis,
3115 1301 3297 1357 quem
3338 1284 3514 1340 etiam
3545 1287 3803 1337 mortuum

499 1389 898 1446 exsuscitasse
928 1388 1144 1460 Ephesi
1170 1387 1331 1443 dicit.
1367 1387 1576 1443 Scribit
1605 1388 1848 1457 insuper
1886 1384 2002 1440 alia
2029 1382 2337 1455 quadam,
2370 1379 2640 1436 fraudem
2672 1383 2728 1434 et
2757 1393 3017 1434 errorem
3048 1373 3342 1446 ejusmodi
3371 1373 3604 1428 haeresis
3640 1370 3805 1443 expla-

498 1494 675 1536 D3118.

1104 1586 1327 1641 CAPUT
1369 1586 1544 1640 XXVI.
2184 1580 2224 1633 Β

499 1676 681 1732 Hunc
725 1674 920 1746 ipsum
957 1674 1343 1801 Apollontiuzn
1383 1675 1580 1730 Roma
1620 1672 1983 1744 martyrium
2019 1684 2149 1740 per-

1237 1761 1272 1801 ιι
1302 1761 1432 1801 isse.

1211 1753 1432 1802 tulisse.

569 1855 733 1912 Idem
753 1853 850 1910 hic
870 1853 1218 1926 Apollonius
1241 1853 1342 1924 (t),
1360 1853 1419 1909 in
1442 1852 1602 1908 omni
1628 1867 1841 1922 genere
1863 1848 2149 1906 doctrina

502 1949 559 2002 et
574 1944 877 2017 sapientia
899 1944 1114 2009 clarus,
1129 1945 1330 1999 Roma
1344 1943 1610 2014 martyrii
1629 1941 1871 2014 perfecit
1883 1955 2145 1995 cursum.

496 2037 648 2091 Nam
674 2033 789 2089 sub
818 2033 1148 2089 Commodo
1177 2047 1284 2104 per
1313 2032 1661 2087 universum
1691 2031 1899 2086 orbem
1939 2045 2060 2100 pax
2095 2033 2150 2083 et

496 2123 898 2196 tranquillitas
932 2121 1204 2192 religioni
1243 2127 1466 2177 nostra
1514 2120 1659 2177 data
1705 2126 1810 2185 est,
1868 2119 2044 2191 325
2093 2122 2151 2173 et

497 2212 869 2269 salutiferam
894 2211 1147 2268 verbum
1172 2226 1415 2266 omnem
1446 2211 1715 2266 animam
1747 2225 1818 2265 ex
1849 2210 2014 2264 omni
2047 2223 2148 2277 ge-

495 2317 636 2358 nere
661 2300 980 2357 hominum
1009 2300 1089 2357 ad
1117 2315 1324 2355 verum
1357 2300 1455 2355 Dei
1486 2300 1714 2355 cultum
1743 2298 2020 2371 perduxit
2047 2315 2062 2366 ;
2094 2300 2151 2352 et

497 2394 700 2448 Roma
738 2393 874 2447 tota
903 2391 1123 2446 domus
1153 2393 1210 2444 et
1236 2388 1476 2444 familia
1511 2387 1691 2443 simul
1721 2388 1798 2444 ad
1825 2388 2006 2442 fidem
2037 2386 2151 2440 sin-

498 2497 698 2537 ceram
727 2482 1146 2552 pervenerunt.
1181 2478 1496 2543 Quomodo
1529 2482 1732 2534 autem
1771 2478 1831 2532 id
1873 2477 2049 2535 ferret
2077 2479 2147 2541 is.

496 2571 600 2644 qui
631 2569 892 2642 pulchris
922 2570 1262 2640 sanctisque
1291 2568 1472 2624 rebus
1506 2583 1743 2639 semper
1784 2568 2096 2623 insidiatur
2122 2570 2150 2625 ?

498 2663 872 2732 Quapropter
888 2673 1027 2714 cum
1053 2657 1242 2712 multa
1255 2656 1372 2712 alia
1392 2661 1599 2712 contra
1619 2673 1729 2712 nos
1743 2657 2151 2714 fraudulenter

497 2748 870 2820 excogitavit,
922 2752 1048 2803 tum
1102 2746 1419 2802 scelestum
1471 2746 1799 2817 quemdam
1848 2747 1926 2803 ad
1975 2763 2149 2803 suam

496 2839 686 2913 ipsius
717 2838 994 2895 fraudem
1040 2851 1412 2908 propensum
1457 2837 1773 2906 instigavit,
1810 2843 1872 2892 ut
1916 2837 2150 2908 Apollo-

2835 1579 3077 1630 ΚΕΦΑΛ.
3120 1577 3263 1656 KQ".

2260 1682 2404 1736 Ὀτι
2441 1686 2548 1735 καὶ
2587 1680 2645 1734 ἐν
2682 1681 2876 1754 Ῥώμη
2921 1682 2947 1732 ὁ
2986 1680 3180 1741 αὐτὸς
3222 1677 3803 1748 Ἀπολλώνιοςὲμαρ-

2899 1755 3202 1825 τύρησεν.

2325 1861 2385 1914 Ὀ
2426 1857 2476 1914 δ’
2510 1861 2666 1922 αὐτὸς
2705 1857 2849 1921 οὗτος
2901 1859 3265 1924 Ἀπολλώνιος,
3298 1862 3384 1910 xui
3439 1856 3486 1908 ἐν
3514 1852 3710 1927 παιδείᾳ
3737 1858 3805 1906 καὶ

2261 1956 2419 2023 σοφίᾳ
2472 1948 2752 2011 διαϐόητος
2815 1954 2904 2013 ὤν,
2963 1948 3046 2001 ἐπὶ
3087 1948 3291 2019 Ῥώμης
3331 1950 3421 1998 καὶ
3461 1949 3544 1998 τόν
3592 1963 3804 2018 μαρτυρι-

2257 2043 2346 2092 κὸν
2402 2037 2623 2098 διήνυσε
2671 2037 2905 2092 δίαυλον.
2960 2038 3075 2091 Ἐπὶ
3129 2039 3232 2112 γὰρ
3303 2031 3563 2107 Κομόδου,
3612 2037 3723 2105 πρὸς
3760 2034 3801 2082 τὸ

2256 2135 2420 2202 πρᾶον
2475 2137 2570 2189 τῆς
2620 2133 2739 2202 περὶ
2820 2130 2956 2200 ἡμᾶς
3028 2127 3228 2201 εἰρήνης
3285 2124 3674 2198 μεταϐληθείσης
3711 2121 3800 2172 καθ’

2258 2218 2379 2280 ὅλης
2433 2226 2529 2280 τῆς
2605 2217 2932 2289 οἰκουμένης,
3003 2217 3030 2268 ὀ
3102 2220 3362 2286 σωτήριος
3430 2215 3574 2285 λόγος
3621 2211 3693 2264 ἐπὶ
3732 2214 3800 2267 τὴν

2260 2307 2424 2365 ἀληθῆ
2497 2309 2779 2381 θρησκείαν
2855 2311 3029 2358 πᾶσαν
3115 2304 3303 2376 ψυχὴν
3358 2312 3462 2356 τῶν
3534 2303 3586 2355 ἐκ
3654 2302 3798 2359 παντὸς

2257 2396 2559 2467 ὑπηγάγετο
2596 2414 2788 2467 γενους.
2830 2397 2947 2448 Ἐπὶ
3001 2391 3060 2446 δὲ
3105 2393 3304 2464 Ῥώμης
3352 2397 3447 2444 καὶ
3498 2391 3630 2451 ὅλους
3669 2393 3798 2443 οἴκους

2257 2490 2502 2557 παγγενεὶ
2572 2487 2732 2556 ὁμόσε
2800 2493 2863 2543 τῆ
2945 2484 3215 2556 ἀκραιφνεῖ
3258 2487 3439 2536 πίστει
3491 2487 3662 2554 χωρεῖν
3701 2495 3794 2547 παρ·

2259 2574 2522 2635 εσκεύαζε.
2579 2581 2697 2636 Πῶς
2753 2571 2802 2626 δ’
2847 2575 2908 2625 ἄν
2956 2573 3126 2645 ἔμελλε
3182 2580 3334 2625 τοῦτο
3396 2572 3566 2624 οἰστὸν
3604 2565 3786 2633 εἶναιτῷ

2259 2662 2336 2716 ἀεὶ
2376 2671 2484 2725 τοῖς
2540 2663 2714 2726 καλοῖς
2773 2661 3142 2737 ἓφεδρεύοντι;
3201 2661 3353 2714 Ὀθεν
3417 2659 3573 2714 πολλὰ
3617 2660 3690 2730 μὲν
3725 2659 3784 2706 καὶ

2256 2751 2386 2804 ἄλλα
2413 2755 2821 2825 ἐπιτεχνώμενος
2871 2749 2952 2818 ἧν,
2985 2757 3075 2804 καὶ
3111 2771 3228 2803 τινα
3268 2747 3319 2803 δ’
3361 2750 3520 2820 ἐναγῆ
3562 2757 3623 2806 τῷ
3654 2743 3785 2799 ’Δπσλ-

2256 2841 2420 2913 λωνίῳ
2451 2862 2463 2875 ·
2524 2847 2614 2893 καὶ
2667 2842 2738 2903 εἰς
2796 2839 3134 2915 δικαστήριον
3213 2841 3347 2912 ἆγει.
3414 2844 3513 2893 Καὶ
3558 2840 3582 2890 ὁ
3730 2835 3778 2904 μὴ

495 2930 666 2986 nium
716 2928 795 2984 ad
840 2925 1100 2982 tribunal
1141 2925 1530 2997 protraheret,
1581 2927 2147 2998 accusationemque

2258 2935 2622 3005 προσηκόντως
2679 2935 2771 2989 τὴν
2839 2927 2994 2988 δίκην
3051 2931 3299 2999 ὑπελθὼν,
3360 2932 3435 2982 τὰ
3489 2927 3628 2985 σκέλη
3670 2921 3770 2975 iuti-

497 3022 709 3074 contra
750 3032 888 3072 eum
918 3015 1317 3071 constitueret.
1364 3015 1420 3069 ls
1459 3029 1639 3086 porro
1687 3014 1937 3081 delator,
1983 3016 2149 3087 quod

497 3122 622 3163 non
665 3106 924 3176 legitime
971 3103 1269 3160 actionem
1319 3103 1690 3167 intendisset,
1747 3104 2029 3159 Perennio
2068 3104 2147 3175 (2)

499 3195 856 3252 sententiam
875 3194 1114 3261 ferente,
1129 3192 1403 3248 cruribus
1423 3192 1548 3263 ejus
1570 3193 1788 3255 fractis,
1803 3193 2152 3249 debitasluit

495 3299 710 3356 panas
737 3299 752 3336 :
776 3299 848 3338 ex
873 3281 1304 3338 consuetudine
1327 3280 1614 3352 quadam,
1643 3297 1777 3353 qua
1812 3289 2020 3338 contra
2048 3298 2149 3339 eos

495 3376 700 3431 Roma
725 3371 993 3438 invaluit,
1027 3371 1132 3444 qui
1168 3386 1262 3426 res
1294 3370 1438 3426 tales
1468 3369 1545 3425 ad
1571 3370 1802 3440 judices
1834 3371 2145 3427 deferrent.

496 3467 627 3536 Ipse
656 3467 859 3518 autem
880 3465 1128 3532 martyr,
1157 3475 1296 3515 cum
1326 3459 1388 3514 in
1410 3465 1619 3515 senatu
1642 3462 1932 3526 Romano,
1948 3461 2149 3531 judice

493 3552 578 3609 ita.
609 3556 928 3616 statuente,
964 3551 1255 3606 rationem
1287 3548 1671 3620 professionis
1697 3549 1834 3605 ﬁdei
1867 3566 1988 3605 sua
2019 3567 2149 3607 ora-

476 3642 655 3698 "tione
672 3640 978 3696 luculenta
993 3639 1373 3704 reddidisset,
1395 3638 1469 3693 de
1501 3638 1789 3694 sententia
1807 3644 2050 3695 senatus
2069 3642 2144 3711 (3)

475 3729 732 3802 capitali
753 3729 1002 3785 affectus
1025 3727 1338 3799 supplicio,
1357 3743 1389 3782 e
1407 3727 1524 3784 vita
1554 3727 1852 3797 migravit.
1873 3730 1981 3793 Qui
2007 3744 2147 3785 vero

2259 3019 2471 3073 θλαστο.
2523 3025 2792 3094 Περεννίου
2832 3024 2926 3078 τὴν
2989 3016 3144 3077 δίκην
3202 3017 3578 3090 ἐπαγαγόντος,
3623 3014 3710 3065 κατέ
3731 3026 3760 3058 τι

2257 3110 2369 3171 ἔθος
2418 3118 2688 3181 κρατῆσαν
2756 3109 3040 3180 Ῥωμαϊκόν
3122 3112 3242 3169 τοὺς
3298 3110 3365 3159 τὰ
3430 3114 3628 3160 τοιαῦτα
3657 3116 3758 3152 κατα·

2257 3201 2548 3270 μηνύοντας
2580 3200 2832 3270 πάσχειν.
2881 3197 2942 3250 Ὀ
2990 3194 3048 3250 δε
3093 3199 3299 3270 μάρτυς
3346 3197 3506 3268 λόγον
3545 3195 3764 3250 αἰτήσοντας

2256 3294 2348 3338 τοῦ
2381 3283 2690 3349 δικάζοντος
2741 3288 2824 3340 ini
2857 3296 2952 3349 τῆς
2984 3286 3280 3356 συγκλήτου
3333 3283 3551 3359 βουλῆς,
3593 3285 3664 3333 καὶ
3694 3277 3771 3328 τώ·

2257 3394 2350 3434 την
2405 3375 2562 3438 ἀξίως
2612 3383 2704 3428 τοῦ
2756 3381 3000 3450 σφετέρου
3062 3375 3216 3444 λόγου
3271 3376 3405 3447 ὑπερ
3464 3383 3556 3436 τῆς
3627 3374 3778 3421 πίστεως

2255 3469 2570 3538 παρασχὼν,
2639 3470 2867 3538 τιμωρίᾳ
2922 3465 3168 3538 κεφαλικῇ
3217 3459 3455 3535 δόγματι
3502 3470 3585 3522 τῆς
3620 3454 3781 3527 συγκλή-

2254 3572 2345 3605 του
2391 3561 2480 3606 τοῦ
2537 3552 2653 3627 βίου
2711 3553 2970 3616 ἐξίστατο.
3007 3557 3066 3606 Ei'
3108 3573 3184 3614 τις
3229 3559 3408 3606 τοίνυν
3438 3553 3514 3606 ἐπ’
3543 3547 3712 3622 ἁκριϐες
3741 3545 3785 3592 τὰ

2256 3643 2370 3694 κατ’
2426 3642 2581 3694 αὐτόν
2636 3640 2919 3714 διαγνῶναι
3001 3643 3253 3708 θελήσειε,
3307 3650 3491 3694 τοῦτον
3539 3649 3604 3710 τῷ
3645 3636 3783 3688 ἐκείνου

2255 3736 2525 3806 μαρτυρίῳ
2564 3731 2898 3803 ἐντυγχάνειν
2928 3737 3299 3808 προτρέπομεν.

497 3820 711 3875 certius
741 3817 1198 3890 accuratiusque
1243 3833 1338 3872 res
1369 3817 1496 3889 ejus
1546 3832 1906 3888 cognoscere
1947 3817 2102 3884 velit,
2135 3834 2277 3874 eum
2321 3820 2400 3876 ad
2439 3822 2793 3893 martyrium
2841 3822 2991 3892 ejus,
3032 3822 3199 3893 quod
3243 3822 3303 3877 in
3342 3821 3561 3878 litteras
3595 3814 3784 3873 relatum

496 3912 604 3974 est,
633 3906 960 3980 legendum
990 3907 1396 3963 cohortamur.

1097 4025 1320 4081 CAPUT
1359 4027 1558 4080 XXVII.

575 4133 649 4189 Ut
685 4131 978 4205 Serapion
1008 4132 1344 4205 Antiochia
1380 4131 1687 4205 episcopus
1727 4132 2078 4190 Montanum

886 4205 1201 4275 refellerit,
1235 4210 1288 4261 et
1309 4204 1383 4260 de
1414 4204 1580 4259 libris
1611 4206 1758 4274 ejus.

569 4383 937 4455 Scriptorum
953 4397 1093 4438 vero
1114 4397 1250 4454 qua
1272 4379 1626 4452 Apollinaris
1653 4389 1857 4438 contra
1877 4381 2150 4439 haresim

495 4473 830 4530 secundum
879 4471 1146 4544 Phryges
1200 4471 1562 4541 composuit,
1613 4471 1789 4526 etiam
1843 4472 2147 4543 Serapion,

495 4578 672 4636 quem
689 4560 1011 4617 Antiochia
1027 4561 1102 4615 ad
1120 4562 1400 4616 Orontem
1414 4558 1712 4615 Maximini
1729 4561 1786 4614 in
1802 4561 2151 4633 episcopatu

495 4666 906 4708 successorem
924 4648 1108 4707 fuisse
1125 4648 1541 4715 indicavimus,
1564 4650 1834 4704 meminit
1853 4651 1910 4704 in
1935 4651 2153 4722 episto-

491 4740 553 4798 la
581 4739 849 4813 quadam
877 4738 955 4795 ad
984 4739 1333 4796 Cariconem
1363 4743 1419 4794 et
1449 4738 1726 4793 Pontium
1758 4738 1858 4811 (4),
1893 4739 1971 4795 ita
2013 4740 2154 4794 scri-

491 4827 645 4886 bens
685 4845 699 4886 :
735 4849 763 4882 «
792 4831 861 4885 Ut
888 4843 1026 4884 vero
1064 4826 1430 4897 intelligatis,
1462 4842 1597 4898 quae
1628 4826 1688 4881 in
1729 4831 1850 4882 toto
1890 4827 2033 4884 orbe
2065 4829 2179 4883 est

492 4917 948 4984 fraternitatem,
970 4916 1250 4973 detestari
1281 4916 1619 4988 praestigias
1646 4916 1873 4971 ordinis
1897 4923 1952 4972 et
1976 4922 2150 4973 secta

494 5008 652 5080 ejus,
678 5023 814 5079 qua
847 5022 1022 5062 novae
1054 5005 1381 5078 prophetia
1411 5004 1645 5069 dicitur,
1681 5005 1903 5061 litteras
1934 5005 2152 5062 beatis-

495 5097 632 5154 simi
666 5095 893 5154 Claudii
922 5094 1281 5168 Apollinaris
1321 5093 1744 5165 Hierapolitani
1774 5094 1834 5150 in
1867 5096 2001 5151 Asia
2031 5096 2152 5166 epi-

566 5206 640 5277 (t)
693 5202 1145 5277 Secundiuhuic
1209 5215 1432 5256 nomen
1485 5198 1616 5257 fuit.
1652 5201 1838 5277 _l_iier.
1895 5201 2152 5277 de_viris

494 5271 697 5359 illusi.3
714 5276 817 5349 qui
829 5273 1213 5348 Apollonium
1228 5278 1564 5328 senatorem
1581 5271 1742 5328 urbis
1757 5276 1956 5328 Roma
1971 5273 2151 5329 fuisse

498 5348 992 5490 ῗοῖἒῗιιξθι-θηιιίυε
1029 5416 1346 5490 prafectus
1376 5414 1598 5490 multos
1637 5414 1926 5470 nobilium
1968 5417 2150 5472 inter-

499 5487 656 5545 fecit.
701 5487 1049 5560 (Lampridf,
1080 5487 1420 5556 Herodian.)

569 5560 646 5633 (3)
674 5557 753 5616 Eo
783 5557 950 5635 quod
979 5561 1073 5616 lex
1099 5562 1300 5618 Roma
1327 5561 1497 5626 esset,
1528 5571 1650 5614 non
1676 5557 1893 5616 debere
1919 5557 2149 5616 absolvi

2857 4029 3100 4084 ΚΕΦΑΛ.
3147 4026 3263 4082 ΚΖ.

2259 4133 2349 4194 Ὣς
2401 4138 2507 4186 καὶ
2551 4138 2872 4208 Σεραπίων
2928 4137 2953 4187 ό
3010 4136 3439 4207 Ἀντιοχείας
3491 4133 3627 4192 τοὺς
3682 4125 3786 4194 περὶ

2330 4206 2654 4259 Μοντανόν
2711 4206 3082 4280 ἁπελέγχει,
3131 4206 3249 4258 καί
3291 4211 3447 4280 περὶ
3484 4213 3594 4258 τῶν
3644 4215 3786 4266 συγγ-

2331 4281 2675 4351 ραμμάτων
2715 4279 2930 4331 αὐτοῦ.

2329 4390 2439 4436 Τῶν
2481 4381 2530 4437 δ’
2582 4384 2952 4457 Ἀπολ-λιναρίῳ
3005 4387 3359 4456 πεποιημένων
3405 4385 3537 4436 κατὰ
3582 4387 3661 4439 τῆς
3696 4379 3784 4444 ΨΡΨ

2259 4481 2362 4544 γῶν
2402 4475 2641 4546 αἱρέσεως
2695 4479 2783 4526 καὶ
2837 4477 3096 4545 Σεραπίων
3150 4475 3202 4526 ὃν
3242 4475 3326 4526 ἐπὶ
3369 4481 3431 4546 τῇ
3476 4467 3779 4544 πρόςὍρόντὲ

2263 4563 2561 4635 Ἀντιοχείᾳ
2600 4565 2729 4636 μετὰ
2780 4564 3066 4636 Μαξιμῖνον
3104 4559 3368 4634 διάδοχον
3419 4570 3510 4624 τῆς
3561 4556 3780 4612 ἐπισκοπῆς

2263 4650 2618 4724 ἐδηλώσαμεν,
2653 4657 2906 4724 μέμνηται
2950 4655 2998 4705 ἓν
3054 4673 3156 4704 τινι
3211 4661 3309 4704 τῶν
3353 4649 3500 4704 ἰδίων
3545 4643 3773 4701 ἐπιστολῶν,

2267 4747 2525 4814 Καρίκωνι
2577 4747 2666 4795 καὶ
2744 4747 2947 4813 Ποντίῳ
3008 4744 3326 4815 πεμφθείση,
3383 4743 3586 4812 γράφων
3639 4734 3771 4786 οὕτως’

2266 4853 2293 4880 ‹‹
2319 4830 2497 4892 *Οπως
2528 4827 2587 4883 δὲ
2632 4836 2718 4882 καὶ
2767 4839 2916 4882 τοῦτο
2948 4827 3141 4897 εἰδῆτε,
3184 4832 3263 4882 ὄτι
3291 4838 3380 4890 τῆς
3407 4823 3624 4900 ψευδοῦς
3646 4821 3778 4874 ταύτης

2264 4919 2450 4981 τάξεως
2497 4928 2587 4979 τῆς
2652 4918 3058 4991 ἐπικαλουμένης
3112 4923 3226 4980 νέας
3281 4921 3582 4990 προφητείας
3633 4905 3784 4963 ἐϐδελυ-

2263 5028 2383 5060 κται
2436 5009 2465 5065 ἡ
2520 5007 2744 5081 ἐνέργεια
2771 5011 2915 5082 παρά
2960 5010 3103 5081 πάσῃ
3147 5015 3209 5080 τῇ
3255 5010 3304 5059 ἓν
3358 5016 3428 5077 τῷ
3478 5009 3644 5074 κόσμῳ
3680 4991 3788 5047 ἀδελ·

2264 5095 2470 5169 adfert,
2523 5102 2767 5169 πέπομφα
2820 5098 2940 5169 ὑμῖν
2996 5103 3086 5149 καὶ
3141 5092 3404 5150 Κλαυδίου
3461 5086 3788 5157 Ἀπολλιναρίον

2259 5203 2565 5276 hominem
2587 5203 3007 5276 Christianum,
3037 5203 3137 5276 qui
3161 5219 3271 5274 pro
3296 5198 3569 5276 tribunan
3594 5200 3790 5276 0895.89

2261 5274 2523 5338 dixisset,
2581 5275 2687 5328 nisi
2749 5264 3125 5346 propositu‘m
3164 5264 3454 5330 'mutaret.
3513 5264 3789 5342 (Eusebius,

2259 5346 2362 5401 lib.
2393 5363 2447 5410 ν,
2479 5361 2610 5415 cap.
2644 5345 2755 5415 21).
3712 5405 3788 5415 ης

2282 5363 2362 5399 ID.
2393 5363 2447 5399 ἀ’-
2479 5363 2610 5399 (38D.
2644 5363 2755 5399 Z’ll.

2333 5361 2996 5487 '(ii’Eclils‘ebfqz'aricum
3047 5416 3248 5481 habet,
3302 5415 3404 5471 lib.
3452 5430 3505 5487 v,
3540 5422 3670 5487 _cap_.
3706 5405 3789 5460 l9;

2260 5482 2403 5548 item
2431 5488 2762 5544 Ponticum.
2787 5488 2896 5544 Alii
2935 5489 3114 5545 etiam
3142 5488 3420 5546 Carinum
3460 5482 3677 5541 habent.
