  <div class='ocr_page' id='page_1' title='image "/cluster/home/n/w/nwhite01/storage/ocr_20150623/145/mdp.39015061167048/530.png"; bbox 0 0 4036 6288; ppageno 0'>
   <div class='ocr_carea' id='block_1_1' title="bbox 199 303 351 361">
    <p class='ocr_par' dir='ltr' id='par_1_1' title="bbox 199 303 351 361">
     <span class='ocr_line' id='line_1_1' title="bbox 199 303 351 361; baseline 0.026 -4"><span class='ocrx_word' id='word_1_1' title='bbox 199 303 351 361; x_wconf 67' lang='grc'>1065</span> 
     </span>
    </p>
   </div>
   <div class='ocr_carea' id='block_1_2' title="bbox 1248 302 2528 362">
    <p class='ocr_par' dir='ltr' id='par_1_2' title="bbox 1248 302 2528 362">
     <span class='ocr_line' id='line_1_2' title="bbox 1248 302 2528 362; baseline 0 -1"><span class='ocrx_word' id='word_1_2' title='bbox 1248 304 1820 362; x_wconf 65' lang='grc' dir='ltr'>ΕΟΕΒΕΞΙΑΞΤΙΕΕ</span> <span class='ocrx_word' id='word_1_3' title='bbox 1860 302 2218 361; x_wconf 73' lang='lat' dir='ltr'><strong>HISTORI/E</strong></span> <span class='ocrx_word' id='word_1_4' title='bbox 2255 303 2393 360; x_wconf 87' lang='lat' dir='ltr'>LIB.</span> <span class='ocrx_word' id='word_1_5' title='bbox 2436 304 2528 361; x_wconf 85' lang='lat' dir='ltr'>IV.</span> 
     </span>
    </p>
   </div>
   <div class='ocr_carea' id='block_1_3' title="bbox 3424 301 3565 358">
    <p class='ocr_par' dir='ltr' id='par_1_3' title="bbox 3424 301 3565 358">
     <span class='ocr_line' id='line_1_3' title="bbox 3424 301 3565 358; baseline 0.007 -1"><span class='ocrx_word' id='word_1_6' title='bbox 3424 301 3565 358; x_wconf 64' lang='grc'>1016</span> 
     </span>
    </p>
   </div>
   <div class='ocr_carea' id='block_1_4' title="bbox 191 427 1786 506">
    <p class='ocr_par' dir='ltr' id='par_1_4' title="bbox 191 431 1786 506">
     <span class='ocr_line' id='line_1_4' title="bbox 191 431 1786 506; baseline 0.001 -24"><span class='ocrx_word' id='word_1_7' title='bbox 191 437 294 482; x_wconf 86' lang='grc' dir='ltr'>τοῦ</span> <span class='ocrx_word' id='word_1_8' title='bbox 379 432 804 506; x_wconf 85' lang='grc' dir='ltr'>μακαριωτάτου,</span> <span class='ocrx_word' id='word_1_9' title='bbox 869 431 916 485; x_wconf 81' lang='grc' dir='ltr'>ὶν</span> <span class='ocrx_word' id='word_1_10' title='bbox 994 431 1290 506; x_wconf 86' lang='grc' dir='ltr'>Ἱεραπόλει,</span> <span class='ocrx_word' id='word_1_11' title='bbox 1368 437 1638 506; x_wconf 86' lang='grc' dir='ltr'>γενομένου</span> <span class='ocrx_word' id='word_1_12' title='bbox 1705 441 1786 494; x_wconf 69' lang='grc' dir='ltr'>τῆς</span> 
     </span>
    </p>
   </div>
   <div class='ocr_carea' id='block_1_5' title="bbox 1898 427 3568 506">
    <p class='ocr_par' dir='ltr' id='par_1_5' title="bbox 1912 427 3568 502">
     <span class='ocr_line' id='line_1_5' title="bbox 1912 427 3568 502; baseline -0.001 -16"><span class='ocrx_word' id='word_1_13' title='bbox 1912 430 2076 502; x_wconf 90' lang='lat' dir='ltr'>scopi</span> <span class='ocrx_word' id='word_1_14' title='bbox 2109 432 2187 487; x_wconf 93' lang='lat' dir='ltr'>ad</span> <span class='ocrx_word' id='word_1_15' title='bbox 2217 447 2322 487; x_wconf 88' lang='lat' dir='ltr'>vos</span> <span class='ocrx_word' id='word_1_16' title='bbox 2345 431 2500 490; x_wconf 85' lang='lat' dir='ltr'>misi.</span> <span class='ocrx_word' id='word_1_17' title='bbox 2538 452 2567 485; x_wconf 68' lang='grc' dir='ltr'>η</span> <span class='ocrx_word' id='word_1_18' title='bbox 2597 431 2664 487; x_wconf 90' lang='lat' dir='ltr'><strong>In</strong></span> <span class='ocrx_word' id='word_1_19' title='bbox 2685 430 2899 488; x_wconf 88' lang='lat' dir='ltr'>eadem</span> <span class='ocrx_word' id='word_1_20' title='bbox 2941 429 3280 502; x_wconf 83' lang='lat' dir='ltr'>Serapionis</span> <span class='ocrx_word' id='word_1_21' title='bbox 3310 427 3568 501; x_wconf 89' lang='lat' dir='ltr'>epistola</span> 
     </span>
    </p>
   </div>
   <div class='ocr_carea' id='block_1_6' title="bbox 187 520 1798 596">
    <p class='ocr_par' dir='ltr' id='par_1_6' title="bbox 187 520 1798 596">
     <span class='ocr_line' id='line_1_6' title="bbox 187 520 1798 596; baseline 0.001 -23"><span class='ocrx_word' id='word_1_22' title='bbox 187 524 370 582; x_wconf 77' lang='grc' dir='ltr'>Ασίας</span> <span class='ocrx_word' id='word_1_23' title='bbox 434 524 746 587; x_wconf 77' lang='grc' dir='ltr'>ἐπισκόπου,</span> <span class='ocrx_word' id='word_1_24' title='bbox 805 524 1112 594; x_wconf 87' lang='grc' dir='ltr'>γράμματα.</span> <span class='ocrx_word' id='word_1_25' title='bbox 1172 524 1256 574; x_wconf 87' lang='grc' dir='ltr'>Ἐν</span> <span class='ocrx_word' id='word_1_26' title='bbox 1310 527 1440 596; x_wconf 71' lang='grc' dir='ltr'>αὐτῇ</span> <span class='ocrx_word' id='word_1_27' title='bbox 1498 520 1557 576; x_wconf 69' lang='grc' dir='ltr'>δὲ</span> <span class='ocrx_word' id='word_1_28' title='bbox 1613 529 1674 594; x_wconf 71' lang='grc' dir='ltr'>τῇ</span> <span class='ocrx_word' id='word_1_29' title='bbox 1709 530 1798 575; x_wconf 84' lang='grc' dir='ltr'>τοῦ</span> 
     </span>
    </p>
   </div>
   <div class='ocr_carea' id='block_1_7' title="bbox 192 610 1800 686">
    <p class='ocr_par' dir='ltr' id='par_1_7' title="bbox 192 610 1800 686">
     <span class='ocr_line' id='line_1_7' title="bbox 192 610 1800 686; baseline 0.001 -25"><span class='ocrx_word' id='word_1_30' title='bbox 192 613 524 684; x_wconf 85' lang='grc' dir='ltr'>Σεραπίωνος</span> <span class='ocrx_word' id='word_1_31' title='bbox 593 610 834 669; x_wconf 81' lang='grc' dir='ltr'>έπιστολῆ</span> <span class='ocrx_word' id='word_1_32' title='bbox 918 616 1006 663; x_wconf 82' lang='grc' dir='ltr'>καὶ</span> <span class='ocrx_word' id='word_1_33' title='bbox 1075 613 1494 684; x_wconf 85' lang='grc' dir='ltr'>ύπὸσημειώσεις</span> <span class='ocrx_word' id='word_1_34' title='bbox 1564 616 1800 686; x_wconf 83' lang='grc' dir='ltr'>φέρονται</span> 
     </span>
    </p>
   </div>
   <div class='ocr_carea' id='block_1_8' title="bbox 195 694 1802 773">
    <p class='ocr_par' dir='ltr' id='par_1_8' title="bbox 195 694 1802 773">
     <span class='ocr_line' id='line_1_8' title="bbox 195 694 1802 773; baseline 0.002 -23"><span class='ocrx_word' id='word_1_35' title='bbox 195 694 469 771; x_wconf 77' lang='grc' dir='ltr'>διαφόρων</span> <span class='ocrx_word' id='word_1_36' title='bbox 509 701 802 752; x_wconf 80' lang='grc' dir='ltr'>ἐπισκόπων</span> <span class='ocrx_word' id='word_1_37' title='bbox 834 717 848 730; x_wconf 75' lang='grc'><strong>⁸</strong></span> <span class='ocrx_word' id='word_1_38' title='bbox 883 698 949 752; x_wconf 84' lang='grc' dir='ltr'>ὧν</span> <span class='ocrx_word' id='word_1_39' title='bbox 989 702 1014 752; x_wconf 98' lang='lat'>6</span> <span class='ocrx_word' id='word_1_40' title='bbox 1070 703 1160 773; x_wconf 85' lang='grc' dir='ltr'>μέν</span> <span class='ocrx_word' id='word_1_41' title='bbox 1208 721 1289 763; x_wconf 90' lang='grc' dir='ltr'>τις</span> <span class='ocrx_word' id='word_1_42' title='bbox 1331 699 1435 754; x_wconf 84' lang='grc' dir='ltr'>ὧδέ</span> <span class='ocrx_word' id='word_1_43' title='bbox 1462 722 1570 763; x_wconf 88' lang='grc' dir='ltr'>πως</span> <span class='ocrx_word' id='word_1_44' title='bbox 1601 703 1802 760; x_wconf 84' lang='grc' dir='ltr'>ύπεση-</span> 
     </span>
    </p>
   </div>
   <div class='ocr_carea' id='block_1_9' title="bbox 193 788 1800 865">
    <p class='ocr_par' dir='ltr' id='par_1_9' title="bbox 193 788 1800 865">
     <span class='ocr_line' id='line_1_9' title="bbox 193 788 1800 865; baseline 0.002 -26"><span class='ocrx_word' id='word_1_45' title='bbox 193 792 403 860; x_wconf 79' lang='grc' dir='ltr'>μήνατο</span> <span class='ocrx_word' id='word_1_46' title='bbox 466 804 480 818; x_wconf 77' lang='grc'><em>⁸</em></span> <span class='ocrx_word' id='word_1_47' title='bbox 544 809 570 839; x_wconf 77' lang='grc' dir='ltr'>ε</span> <span class='ocrx_word' id='word_1_48' title='bbox 623 788 879 862; x_wconf 84' lang='grc' dir='ltr'>Δύρήλιός</span> <span class='ocrx_word' id='word_1_49' title='bbox 963 791 1219 865; x_wconf 82' lang='grc' dir='ltr'>Κυρήνιος</span> <span class='ocrx_word' id='word_1_50' title='bbox 1270 793 1467 862; x_wconf 84' lang='grc' dir='ltr'>μάρτυς</span> <span class='ocrx_word' id='word_1_51' title='bbox 1542 789 1800 864; x_wconf 73' lang='grc' dir='ltr'>ὲρῥῶσθαι</span> 
     </span>
    </p>
   </div>
   <div class='ocr_carea' id='block_1_10' title="bbox 195 876 1790 952">
    <p class='ocr_par' dir='ltr' id='par_1_10' title="bbox 195 876 1790 952">
     <span class='ocr_line' id='line_1_10' title="bbox 195 876 1790 952; baseline 0.001 -24"><span class='ocrx_word' id='word_1_52' title='bbox 195 878 342 948; x_wconf 78' lang='grc' dir='ltr'>ὑμᾶς</span> <span class='ocrx_word' id='word_1_53' title='bbox 385 879 632 950; x_wconf 76' lang='grc' dir='ltr'>εὔχομαι.</span> <span class='ocrx_word' id='word_1_54' title='bbox 691 898 719 930; x_wconf 77' lang='lat' dir='ltr'>n</span> <span class='ocrx_word' id='word_1_55' title='bbox 782 878 841 931; x_wconf 80' lang='grc' dir='ltr'>Ὀ</span> <span class='ocrx_word' id='word_1_56' title='bbox 899 876 959 932; x_wconf 87' lang='grc' dir='ltr'>δέ</span> <span class='ocrx_word' id='word_1_57' title='bbox 1021 899 1103 941; x_wconf 90' lang='grc' dir='ltr'>τις</span> <span class='ocrx_word' id='word_1_58' title='bbox 1161 887 1341 932; x_wconf 84' lang='grc' dir='ltr'>τοῦτον</span> <span class='ocrx_word' id='word_1_59' title='bbox 1408 883 1495 932; x_wconf 89' lang='grc' dir='ltr'>τόν</span> <span class='ocrx_word' id='word_1_60' title='bbox 1550 884 1742 952; x_wconf 82' lang='grc' dir='ltr'>τρόπον</span> <span class='ocrx_word' id='word_1_61' title='bbox 1775 893 1790 908; x_wconf 85' lang='grc'><strong><em>⁸</em></strong></span> 
     </span>
    </p>
   </div>
   <div class='ocr_carea' id='block_1_11' title="bbox 194 966 1800 1032">
    <p class='ocr_par' dir='ltr' id='par_1_11' title="bbox 194 966 1800 1032">
     <span class='ocr_line' id='line_1_11' title="bbox 194 966 1800 1032; baseline 0.004 -18"><span class='ocrx_word' id='word_1_62' title='bbox 194 985 229 1015; x_wconf 78' lang='grc' dir='ltr'>ε(</span> <span class='ocrx_word' id='word_1_63' title='bbox 290 966 465 1028; x_wconf 78' lang='grc' dir='ltr'>Αἴλιος</span> <span class='ocrx_word' id='word_1_64' title='bbox 514 968 768 1028; x_wconf 79' lang='grc' dir='ltr'>Πούπλιος</span> <span class='ocrx_word' id='word_1_65' title='bbox 799 969 1030 1032; x_wconf 80' lang='grc' dir='ltr'>Ἰούλιος,</span> <span class='ocrx_word' id='word_1_66' title='bbox 1088 969 1188 1022; x_wconf 75' lang='grc' dir='ltr'>ἀπὸ</span> <span class='ocrx_word' id='word_1_67' title='bbox 1244 979 1338 1032; x_wconf 84' lang='grc' dir='ltr'>τῆς</span> <span class='ocrx_word' id='word_1_68' title='bbox 1370 968 1616 1029; x_wconf 80' lang='grc' dir='ltr'>Δεϐελτῆς</span> <span class='ocrx_word' id='word_1_69' title='bbox 1644 968 1800 1021; x_wconf 87' lang='grc' dir='ltr'>κολω-</span> 
     </span>
    </p>
   </div>
   <div class='ocr_carea' id='block_1_12' title="bbox 190 1057 1798 1131">
    <p class='ocr_par' dir='ltr' id='par_1_12' title="bbox 190 1057 1798 1131">
     <span class='ocr_line' id='line_1_12' title="bbox 190 1057 1798 1131; baseline 0.001 -24"><span class='ocrx_word' id='word_1_70' title='bbox 190 1060 337 1116; x_wconf 75' lang='grc' dir='ltr'>νείας</span> <span class='ocrx_word' id='word_1_71' title='bbox 363 1064 459 1119; x_wconf 76' lang='grc' dir='ltr'>τῆς</span> <span class='ocrx_word' id='word_1_72' title='bbox 506 1059 716 1131; x_wconf 85' lang='grc' dir='ltr'>Θράκης</span> <span class='ocrx_word' id='word_1_73' title='bbox 761 1057 1040 1119; x_wconf 73' lang='grc' dir='ltr'>ἐπίσκοπος</span> <span class='ocrx_word' id='word_1_74' title='bbox 1072 1076 1085 1088; x_wconf 84' lang='grc'><strong><em>⁸</em></strong></span> <span class='ocrx_word' id='word_1_75' title='bbox 1137 1066 1207 1131; x_wconf 74' lang='grc' dir='ltr'><strong><em>Ζῇ</em></strong></span> <span class='ocrx_word' id='word_1_76' title='bbox 1263 1061 1288 1111; x_wconf 92' lang='lat'>6</span> <span class='ocrx_word' id='word_1_77' title='bbox 1339 1063 1468 1119; x_wconf 83' lang='grc' dir='ltr'>Θεὸς</span> <span class='ocrx_word' id='word_1_78' title='bbox 1524 1059 1549 1110; x_wconf 89' lang='grc' dir='ltr'>ό</span> <span class='ocrx_word' id='word_1_79' title='bbox 1593 1061 1644 1111; x_wconf 72' lang='grc' dir='ltr'>ἂν</span> <span class='ocrx_word' id='word_1_80' title='bbox 1688 1065 1798 1119; x_wconf 89' lang='grc' dir='ltr'>τοῖς</span> 
     </span>
    </p>
   </div>
   <div class='ocr_carea' id='block_1_13' title="bbox 186 1145 1797 1222">
    <p class='ocr_par' dir='ltr' id='par_1_13' title="bbox 186 1145 1797 1222">
     <span class='ocr_line' id='line_1_13' title="bbox 186 1145 1797 1222; baseline 0.002 -26"><span class='ocrx_word' id='word_1_81' title='bbox 186 1145 452 1218; x_wconf 85' lang='grc' dir='ltr'>ούρανοῖς,</span> <span class='ocrx_word' id='word_1_82' title='bbox 491 1147 573 1198; x_wconf 83' lang='grc' dir='ltr'>ὅτι</span> <span class='ocrx_word' id='word_1_83' title='bbox 603 1151 775 1208; x_wconf 82' lang='grc' dir='ltr'>Σώτας</span> <span class='ocrx_word' id='word_1_84' title='bbox 803 1148 828 1198; x_wconf 90' lang='lat'>6</span> <span class='ocrx_word' id='word_1_85' title='bbox 879 1154 1134 1222; x_wconf 83' lang='grc' dir='ltr'>μακάριος</span> <span class='ocrx_word' id='word_1_86' title='bbox 1186 1150 1211 1200; x_wconf 90' lang='lat'>6</span> <span class='ocrx_word' id='word_1_87' title='bbox 1240 1151 1287 1200; x_wconf 82' lang='grc' dir='ltr'>ἓν</span> <span class='ocrx_word' id='word_1_88' title='bbox 1345 1147 1615 1220; x_wconf 83' lang='grc' dir='ltr'>Ἀγχιάλῳ</span> <span class='ocrx_word' id='word_1_89' title='bbox 1673 1147 1797 1205; x_wconf 76' lang='grc' dir='ltr'>ἠθέ-</span> 
     </span>
    </p>
   </div>
   <div class='ocr_carea' id='block_1_14' title="bbox 191 1232 1796 1312">
    <p class='ocr_par' dir='ltr' id='par_1_14' title="bbox 191 1232 1796 1312">
     <span class='ocr_line' id='line_1_14' title="bbox 191 1232 1796 1312; baseline 0.001 -26"><span class='ocrx_word' id='word_1_90' title='bbox 191 1233 329 1292; x_wconf 82' lang='grc' dir='ltr'>λησε</span> <span class='ocrx_word' id='word_1_91' title='bbox 385 1239 472 1286; x_wconf 88' lang='grc' dir='ltr'>τόν</span> <span class='ocrx_word' id='word_1_92' title='bbox 525 1232 753 1307; x_wconf 83' lang='grc' dir='ltr'>δαίμονα</span> <span class='ocrx_word' id='word_1_93' title='bbox 800 1239 887 1288; x_wconf 89' lang='grc' dir='ltr'>τὸν</span> <span class='ocrx_word' id='word_1_94' title='bbox 932 1237 1250 1312; x_wconf 85' lang='grc' dir='ltr'>Πρισκίλλης</span> <span class='ocrx_word' id='word_1_95' title='bbox 1307 1236 1533 1290; x_wconf 70' lang='grc' dir='ltr'>ἐκϐαλεῖν</span> <span class='ocrx_word' id='word_1_96' title='bbox 1567 1255 1579 1267; x_wconf 90' lang='grc'><strong>·</strong></span> <span class='ocrx_word' id='word_1_97' title='bbox 1626 1238 1796 1290; x_wconf 82' lang='grc' dir='ltr'>κοιὶοὶ</span> 
     </span>
    </p>
   </div>
   <div class='ocr_carea' id='block_1_15' title="bbox 192 1323 1796 1398">
    <p class='ocr_par' dir='ltr' id='par_1_15' title="bbox 192 1323 1796 1398">
     <span class='ocr_line' id='line_1_15' title="bbox 192 1323 1796 1398; baseline 0.002 -24"><span class='ocrx_word' id='word_1_98' title='bbox 192 1323 482 1397; x_wconf 81' lang='grc' dir='ltr'>ὑποκριταὶ</span> <span class='ocrx_word' id='word_1_99' title='bbox 537 1324 630 1376; x_wconf 87' lang='grc' dir='ltr'>ούκ</span> <span class='ocrx_word' id='word_1_100' title='bbox 684 1324 906 1398; x_wconf 68' lang='grc' dir='ltr'>ἀφῆκαν.</span> <span class='ocrx_word' id='word_1_101' title='bbox 966 1345 997 1379; x_wconf 84' lang='grc'>›</span> <span class='ocrx_word' id='word_1_102' title='bbox 1054 1332 1155 1381; x_wconf 79' lang='grc' dir='ltr'>Καὶ</span> <span class='ocrx_word' id='word_1_103' title='bbox 1211 1326 1374 1379; x_wconf 81' lang='grc' dir='ltr'>ἄλλων</span> <span class='ocrx_word' id='word_1_104' title='bbox 1425 1327 1666 1379; x_wconf 87' lang='grc' dir='ltr'>πλειόνων</span> <span class='ocrx_word' id='word_1_105' title='bbox 1711 1329 1796 1378; x_wconf 88' lang='grc' dir='ltr'>τόν</span> 
     </span>
    </p>
   </div>
   <div class='ocr_carea' id='block_1_16' title="bbox 191 1411 1798 1488">
    <p class='ocr_par' dir='ltr' id='par_1_16' title="bbox 191 1411 1798 1488">
     <span class='ocr_line' id='line_1_16' title="bbox 191 1411 1798 1488; baseline 0.002 -24"><span class='ocrx_word' id='word_1_106' title='bbox 191 1411 422 1484; x_wconf 78' lang='grc' dir='ltr'>ἀριθμόν</span> <span class='ocrx_word' id='word_1_107' title='bbox 461 1412 756 1467; x_wconf 72' lang='grc' dir='ltr'>ἐπισκόπων</span> <span class='ocrx_word' id='word_1_108' title='bbox 798 1415 1094 1488; x_wconf 69' lang='grc' dir='ltr'>συμψήφων</span> <span class='ocrx_word' id='word_1_109' title='bbox 1151 1419 1357 1478; x_wconf 79' lang='grc' dir='ltr'>τούτοις</span> <span class='ocrx_word' id='word_1_110' title='bbox 1386 1419 1436 1469; x_wconf 76' lang='grc' dir='ltr'>εν</span> <span class='ocrx_word' id='word_1_111' title='bbox 1487 1422 1592 1476; x_wconf 92' lang='grc' dir='ltr'>τοῖς</span> <span class='ocrx_word' id='word_1_112' title='bbox 1623 1411 1798 1473; x_wconf 86' lang='grc' dir='ltr'>δηλω-</span> 
     </span>
    </p>
   </div>
   <div class='ocr_carea' id='block_1_17' title="bbox 192 1503 1793 1580">
    <p class='ocr_par' dir='ltr' id='par_1_17' title="bbox 192 1503 1793 1580">
     <span class='ocr_line' id='line_1_17' title="bbox 192 1503 1793 1580; baseline 0.004 -26"><span class='ocrx_word' id='word_1_113' title='bbox 192 1503 340 1555; x_wconf 77' lang='grc' dir='ltr'>θεῖσι</span> <span class='ocrx_word' id='word_1_114' title='bbox 406 1505 712 1578; x_wconf 82' lang='grc' dir='ltr'>γράμμασιν</span> <span class='ocrx_word' id='word_1_115' title='bbox 774 1504 1094 1578; x_wconf 70' lang='grc' dir='ltr'>αὐτόγραφοι</span> <span class='ocrx_word' id='word_1_116' title='bbox 1168 1509 1406 1580; x_wconf 74' lang='grc' dir='ltr'>φέρονται</span> <span class='ocrx_word' id='word_1_117' title='bbox 1461 1510 1793 1577; x_wconf 85' lang='grc' dir='ltr'>σημειώσεις.</span> 
     </span>
    </p>
   </div>
   <div class='ocr_carea' id='block_1_18' title="bbox 188 1592 1798 1668">
    <p class='ocr_par' dir='ltr' id='par_1_18' title="bbox 188 1592 1798 1668">
     <span class='ocr_line' id='line_1_18' title="bbox 188 1592 1798 1668; baseline 0.001 -24"><span class='ocrx_word' id='word_1_118' title='bbox 188 1593 274 1644; x_wconf 84' lang='grc' dir='ltr'>Τὰ</span> <span class='ocrx_word' id='word_1_119' title='bbox 313 1593 405 1662; x_wconf 79' lang='grc' dir='ltr'>μεν</span> <span class='ocrx_word' id='word_1_120' title='bbox 459 1592 552 1644; x_wconf 80' lang='grc' dir='ltr'>οὔκ</span> <span class='ocrx_word' id='word_1_121' title='bbox 617 1597 751 1651; x_wconf 82' lang='grc' dir='ltr'>κατή</span> <span class='ocrx_word' id='word_1_122' title='bbox 809 1595 1070 1649; x_wconf 84' lang='grc' dir='ltr'>Μοντάνὸν</span> <span class='ocrx_word' id='word_1_123' title='bbox 1129 1598 1218 1648; x_wconf 83' lang='grc' dir='ltr'>καὶ</span> <span class='ocrx_word' id='word_1_124' title='bbox 1269 1604 1359 1656; x_wconf 88' lang='grc' dir='ltr'>τῆς</span> <span class='ocrx_word' id='word_1_125' title='bbox 1414 1597 1550 1647; x_wconf 88' lang='grc' dir='ltr'>κατὰ</span> <span class='ocrx_word' id='word_1_126' title='bbox 1592 1596 1798 1668; x_wconf 78' lang='grc' dir='ltr'>Φρύγας</span> 
     </span>
    </p>
   </div>
   <div class='ocr_carea' id='block_1_19' title="bbox 192 1679 771 1753">
    <p class='ocr_par' dir='ltr' id='par_1_19' title="bbox 192 1679 771 1753">
     <span class='ocr_line' id='line_1_19' title="bbox 192 1679 771 1753; baseline 0.009 -20"><span class='ocrx_word' id='word_1_127' title='bbox 192 1681 445 1753; x_wconf 83' lang='grc' dir='ltr'>αἱρέσεως</span> <span class='ocrx_word' id='word_1_128' title='bbox 471 1679 520 1732; x_wconf 79' lang='grc' dir='ltr'>ἐν</span> <span class='ocrx_word' id='word_1_129' title='bbox 549 1684 771 1744; x_wconf 81' lang='grc' dir='ltr'>τούτοις.</span> 
     </span>
    </p>
   </div>
   <div class='ocr_carea' id='block_1_20' title="bbox 789 1791 1196 1845">
    <p class='ocr_par' dir='ltr' id='par_1_20' title="bbox 789 1791 1196 1845">
     <span class='ocr_line' id='line_1_20' title="bbox 789 1791 1196 1845; baseline -0.007 0"><span class='ocrx_word' id='word_1_130' title='bbox 789 1791 1033 1845; x_wconf 71' lang='grc' dir='ltr'>ΚΕΦΑΛ.</span> <span class='ocrx_word' id='word_1_131' title='bbox 1070 1791 1196 1844; x_wconf 80' lang='lat' dir='ltr'>KH&#39;.</span> 
     </span>
    </p>
   </div>
   <div class='ocr_carea' id='block_1_21' title="bbox 188 1883 1794 1963">
    <p class='ocr_par' dir='ltr' id='par_1_21' title="bbox 188 1883 1794 1963">
     <span class='ocr_line' id='line_1_21' title="bbox 188 1883 1794 1963; baseline 0.004 -26"><span class='ocrx_word' id='word_1_132' title='bbox 188 1883 292 1946; x_wconf 74' lang='grc' dir='ltr'>Ὠς</span> <span class='ocrx_word' id='word_1_133' title='bbox 343 1888 446 1963; x_wconf 52' lang='grc' dir='ltr'>καὶ</span> <span class='ocrx_word' id='word_1_134' title='bbox 493 1888 524 1944; x_wconf 77' lang='grc' dir='ltr'>ἡ</span> <span class='ocrx_word' id='word_1_135' title='bbox 583 1894 692 1963; x_wconf 84' lang='grc' dir='ltr'>τοῦ</span> <span class='ocrx_word' id='word_1_136' title='bbox 748 1889 1124 1963; x_wconf 74' lang='grc' dir='ltr'>Μαρκίωνος</span> <span class='ocrx_word' id='word_1_137' title='bbox 1169 1892 1428 1963; x_wconf 80' lang='grc' dir='ltr'>αἵρεσις</span> <span class='ocrx_word' id='word_1_138' title='bbox 1484 1889 1794 1952; x_wconf 80' lang='grc' dir='ltr'>εἰςπολλὰ</span> 
     </span>
    </p>
   </div>
   <div class='ocr_carea' id='block_1_22' title="bbox 411 1953 1576 2037">
    <p class='ocr_par' dir='ltr' id='par_1_22' title="bbox 411 1953 1576 2037">
     <span class='ocr_line' id='line_1_22' title="bbox 411 1953 1576 2037; baseline 0.008 -29"><span class='ocrx_word' id='word_1_139' title='bbox 411 1953 710 2033; x_wconf 77' lang='grc' dir='ltr'>διῃρέθη,</span> <span class='ocrx_word' id='word_1_140' title='bbox 768 1953 876 2015; x_wconf 69' lang='grc' dir='ltr'>καλ</span> <span class='ocrx_word' id='word_1_141' title='bbox 927 1966 1070 2015; x_wconf 87' lang='grc' dir='ltr'>τίνα</span> <span class='ocrx_word' id='word_1_142' title='bbox 1107 1953 1576 2037; x_wconf 79' lang='grc' dir='ltr'>έτεράτεύοντο.</span> 
     </span>
    </p>
   </div>
   <div class='ocr_carea' id='block_1_23' title="bbox 265 2132 1790 2213">
    <p class='ocr_par' dir='ltr' id='par_1_23' title="bbox 265 2132 1790 2213">
     <span class='ocr_line' id='line_1_23' title="bbox 265 2132 1790 2213; baseline 0.002 -24"><span class='ocrx_word' id='word_1_143' title='bbox 265 2135 513 2208; x_wconf 82' lang='grc' dir='ltr'>Μαρκίων</span> <span class='ocrx_word' id='word_1_144' title='bbox 562 2132 671 2189; x_wconf 71' lang='grc' dir='ltr'>δὲό</span> <span class='ocrx_word' id='word_1_145' title='bbox 724 2142 988 2204; x_wconf 87' lang='grc' dir='ltr'>Ποντικὸς,</span> <span class='ocrx_word' id='word_1_146' title='bbox 1033 2140 1094 2192; x_wconf 82' lang='grc' dir='ltr'>οὗ</span> <span class='ocrx_word' id='word_1_147' title='bbox 1129 2143 1220 2192; x_wconf 87' lang='grc' dir='ltr'>καὶ</span> <span class='ocrx_word' id='word_1_148' title='bbox 1273 2141 1462 2192; x_wconf 77' lang='grc' dir='ltr'>ἄνωθεν</span> <span class='ocrx_word' id='word_1_149' title='bbox 1503 2144 1680 2213; x_wconf 87' lang='grc' dir='ltr'>μνείαν</span> <span class='ocrx_word' id='word_1_150' title='bbox 1703 2159 1790 2192; x_wconf 89' lang='grc' dir='ltr'>πε-</span> 
     </span>
    </p>
   </div>
   <div class='ocr_carea' id='block_1_24' title="bbox 186 2224 1790 2301">
    <p class='ocr_par' dir='ltr' id='par_1_24' title="bbox 186 2224 1790 2301">
     <span class='ocr_line' id='line_1_24' title="bbox 186 2224 1790 2301; baseline 0.004 -26"><span class='ocrx_word' id='word_1_151' title='bbox 186 2227 444 2296; x_wconf 84' lang='grc' dir='ltr'>ποίημαι,</span> <span class='ocrx_word' id='word_1_152' title='bbox 502 2228 560 2277; x_wconf 90' lang='grc' dir='ltr'>τὸ</span> <span class='ocrx_word' id='word_1_153' title='bbox 600 2233 693 2279; x_wconf 82' lang='grc' dir='ltr'>τοῦ</span> <span class='ocrx_word' id='word_1_154' title='bbox 764 2224 1028 2299; x_wconf 82' lang='grc' dir='ltr'>Κέρδωνος</span> <span class='ocrx_word' id='word_1_155' title='bbox 1080 2228 1259 2292; x_wconf 67' lang='grc' dir='ltr'>ἀσεϐὲς</span> <span class='ocrx_word' id='word_1_156' title='bbox 1309 2229 1590 2301; x_wconf 77' lang='grc' dir='ltr'>ἐπιμᾶλλον</span> <span class='ocrx_word' id='word_1_157' title='bbox 1631 2231 1790 2292; x_wconf 79' lang='grc' dir='ltr'>αύξὴ-</span> 
     </span>
    </p>
   </div>
   <div class='ocr_carea' id='block_1_25' title="bbox 193 2314 1790 2391">
    <p class='ocr_par' dir='ltr' id='par_1_25' title="bbox 193 2314 1790 2391">
     <span class='ocr_line' id='line_1_25' title="bbox 193 2314 1790 2391; baseline 0.004 -27"><span class='ocrx_word' id='word_1_158' title='bbox 193 2331 314 2377; x_wconf 88' lang='grc' dir='ltr'>σας,</span> <span class='ocrx_word' id='word_1_159' title='bbox 346 2318 610 2388; x_wconf 88' lang='grc' dir='ltr'>τέσσαρας</span> <span class='ocrx_word' id='word_1_160' title='bbox 667 2314 973 2388; x_wconf 79' lang='grc' dir='ltr'>ἁγεννήτους</span> <span class='ocrx_word' id='word_1_161' title='bbox 1025 2318 1208 2381; x_wconf 86' lang='grc' dir='ltr'>ούσίας</span> <span class='ocrx_word' id='word_1_162' title='bbox 1266 2327 1339 2390; x_wconf 84' lang='grc' dir='ltr'>τῷ</span> <span class='ocrx_word' id='word_1_163' title='bbox 1389 2319 1526 2391; x_wconf 85' lang='grc' dir='ltr'>λόγῳ</span> <span class='ocrx_word' id='word_1_164' title='bbox 1573 2315 1790 2371; x_wconf 80' lang='grc' dir='ltr'>διέπλα-</span> 
     </span>
    </p>
   </div>
   <div class='ocr_carea' id='block_1_26' title="bbox 191 2403 1789 2481">
    <p class='ocr_par' dir='ltr' id='par_1_26' title="bbox 191 2403 1789 2481">
     <span class='ocr_line' id='line_1_26' title="bbox 191 2403 1789 2481; baseline 0.004 -27"><span class='ocrx_word' id='word_1_165' title='bbox 191 2420 280 2454; x_wconf 86' lang='grc' dir='ltr'>σεν</span> <span class='ocrx_word' id='word_1_166' title='bbox 311 2421 325 2435; x_wconf 90' lang='grc'>·</span> <span class='ocrx_word' id='word_1_167' title='bbox 360 2403 427 2453; x_wconf 85' lang='grc' dir='ltr'>ὧν</span> <span class='ocrx_word' id='word_1_168' title='bbox 477 2407 563 2455; x_wconf 90' lang='grc' dir='ltr'>τὸν</span> <span class='ocrx_word' id='word_1_169' title='bbox 593 2408 682 2476; x_wconf 69' lang='grc' dir='ltr'>μὲν</span> <span class='ocrx_word' id='word_1_170' title='bbox 739 2405 934 2477; x_wconf 78' lang='grc' dir='ltr'>ἀγαθόν</span> <span class='ocrx_word' id='word_1_171' title='bbox 971 2427 1023 2460; x_wconf 89' lang='grc' dir='ltr'>τε</span> <span class='ocrx_word' id='word_1_172' title='bbox 1070 2413 1160 2460; x_wconf 86' lang='grc' dir='ltr'>καὶ</span> <span class='ocrx_word' id='word_1_173' title='bbox 1221 2409 1488 2478; x_wconf 76' lang='grc' dir='ltr'>ἄγνωστον</span> <span class='ocrx_word' id='word_1_174' title='bbox 1523 2413 1789 2481; x_wconf 87' lang='grc' dir='ltr'>προσηγό-</span> 
     </span>
    </p>
   </div>
   <div class='ocr_carea' id='block_1_27' title="bbox 187 2491 1786 2570">
    <p class='ocr_par' dir='ltr' id='par_1_27' title="bbox 187 2491 1786 2570">
     <span class='ocr_line' id='line_1_27' title="bbox 187 2491 1786 2570; baseline 0.006 -29"><span class='ocrx_word' id='word_1_175' title='bbox 187 2509 390 2565; x_wconf 88' lang='grc' dir='ltr'>ρευσεν,</span> <span class='ocrx_word' id='word_1_176' title='bbox 420 2491 445 2543; x_wconf 86' lang='grc' dir='ltr'><strong>ὃ</strong></span> <span class='ocrx_word' id='word_1_177' title='bbox 475 2497 682 2566; x_wconf 84' lang='grc' dir='ltr'>Πατέρα</span> <span class='ocrx_word' id='word_1_178' title='bbox 709 2503 801 2547; x_wconf 82' lang='grc' dir='ltr'>τοῦ</span> <span class='ocrx_word' id='word_1_179' title='bbox 849 2504 1075 2570; x_wconf 82' lang='grc' dir='ltr'>Χριστοῦ</span> <span class='ocrx_word' id='word_1_180' title='bbox 1113 2496 1247 2568; x_wconf 90' lang='grc' dir='ltr'>λέγει</span> <span class='ocrx_word' id='word_1_181' title='bbox 1281 2517 1293 2529; x_wconf 88' lang='grc'><strong>·</strong></span> <span class='ocrx_word' id='word_1_182' title='bbox 1349 2500 1435 2548; x_wconf 87' lang='grc' dir='ltr'>τόν</span> <span class='ocrx_word' id='word_1_183' title='bbox 1483 2494 1543 2550; x_wconf 70' lang='grc' dir='ltr'>δὲ</span> <span class='ocrx_word' id='word_1_184' title='bbox 1581 2494 1786 2550; x_wconf 75' lang='grc' dir='ltr'>δίκαιον</span> 
     </span>
    </p>
   </div>
   <div class='ocr_carea' id='block_1_28' title="bbox 186 2580 1784 2660">
    <p class='ocr_par' dir='ltr' id='par_1_28' title="bbox 186 2580 1784 2660">
     <span class='ocr_line' id='line_1_28' title="bbox 186 2580 1784 2660; baseline 0.004 -28"><span class='ocrx_word' id='word_1_185' title='bbox 186 2585 280 2632; x_wconf 82' lang='grc' dir='ltr'>καὶ</span> <span class='ocrx_word' id='word_1_186' title='bbox 311 2580 644 2655; x_wconf 84' lang='grc' dir='ltr'>δημιομργόν</span> <span class='ocrx_word' id='word_1_187' title='bbox 677 2601 690 2615; x_wconf 77' lang='grc' dir='ltr'><strong>ο</strong></span> <span class='ocrx_word' id='word_1_188' title='bbox 731 2592 915 2638; x_wconf 85' lang='grc' dir='ltr'>τοῦτον</span> <span class='ocrx_word' id='word_1_189' title='bbox 961 2582 1020 2638; x_wconf 72' lang='grc' dir='ltr'>δὲ</span> <span class='ocrx_word' id='word_1_190' title='bbox 1071 2590 1294 2660; x_wconf 87' lang='grc' dir='ltr'>πονηρὸν</span> <span class='ocrx_word' id='word_1_191' title='bbox 1342 2586 1584 2658; x_wconf 78' lang='grc' dir='ltr'>ὀνομάζει</span> <span class='ocrx_word' id='word_1_192' title='bbox 1625 2604 1639 2618; x_wconf 76' lang='grc' dir='ltr'><strong>ο</strong></span> <span class='ocrx_word' id='word_1_193' title='bbox 1693 2592 1784 2639; x_wconf 84' lang='grc' dir='ltr'>καὶ</span> 
     </span>
    </p>
   </div>
   <div class='ocr_carea' id='block_1_29' title="bbox 190 2673 1785 2749">
    <p class='ocr_par' dir='ltr' id='par_1_29' title="bbox 190 2673 1785 2749">
     <span class='ocr_line' id='line_1_29' title="bbox 190 2673 1785 2749; baseline 0.004 -29"><span class='ocrx_word' id='word_1_194' title='bbox 190 2673 325 2741; x_wconf 82' lang='grc' dir='ltr'>πρὸς</span> <span class='ocrx_word' id='word_1_195' title='bbox 379 2673 586 2734; x_wconf 84' lang='grc' dir='ltr'>τούτοις</span> <span class='ocrx_word' id='word_1_196' title='bbox 631 2673 758 2731; x_wconf 79' lang='grc' dir='ltr'>ὓλην</span> <span class='ocrx_word' id='word_1_197' title='bbox 810 2681 974 2732; x_wconf 79' lang='grc' dir='ltr'>κακήν</span> <span class='ocrx_word' id='word_1_198' title='bbox 1025 2694 1078 2728; x_wconf 90' lang='grc' dir='ltr'>τι</span> <span class='ocrx_word' id='word_1_199' title='bbox 1132 2673 1312 2740; x_wconf 82' lang='grc' dir='ltr'>οὖσαν,</span> <span class='ocrx_word' id='word_1_200' title='bbox 1367 2681 1457 2728; x_wconf 83' lang='grc' dir='ltr'>καὶ</span> <span class='ocrx_word' id='word_1_201' title='bbox 1514 2675 1600 2727; x_wconf 83' lang='grc' dir='ltr'>ὑπ’</span> <span class='ocrx_word' id='word_1_202' title='bbox 1649 2676 1785 2749; x_wconf 84' lang='grc' dir='ltr'>οἴλλῳ</span> 
     </span>
    </p>
   </div>
   <div class='ocr_carea' id='block_1_30' title="bbox 193 2761 1785 2840">
    <p class='ocr_par' dir='ltr' id='par_1_30' title="bbox 193 2761 1785 2840">
     <span class='ocr_line' id='line_1_30' title="bbox 193 2761 1785 2840; baseline 0.007 -33"><span class='ocrx_word' id='word_1_203' title='bbox 193 2765 271 2827; x_wconf 83' lang='grc' dir='ltr'>τῷ</span> <span class='ocrx_word' id='word_1_204' title='bbox 299 2761 437 2828; x_wconf 81' lang='grc' dir='ltr'>κακῷ</span> <span class='ocrx_word' id='word_1_205' title='bbox 485 2762 853 2818; x_wconf 79' lang='grc' dir='ltr'>συντελοῦσαν.</span> <span class='ocrx_word' id='word_1_206' title='bbox 909 2766 1007 2818; x_wconf 82' lang='grc' dir='ltr'>Τόν</span> <span class='ocrx_word' id='word_1_207' title='bbox 1035 2784 1094 2836; x_wconf 89' lang='grc' dir='ltr'>γε</span> <span class='ocrx_word' id='word_1_208' title='bbox 1129 2769 1230 2836; x_wconf 81' lang='grc' dir='ltr'>μὴν</span> <span class='ocrx_word' id='word_1_209' title='bbox 1271 2762 1597 2840; x_wconf 84' lang='grc' dir='ltr'>δημιουργὸν</span> <span class='ocrx_word' id='word_1_210' title='bbox 1636 2786 1785 2840; x_wconf 87' lang='grc' dir='ltr'>περι-</span> 
     </span>
    </p>
   </div>
   <div class='ocr_carea' id='block_1_31' title="bbox 199 2849 1787 2928">
    <p class='ocr_par' dir='ltr' id='par_1_31' title="bbox 199 2849 1787 2928">
     <span class='ocr_line' id='line_1_31' title="bbox 199 2849 1787 2928; baseline 0.008 -32"><span class='ocrx_word' id='word_1_211' title='bbox 199 2849 455 2918; x_wconf 86' lang='grc' dir='ltr'>γενόμενον</span> <span class='ocrx_word' id='word_1_212' title='bbox 493 2857 588 2902; x_wconf 82' lang='grc' dir='ltr'>τοῦ</span> <span class='ocrx_word' id='word_1_213' title='bbox 625 2860 790 2904; x_wconf 82' lang='grc' dir='ltr'>κακοῦ</span> <span class='ocrx_word' id='word_1_214' title='bbox 838 2857 932 2912; x_wconf 79' lang='grc' dir='ltr'>τὴν</span> <span class='ocrx_word' id='word_1_215' title='bbox 984 2853 1108 2911; x_wconf 85' lang='grc' dir='ltr'>ύλην</span> <span class='ocrx_word' id='word_1_216' title='bbox 1165 2853 1338 2906; x_wconf 88' lang='grc' dir='ltr'>λαϐεῖν</span> <span class='ocrx_word' id='word_1_217' title='bbox 1389 2860 1478 2906; x_wconf 85' lang='grc' dir='ltr'>καὶ</span> <span class='ocrx_word' id='word_1_218' title='bbox 1525 2852 1787 2928; x_wconf 80' lang='grc' dir='ltr'>δημιουρ-</span> 
     </span>
    </p>
   </div>
   <div class='ocr_carea' id='block_1_32' title="bbox 198 2941 1786 3018">
    <p class='ocr_par' dir='ltr' id='par_1_32' title="bbox 198 2941 1786 3018">
     <span class='ocr_line' id='line_1_32' title="bbox 198 2941 1786 3018; baseline 0.008 -32"><span class='ocrx_word' id='word_1_219' title='bbox 198 2943 362 3004; x_wconf 86' lang='grc' dir='ltr'>γῆσαι</span> <span class='ocrx_word' id='word_1_220' title='bbox 390 2941 454 2989; x_wconf 77' lang='grc' dir='ltr'>τὰ</span> <span class='ocrx_word' id='word_1_221' title='bbox 515 2942 817 3012; x_wconf 86' lang='grc' dir='ltr'>σύμπαντα.</span> <span class='ocrx_word' id='word_1_222' title='bbox 875 2942 967 2996; x_wconf 81' lang='grc' dir='ltr'>Ἐκ</span> <span class='ocrx_word' id='word_1_223' title='bbox 1026 2946 1116 3014; x_wconf 72' lang='grc' dir='ltr'>μεν</span> <span class='ocrx_word' id='word_1_224' title='bbox 1146 2951 1238 2995; x_wconf 82' lang='grc' dir='ltr'><strong><em>τοὺ</em></strong></span> <span class='ocrx_word' id='word_1_225' title='bbox 1287 2945 1656 3018; x_wconf 79' lang='grc' dir='ltr'>καθαρωτάτου</span> <span class='ocrx_word' id='word_1_226' title='bbox 1699 2949 1786 2998; x_wconf 90' lang='grc' dir='ltr'>τὸν</span> 
     </span>
    </p>
   </div>
   <div class='ocr_carea' id='block_1_33' title="bbox 191 3024 1786 3107">
    <p class='ocr_par' dir='ltr' id='par_1_33' title="bbox 191 3024 1786 3107">
     <span class='ocr_line' id='line_1_33' title="bbox 191 3024 1786 3107; baseline 0.008 -32"><span class='ocrx_word' id='word_1_227' title='bbox 191 3024 404 3098; x_wconf 72' lang='grc' dir='ltr'>οὐρανὸν</span> <span class='ocrx_word' id='word_1_228' title='bbox 461 3033 550 3080; x_wconf 83' lang='grc' dir='ltr'>καὶ</span> <span class='ocrx_word' id='word_1_229' title='bbox 609 3033 676 3082; x_wconf 82' lang='grc' dir='ltr'>τὰ</span> <span class='ocrx_word' id='word_1_230' title='bbox 723 3030 852 3084; x_wconf 81' lang='grc' dir='ltr'>ἄλλα</span> <span class='ocrx_word' id='word_1_231' title='bbox 899 3029 1096 3090; x_wconf 84' lang='grc' dir='ltr'>διηθὼν</span> <span class='ocrx_word' id='word_1_232' title='bbox 1136 3036 1269 3104; x_wconf 80' lang='grc' dir='ltr'>λέγει</span> <span class='ocrx_word' id='word_1_233' title='bbox 1297 3030 1638 3107; x_wconf 73' lang='grc' dir='ltr'>δημιουργεῖν</span> <span class='ocrx_word' id='word_1_234' title='bbox 1677 3051 1691 3064; x_wconf 80' lang='grc'><strong><em>⁸</em></strong></span> <span class='ocrx_word' id='word_1_235' title='bbox 1731 3039 1786 3087; x_wconf 81' lang='grc' dir='ltr'>ἐκ</span> 
     </span>
    </p>
   </div>
   <div class='ocr_carea' id='block_1_34' title="bbox 1911 519 3564 593">
    <p class='ocr_par' dir='ltr' id='par_1_34' title="bbox 1911 519 3564 593">
     <span class='ocr_line' id='line_1_34' title="bbox 1911 519 3564 593; baseline 0 -17"><span class='ocrx_word' id='word_1_236' title='bbox 1911 520 2352 590; x_wconf 88' lang='lat' dir='ltr'>adnotationes,</span> <span class='ocrx_word' id='word_1_237' title='bbox 2370 523 2490 577; x_wconf 83' lang='lat' dir='ltr'><strong>sive</strong></span> <span class='ocrx_word' id='word_1_238' title='bbox 2505 521 2968 593; x_wconf 82' lang='lat' dir='ltr'>subscriptiones</span> <span class='ocrx_word' id='word_1_239' title='bbox 2982 519 3243 593; x_wconf 90' lang='lat' dir='ltr'>plurium</span> <span class='ocrx_word' id='word_1_240' title='bbox 3257 519 3564 590; x_wconf 90' lang='lat' dir='ltr'>episcopo-</span> 
     </span>
    </p>
   </div>
   <div class='ocr_carea' id='block_1_35' title="bbox 1909 608 3566 684">
    <p class='ocr_par' dir='ltr' id='par_1_35' title="bbox 1909 608 3566 684">
     <span class='ocr_line' id='line_1_35' title="bbox 1909 608 3566 684; baseline 0 -20"><span class='ocrx_word' id='word_1_241' title='bbox 1909 625 2045 664; x_wconf 89' lang='lat' dir='ltr'>rum</span> <span class='ocrx_word' id='word_1_242' title='bbox 2070 616 2470 678; x_wconf 81' lang='lat' dir='ltr'>recensentur,</span> <span class='ocrx_word' id='word_1_243' title='bbox 2493 627 2748 684; x_wconf 88' lang='lat' dir='ltr'>quorum</span> <span class='ocrx_word' id='word_1_244' title='bbox 2763 608 3234 682; x_wconf 87' lang='lat' dir='ltr'>quidamitafere</span> <span class='ocrx_word' id='word_1_245' title='bbox 3250 623 3434 663; x_wconf 90' lang='lat' dir='ltr'>manu</span> <span class='ocrx_word' id='word_1_246' title='bbox 3455 623 3566 664; x_wconf 86' lang='lat' dir='ltr'>sua</span> 
     </span>
    </p>
   </div>
   <div class='ocr_carea' id='block_1_36' title="bbox 1910 698 3565 770">
    <p class='ocr_par' dir='ltr' id='par_1_36' title="bbox 1910 698 3565 770">
     <span class='ocr_line' id='line_1_36' title="bbox 1910 698 3565 770; baseline 0 -18"><span class='ocrx_word' id='word_1_247' title='bbox 1910 698 1961 752; x_wconf 90' lang='lat' dir='ltr'>ei</span> <span class='ocrx_word' id='word_1_248' title='bbox 1987 698 2370 769; x_wconf 76' lang='lat' dir='ltr'>subscripsit:</span> <span class='ocrx_word' id='word_1_249' title='bbox 2401 699 2712 754; x_wconf 85' lang='lat' dir='ltr'>«Aurelius</span> <span class='ocrx_word' id='word_1_250' title='bbox 2741 698 3026 770; x_wconf 85' lang='lat' dir='ltr'>Cyrenius</span> <span class='ocrx_word' id='word_1_251' title='bbox 3053 703 3280 768; x_wconf 80' lang='lat' dir='ltr'>martyr</span> <span class='ocrx_word' id='word_1_252' title='bbox 3295 701 3437 768; x_wconf 93' lang='lat' dir='ltr'>opto</span> <span class='ocrx_word' id='word_1_253' title='bbox 3460 712 3565 752; x_wconf 91' lang='lat' dir='ltr'>vos</span> 
     </span>
    </p>
   </div>
   <div class='ocr_carea' id='block_1_37' title="bbox 1909 784 3559 852">
    <p class='ocr_par' dir='ltr' id='par_1_37' title="bbox 1909 784 3559 852">
     <span class='ocr_line' id='line_1_37' title="bbox 1909 784 3559 852; baseline 0 -12"><span class='ocrx_word' id='word_1_254' title='bbox 1909 786 2125 843; x_wconf 85' lang='lat' dir='ltr'>valere.</span> <span class='ocrx_word' id='word_1_255' title='bbox 2144 809 2171 838; x_wconf 83' lang='lat'><strong>»</strong></span> <span class='ocrx_word' id='word_1_256' title='bbox 2189 787 2442 852; x_wconf 83' lang='lat' dir='ltr'>Quidam</span> <span class='ocrx_word' id='word_1_257' title='bbox 2459 789 2571 842; x_wconf 90' lang='lat' dir='ltr'>hoc</span> <span class='ocrx_word' id='word_1_258' title='bbox 2594 788 2804 844; x_wconf 89' lang='lat' dir='ltr'>modo:</span> <span class='ocrx_word' id='word_1_259' title='bbox 2827 809 2855 838; x_wconf 75' lang='grc' dir='ltr'>α</span> <span class='ocrx_word' id='word_1_260' title='bbox 2873 785 3059 843; x_wconf 66' lang='grc' dir='ltr'>Ᾱὲιίιιε</span> <span class='ocrx_word' id='word_1_261' title='bbox 3082 785 3328 841; x_wconf 85' lang='lat' dir='ltr'>Publius</span> <span class='ocrx_word' id='word_1_262' title='bbox 3350 784 3559 840; x_wconf 87' lang='lat' dir='ltr'>Julius.</span> 
     </span>
    </p>
   </div>
   <div class='ocr_carea' id='block_1_38' title="bbox 1910 873 3563 948">
    <p class='ocr_par' dir='ltr' id='par_1_38' title="bbox 1910 873 3563 948">
     <span class='ocr_line' id='line_1_38' title="bbox 1910 873 3563 948; baseline 0.001 -20"><span class='ocrx_word' id='word_1_263' title='bbox 1910 875 2131 931; x_wconf 88' lang='lat' dir='ltr'>Debelti</span> <span class='ocrx_word' id='word_1_264' title='bbox 2176 876 2423 933; x_wconf 64' lang='lat' dir='ltr'>colonias</span> <span class='ocrx_word' id='word_1_265' title='bbox 2469 877 2732 932; x_wconf 67' lang='lat' dir='ltr'>Thracias</span> <span class='ocrx_word' id='word_1_266' title='bbox 2782 877 3105 948; x_wconf 91' lang='lat' dir='ltr'>episcopue</span> <span class='ocrx_word' id='word_1_267' title='bbox 3140 892 3150 928; x_wconf 91' lang='lat'><strong>:</strong></span> <span class='ocrx_word' id='word_1_268' title='bbox 3186 874 3364 946; x_wconf 75' lang='lat'>326</span> <span class='ocrx_word' id='word_1_269' title='bbox 3419 873 3563 930; x_wconf 82' lang='lat' dir='ltr'>Vivit</span> 
     </span>
    </p>
   </div>
   <div class='ocr_carea' id='block_1_39' title="bbox 1910 961 3562 1038">
    <p class='ocr_par' dir='ltr' id='par_1_39' title="bbox 1910 961 3562 1038">
     <span class='ocr_line' id='line_1_39' title="bbox 1910 961 3562 1038; baseline 0.001 -21"><span class='ocrx_word' id='word_1_270' title='bbox 1910 963 2209 1036; x_wconf 88' lang='lat' dir='ltr'>Deus,qui</span> <span class='ocrx_word' id='word_1_271' title='bbox 2249 965 2308 1019; x_wconf 90' lang='lat' dir='ltr'>in</span> <span class='ocrx_word' id='word_1_272' title='bbox 2327 965 2492 1020; x_wconf 66' lang='lat' dir='ltr'>caelis</span> <span class='ocrx_word' id='word_1_273' title='bbox 2516 970 2623 1035; x_wconf 86' lang='lat' dir='ltr'>est,</span> <span class='ocrx_word' id='word_1_274' title='bbox 2663 965 2828 1038; x_wconf 90' lang='lat' dir='ltr'>quod</span> <span class='ocrx_word' id='word_1_275' title='bbox 2855 965 3068 1020; x_wconf 87' lang='lat' dir='ltr'>beatus</span> <span class='ocrx_word' id='word_1_276' title='bbox 3111 964 3307 1031; x_wconf 89' lang='lat' dir='ltr'>Sotas,</span> <span class='ocrx_word' id='word_1_277' title='bbox 3337 961 3443 1035; x_wconf 91' lang='lat' dir='ltr'>qui</span> <span class='ocrx_word' id='word_1_278' title='bbox 3470 967 3562 1018; x_wconf 89' lang='lat' dir='ltr'>est</span> 
     </span>
    </p>
   </div>
   <div class='ocr_carea' id='block_1_40' title="bbox 1909 1051 3562 1124">
    <p class='ocr_par' dir='ltr' id='par_1_40' title="bbox 1909 1051 3562 1124">
     <span class='ocr_line' id='line_1_40' title="bbox 1909 1051 3562 1124; baseline 0.001 -16"><span class='ocrx_word' id='word_1_279' title='bbox 1909 1054 2197 1119; x_wconf 84' lang='lat' dir='ltr'>Anchiali,</span> <span class='ocrx_word' id='word_1_280' title='bbox 2225 1054 2593 1109; x_wconf 78' lang='lat' dir='ltr'>daemonium</span> <span class='ocrx_word' id='word_1_281' title='bbox 2629 1053 2907 1109; x_wconf 58' lang='lat' dir='ltr'>Priscilla</span> <span class='ocrx_word' id='word_1_282' title='bbox 2942 1054 3154 1124; x_wconf 83' lang='lat' dir='ltr'>ejicere</span> <span class='ocrx_word' id='word_1_283' title='bbox 3191 1052 3410 1108; x_wconf 87' lang='lat' dir='ltr'>voluit:</span> <span class='ocrx_word' id='word_1_284' title='bbox 3456 1051 3562 1108; x_wconf 91' lang='lat' dir='ltr'>sed</span> 
     </span>
    </p>
   </div>
   <div class='ocr_carea' id='block_1_41' title="bbox 1907 1141 3560 1215">
    <p class='ocr_par' dir='ltr' id='par_1_41' title="bbox 1907 1141 3560 1215">
     <span class='ocr_line' id='line_1_41' title="bbox 1907 1141 3560 1215; baseline -0.001 -17"><span class='ocrx_word' id='word_1_285' title='bbox 1907 1142 2234 1214; x_wconf 61' lang='lat' dir='ltr'>hypocrita;</span> <span class='ocrx_word' id='word_1_286' title='bbox 2286 1144 2348 1197; x_wconf 90' lang='lat' dir='ltr'>id</span> <span class='ocrx_word' id='word_1_287' title='bbox 2377 1159 2496 1198; x_wconf 91' lang='lat' dir='ltr'>non</span> <span class='ocrx_word' id='word_1_288' title='bbox 2537 1143 2878 1215; x_wconf 86' lang='lat' dir='ltr'>permisere.</span> <span class='ocrx_word' id='word_1_289' title='bbox 2905 1163 2930 1194; x_wconf 71' lang='grc' dir='ltr'>ν</span> <span class='ocrx_word' id='word_1_290' title='bbox 2975 1145 3041 1197; x_wconf 86' lang='lat' dir='ltr'>Et</span> <span class='ocrx_word' id='word_1_291' title='bbox 3087 1141 3185 1197; x_wconf 83' lang='lat' dir='ltr'>alii</span> <span class='ocrx_word' id='word_1_292' title='bbox 3217 1141 3560 1212; x_wconf 85' lang='lat' dir='ltr'>complures</span> 
     </span>
    </p>
   </div>
   <div class='ocr_carea' id='block_1_42' title="bbox 1907 1230 3558 1303">
    <p class='ocr_par' dir='ltr' id='par_1_42' title="bbox 1907 1230 3558 1303">
     <span class='ocr_line' id='line_1_42' title="bbox 1907 1230 3558 1303; baseline 0.001 -19"><span class='ocrx_word' id='word_1_293' title='bbox 1907 1232 2170 1303; x_wconf 87' lang='lat' dir='ltr'>episcOpi</span> <span class='ocrx_word' id='word_1_294' title='bbox 2203 1230 2428 1286; x_wconf 80' lang='lat' dir='ltr'>calculo</span> <span class='ocrx_word' id='word_1_295' title='bbox 2467 1240 2523 1288; x_wconf 88' lang='lat' dir='ltr'>et</span> <span class='ocrx_word' id='word_1_296' title='bbox 2554 1232 2848 1288; x_wconf 76' lang='lat' dir='ltr'>sententia</span> <span class='ocrx_word' id='word_1_297' title='bbox 2877 1247 2992 1287; x_wconf 89' lang='lat' dir='ltr'>sua</span> <span class='ocrx_word' id='word_1_298' title='bbox 3019 1231 3244 1287; x_wconf 89' lang='lat' dir='ltr'>litteras</span> <span class='ocrx_word' id='word_1_299' title='bbox 3265 1246 3368 1287; x_wconf 89' lang='lat' dir='ltr'>eas</span> <span class='ocrx_word' id='word_1_300' title='bbox 3399 1245 3558 1286; x_wconf 92' lang='lat' dir='ltr'>com-</span> 
     </span>
    </p>
   </div>
   <div class='ocr_carea' id='block_1_43' title="bbox 1908 1319 3559 1391">
    <p class='ocr_par' dir='ltr' id='par_1_43' title="bbox 1908 1319 3559 1391">
     <span class='ocr_line' id='line_1_43' title="bbox 1908 1319 3559 1391; baseline 0 -16"><span class='ocrx_word' id='word_1_301' title='bbox 1908 1319 2254 1391; x_wconf 87' lang='lat' dir='ltr'>probantes,</span> <span class='ocrx_word' id='word_1_302' title='bbox 2289 1322 2411 1374; x_wconf 89' lang='lat' dir='ltr'>suis</span> <span class='ocrx_word' id='word_1_303' title='bbox 2458 1320 2733 1391; x_wconf 89' lang='lat' dir='ltr'>ipsorum</span> <span class='ocrx_word' id='word_1_304' title='bbox 2762 1319 3049 1376; x_wconf 91' lang='lat' dir='ltr'>manibus</span> <span class='ocrx_word' id='word_1_305' title='bbox 3077 1334 3163 1375; x_wconf 85' lang='lat' dir='ltr'>eis</span> <span class='ocrx_word' id='word_1_306' title='bbox 3194 1319 3559 1391; x_wconf 88' lang='lat' dir='ltr'>subscripse-</span> 
     </span>
    </p>
   </div>
   <div class='ocr_carea' id='block_1_44' title="bbox 1906 1408 3558 1482">
    <p class='ocr_par' dir='ltr' id='par_1_44' title="bbox 1906 1408 3558 1482">
     <span class='ocr_line' id='line_1_44' title="bbox 1906 1408 3558 1482; baseline 0.001 -18"><span class='ocrx_word' id='word_1_307' title='bbox 1906 1413 2066 1464; x_wconf 87' lang='lat' dir='ltr'>runt.</span> <span class='ocrx_word' id='word_1_308' title='bbox 2099 1409 2166 1464; x_wconf 87' lang='lat' dir='ltr'>Et</span> <span class='ocrx_word' id='word_1_309' title='bbox 2186 1408 2443 1464; x_wconf 82' lang='lat' dir='ltr'>Montani</span> <span class='ocrx_word' id='word_1_310' title='bbox 2460 1409 2707 1480; x_wconf 89' lang='lat' dir='ltr'>quidem</span> <span class='ocrx_word' id='word_1_311' title='bbox 2732 1415 2911 1482; x_wconf 89' lang='lat' dir='ltr'>atque</span> <span class='ocrx_word' id='word_1_312' title='bbox 2933 1409 3267 1466; x_wconf 90' lang='lat' dir='ltr'>secundum</span> <span class='ocrx_word' id='word_1_313' title='bbox 3296 1409 3558 1480; x_wconf 80' lang='lat' dir='ltr'>Phryges</span> 
     </span>
    </p>
   </div>
   <div class='ocr_carea' id='block_1_45' title="bbox 1906 1497 2617 1556">
    <p class='ocr_par' dir='ltr' id='par_1_45' title="bbox 1906 1497 2617 1556">
     <span class='ocr_line' id='line_1_45' title="bbox 1906 1497 2617 1556; baseline -0.006 0"><span class='ocrx_word' id='word_1_314' title='bbox 1906 1498 2146 1556; x_wconf 58' lang='lat' dir='ltr'>haeresis</span> <span class='ocrx_word' id='word_1_315' title='bbox 2171 1498 2251 1554; x_wconf 91' lang='lat' dir='ltr'>sic</span> <span class='ocrx_word' id='word_1_316' title='bbox 2291 1515 2353 1554; x_wconf 91' lang='lat' dir='ltr'>se</span> <span class='ocrx_word' id='word_1_317' title='bbox 2380 1497 2617 1555; x_wconf 88' lang='lat' dir='ltr'>habuit.</span> 
     </span>
    </p>
   </div>
   <div class='ocr_carea' id='block_1_46' title="bbox 2478 1784 2972 1842">
    <p class='ocr_par' dir='ltr' id='par_1_46' title="bbox 2478 1784 2972 1842">
     <span class='ocr_line' id='line_1_46' title="bbox 2478 1784 2972 1842; baseline -0.006 0"><span class='ocrx_word' id='word_1_318' title='bbox 2478 1784 2708 1842; x_wconf 79' lang='lat' dir='ltr'>CAPUT</span> <span class='ocrx_word' id='word_1_319' title='bbox 2745 1784 2972 1842; x_wconf 83' lang='lat' dir='ltr'>XXVIII.</span> 
     </span>
    </p>
   </div>
   <div class='ocr_carea' id='block_1_47' title="bbox 1907 1881 3556 1966">
    <p class='ocr_par' dir='ltr' id='par_1_47' title="bbox 1907 1881 3556 1966">
     <span class='ocr_line' id='line_1_47' title="bbox 1907 1881 3556 1966; baseline -0.001 -25"><span class='ocrx_word' id='word_1_320' title='bbox 1907 1884 1976 1941; x_wconf 80' lang='lat' dir='ltr'>Ut</span> <span class='ocrx_word' id='word_1_321' title='bbox 2007 1884 2331 1966; x_wconf 57' lang='lat' dir='ltr'>Marcionis</span> <span class='ocrx_word' id='word_1_322' title='bbox 2362 1885 2600 1942; x_wconf 59' lang='lat' dir='ltr'>heresis</span> <span class='ocrx_word' id='word_1_323' title='bbox 2628 1889 2680 1942; x_wconf 86' lang='lat' dir='ltr'>et</span> <span class='ocrx_word' id='word_1_324' title='bbox 2695 1888 2852 1966; x_wconf 76' lang='lat' dir='ltr'>secta</span> <span class='ocrx_word' id='word_1_325' title='bbox 2876 1883 2941 1940; x_wconf 80' lang='lat' dir='ltr'>in</span> <span class='ocrx_word' id='word_1_326' title='bbox 2953 1883 3174 1966; x_wconf 58' lang='lat' dir='ltr'>multas</span> <span class='ocrx_word' id='word_1_327' title='bbox 3199 1881 3275 1938; x_wconf 80' lang='lat' dir='ltr'>sit</span> <span class='ocrx_word' id='word_1_328' title='bbox 3302 1882 3556 1940; x_wconf 79' lang='lat' dir='ltr'>dissecta</span> 
     </span>
    </p>
   </div>
   <div class='ocr_carea' id='block_1_48' title="bbox 1970 1962 3557 2085">
    <p class='ocr_par' dir='ltr' id='par_1_48' title="bbox 1970 1962 3557 2085">
     <span class='ocr_line' id='line_1_48' title="bbox 1970 1962 3557 2084; baseline -0.002 -72"><span class='ocrx_word' id='word_1_329' title='bbox 1970 1962 2190 2084; x_wconf 55' lang='lat' dir='ltr'>falrtes,</span> <span class='ocrx_word' id='word_1_330' title='bbox 2233 1962 2287 2014; x_wconf 83' lang='lat' dir='ltr'>et</span> <span class='ocrx_word' id='word_1_331' title='bbox 2318 1974 2496 2030; x_wconf 86' lang='lat' dir='ltr'>quam</span> <span class='ocrx_word' id='word_1_332' title='bbox 2529 1963 2934 2014; x_wconf 78' lang='lat' dir='ltr'>monstruosas</span> <span class='ocrx_word' id='word_1_333' title='bbox 2966 1962 3274 2026; x_wconf 77' lang='lat' dir='ltr'>opiniones</span> <span class='ocrx_word' id='word_1_334' title='bbox 3315 1970 3384 2012; x_wconf 89' lang='lat' dir='ltr'>ea</span> <span class='ocrx_word' id='word_1_335' title='bbox 3411 1969 3557 2026; x_wconf 84' lang='lat' dir='ltr'>pro-</span> 
     </span>
     <span class='ocr_line' id='line_1_49' title="bbox 2000 2037 2202 2085; baseline 0.01 -2"><span class='ocrx_word' id='word_1_336' title='bbox 2000 2043 2038 2083; x_wconf 88' lang='lat' dir='ltr'>u</span> <span class='ocrx_word' id='word_1_337' title='bbox 2070 2037 2202 2085; x_wconf 69' lang='lat' dir='ltr'>erit.</span> 
     </span>
    </p>
   </div>
   <div class='ocr_carea' id='block_1_49' title="bbox 1972 2135 3554 2206">
    <p class='ocr_par' dir='ltr' id='par_1_49' title="bbox 1972 2135 3554 2206">
     <span class='ocr_line' id='line_1_50' title="bbox 1972 2135 3554 2206; baseline 0.001 -18"><span class='ocrx_word' id='word_1_338' title='bbox 1972 2135 2230 2192; x_wconf 87' lang='lat' dir='ltr'>Marcion</span> <span class='ocrx_word' id='word_1_339' title='bbox 2277 2140 2479 2192; x_wconf 90' lang='lat' dir='ltr'>autem</span> <span class='ocrx_word' id='word_1_340' title='bbox 2519 2136 2820 2201; x_wconf 92' lang='lat' dir='ltr'>Ponticus,</span> <span class='ocrx_word' id='word_1_341' title='bbox 2871 2135 3044 2206; x_wconf 89' lang='lat' dir='ltr'>cujus</span> <span class='ocrx_word' id='word_1_342' title='bbox 3081 2136 3258 2190; x_wconf 86' lang='lat' dir='ltr'>antea</span> <span class='ocrx_word' id='word_1_343' title='bbox 3309 2146 3554 2206; x_wconf 87' lang='lat' dir='ltr'>quoque</span> 
     </span>
    </p>
   </div>
   <div class='ocr_carea' id='block_1_50' title="bbox 1902 2223 3557 2298">
    <p class='ocr_par' dir='ltr' id='par_1_50' title="bbox 1902 2223 3557 2298">
     <span class='ocr_line' id='line_1_51' title="bbox 1902 2223 3557 2298; baseline 0 -18"><span class='ocrx_word' id='word_1_344' title='bbox 1902 2225 2310 2293; x_wconf 89' lang='lat' dir='ltr'>meminimus,</span> <span class='ocrx_word' id='word_1_345' title='bbox 2333 2226 2617 2283; x_wconf 89' lang='lat' dir='ltr'>Cerdonis</span> <span class='ocrx_word' id='word_1_346' title='bbox 2644 2225 3013 2298; x_wconf 89' lang='lat' dir='ltr'>impietatem</span> <span class='ocrx_word' id='word_1_347' title='bbox 3034 2223 3305 2290; x_wconf 79' lang='lat' dir='ltr'>adauxit,</span> <span class='ocrx_word' id='word_1_348' title='bbox 3339 2227 3557 2295; x_wconf 85' lang='lat' dir='ltr'>etqua-</span> 
     </span>
    </p>
   </div>
   <div class='ocr_carea' id='block_1_51' title="bbox 1900 2314 3556 2387">
    <p class='ocr_par' dir='ltr' id='par_1_51' title="bbox 1900 2314 3556 2387">
     <span class='ocr_line' id='line_1_52' title="bbox 1900 2314 3556 2387; baseline -0.002 -15"><span class='ocrx_word' id='word_1_349' title='bbox 1900 2320 2034 2372; x_wconf 88' lang='lat' dir='ltr'>tuor</span> <span class='ocrx_word' id='word_1_350' title='bbox 2046 2317 2411 2373; x_wconf 89' lang='lat' dir='ltr'>substantias</span> <span class='ocrx_word' id='word_1_351' title='bbox 2437 2317 2734 2386; x_wconf 84' lang='lat' dir='ltr'>ingenitas</span> <span class='ocrx_word' id='word_1_352' title='bbox 2757 2315 3078 2372; x_wconf 90' lang='lat' dir='ltr'>verborum</span> <span class='ocrx_word' id='word_1_353' title='bbox 3099 2314 3390 2387; x_wconf 85' lang='lat' dir='ltr'>portentis</span> <span class='ocrx_word' id='word_1_354' title='bbox 3413 2328 3556 2369; x_wconf 80' lang='lat' dir='ltr'>con-</span> 
     </span>
    </p>
   </div>
   <div class='ocr_carea' id='block_1_52' title="bbox 1899 2403 3551 2479">
    <p class='ocr_par' dir='ltr' id='par_1_52' title="bbox 1899 2403 3551 2479">
     <span class='ocr_line' id='line_1_53' title="bbox 1899 2403 3551 2479; baseline 0.001 -22"><span class='ocrx_word' id='word_1_355' title='bbox 1899 2403 2178 2460; x_wconf 80' lang='lat' dir='ltr'>ﬁnxit.Ex</span> <span class='ocrx_word' id='word_1_356' title='bbox 2191 2406 2413 2478; x_wconf 90' lang='lat' dir='ltr'>quibus</span> <span class='ocrx_word' id='word_1_357' title='bbox 2428 2423 2615 2461; x_wconf 92' lang='lat' dir='ltr'>unum</span> <span class='ocrx_word' id='word_1_358' title='bbox 2628 2406 2870 2479; x_wconf 90' lang='lat' dir='ltr'>quidem</span> <span class='ocrx_word' id='word_1_359' title='bbox 2886 2403 3551 2475; x_wconf 89' lang='lat' dir='ltr'>bonum,eumdemque</span> 
     </span>
    </p>
   </div>
   <div class='ocr_carea' id='block_1_53' title="bbox 1897 2492 3551 2567">
    <p class='ocr_par' dir='ltr' id='par_1_53' title="bbox 1897 2492 3551 2567">
     <span class='ocr_line' id='line_1_54' title="bbox 1897 2492 3551 2567; baseline 0.001 -21"><span class='ocrx_word' id='word_1_360' title='bbox 1897 2492 2268 2562; x_wconf 83' lang='lat' dir='ltr'>incognitum</span> <span class='ocrx_word' id='word_1_361' title='bbox 2292 2495 2572 2567; x_wconf 88' lang='lat' dir='ltr'>appellat,</span> <span class='ocrx_word' id='word_1_362' title='bbox 2604 2501 2661 2550; x_wconf 89' lang='lat' dir='ltr'>et</span> <span class='ocrx_word' id='word_1_363' title='bbox 2698 2498 2928 2552; x_wconf 88' lang='lat' dir='ltr'>Patrem</span> <span class='ocrx_word' id='word_1_364' title='bbox 2979 2493 3195 2550; x_wconf 83' lang='lat' dir='ltr'>Christi</span> <span class='ocrx_word' id='word_1_365' title='bbox 3233 2492 3376 2548; x_wconf 91' lang='lat' dir='ltr'>dicit</span> <span class='ocrx_word' id='word_1_366' title='bbox 3405 2507 3419 2548; x_wconf 92' lang='lat'><strong>:</strong></span> <span class='ocrx_word' id='word_1_367' title='bbox 3455 2507 3551 2548; x_wconf 85' lang='lat' dir='ltr'>se-</span> 
     </span>
    </p>
   </div>
   <div class='ocr_carea' id='block_1_54' title="bbox 1896 2584 3551 2655">
    <p class='ocr_par' dir='ltr' id='par_1_54' title="bbox 1896 2584 3551 2655">
     <span class='ocr_line' id='line_1_55' title="bbox 1896 2584 3551 2655; baseline 0.001 -19"><span class='ocrx_word' id='word_1_368' title='bbox 1896 2584 2163 2638; x_wconf 91' lang='lat' dir='ltr'>cundum</span> <span class='ocrx_word' id='word_1_369' title='bbox 2182 2600 2321 2640; x_wconf 88' lang='lat' dir='ltr'>vero</span> <span class='ocrx_word' id='word_1_370' title='bbox 2339 2589 2568 2655; x_wconf 87' lang='lat' dir='ltr'>justum</span> <span class='ocrx_word' id='word_1_371' title='bbox 2585 2590 2641 2641; x_wconf 91' lang='lat' dir='ltr'>et</span> <span class='ocrx_word' id='word_1_372' title='bbox 2658 2585 3049 2650; x_wconf 91' lang='lat' dir='ltr'>conditorem,</span> <span class='ocrx_word' id='word_1_373' title='bbox 3069 2598 3326 2655; x_wconf 89' lang='lat' dir='ltr'>pravum</span> <span class='ocrx_word' id='word_1_374' title='bbox 3349 2586 3551 2638; x_wconf 89' lang='lat' dir='ltr'>tamen</span> 
     </span>
    </p>
   </div>
   <div class='ocr_carea' id='block_1_55' title="bbox 1895 2669 3550 2730">
    <p class='ocr_par' dir='ltr' id='par_1_55' title="bbox 1895 2669 3550 2730">
     <span class='ocr_line' id='line_1_56' title="bbox 1895 2669 3550 2730; baseline 0.001 -5"><span class='ocrx_word' id='word_1_375' title='bbox 1895 2673 2186 2727; x_wconf 87' lang='lat' dir='ltr'>nominat.</span> <span class='ocrx_word' id='word_1_376' title='bbox 2229 2673 2516 2729; x_wconf 69' lang='lat' dir='ltr'>Praeterea</span> <span class='ocrx_word' id='word_1_377' title='bbox 2547 2675 2860 2730; x_wconf 86' lang='lat' dir='ltr'>materiam</span> <span class='ocrx_word' id='word_1_378' title='bbox 2895 2673 3119 2730; x_wconf 89' lang='lat' dir='ltr'>malam</span> <span class='ocrx_word' id='word_1_379' title='bbox 3158 2671 3343 2728; x_wconf 89' lang='lat' dir='ltr'>dicit:</span> <span class='ocrx_word' id='word_1_380' title='bbox 3384 2675 3442 2726; x_wconf 90' lang='lat' dir='ltr'>et</span> <span class='ocrx_word' id='word_1_381' title='bbox 3471 2669 3550 2726; x_wconf 91' lang='lat' dir='ltr'>ab</span> 
     </span>
    </p>
   </div>
   <div class='ocr_carea' id='block_1_56' title="bbox 1899 2759 3550 2836">
    <p class='ocr_par' dir='ltr' id='par_1_56' title="bbox 1899 2759 3550 2836">
     <span class='ocr_line' id='line_1_57' title="bbox 1899 2759 3550 2836; baseline 0 -21"><span class='ocrx_word' id='word_1_382' title='bbox 1899 2760 2016 2816; x_wconf 90' lang='lat' dir='ltr'>alio</span> <span class='ocrx_word' id='word_1_383' title='bbox 2050 2761 2206 2816; x_wconf 90' lang='lat' dir='ltr'>malo</span> <span class='ocrx_word' id='word_1_384' title='bbox 2233 2762 2556 2834; x_wconf 85' lang='lat' dir='ltr'>perfectam</span> <span class='ocrx_word' id='word_1_385' title='bbox 2585 2770 2763 2836; x_wconf 90' lang='lat' dir='ltr'>atque</span> <span class='ocrx_word' id='word_1_386' title='bbox 2795 2761 3156 2819; x_wconf 86' lang='lat' dir='ltr'>absolutam.</span> <span class='ocrx_word' id='word_1_387' title='bbox 3190 2763 3254 2817; x_wconf 85' lang='lat' dir='ltr'>Et</span> <span class='ocrx_word' id='word_1_388' title='bbox 3283 2759 3550 2817; x_wconf 85' lang='lat' dir='ltr'>condito-</span> 
     </span>
    </p>
   </div>
   <div class='ocr_carea' id='block_1_57' title="bbox 1897 2850 3550 2923">
    <p class='ocr_par' dir='ltr' id='par_1_57' title="bbox 1897 2850 3550 2923">
     <span class='ocr_line' id='line_1_58' title="bbox 1897 2850 3550 2923; baseline 0.001 -18"><span class='ocrx_word' id='word_1_389' title='bbox 1897 2865 2022 2906; x_wconf 92' lang='lat' dir='ltr'>rem</span> <span class='ocrx_word' id='word_1_390' title='bbox 2041 2850 2198 2906; x_wconf 91' lang='lat' dir='ltr'>malo</span> <span class='ocrx_word' id='word_1_391' title='bbox 2227 2853 2616 2923; x_wconf 88' lang='lat' dir='ltr'>superiorem,</span> <span class='ocrx_word' id='word_1_392' title='bbox 2633 2851 2948 2909; x_wconf 89' lang='lat' dir='ltr'>materiam</span> <span class='ocrx_word' id='word_1_393' title='bbox 2966 2851 3294 2922; x_wconf 89' lang='lat' dir='ltr'>accepisse,</span> <span class='ocrx_word' id='word_1_394' title='bbox 3329 2855 3385 2906; x_wconf 93' lang='lat' dir='ltr'>et</span> <span class='ocrx_word' id='word_1_395' title='bbox 3406 2863 3550 2906; x_wconf 89' lang='lat' dir='ltr'>con-</span> 
     </span>
    </p>
   </div>
   <div class='ocr_carea' id='block_1_58' title="bbox 1895 2939 3546 3014">
    <p class='ocr_par' dir='ltr' id='par_1_58' title="bbox 1895 2939 3546 3014">
     <span class='ocr_line' id='line_1_59' title="bbox 1895 2939 3546 3014; baseline 0.002 -21"><span class='ocrx_word' id='word_1_396' title='bbox 1895 2939 2148 2995; x_wconf 89' lang='lat' dir='ltr'>didissse</span> <span class='ocrx_word' id='word_1_397' title='bbox 2178 2942 2384 2997; x_wconf 88' lang='lat' dir='ltr'>omnia</span> <span class='ocrx_word' id='word_1_398' title='bbox 2419 2961 2431 3000; x_wconf 94' lang='lat'>:</span> <span class='ocrx_word' id='word_1_399' title='bbox 2480 2941 2807 3014; x_wconf 88' lang='lat' dir='ltr'>etquidem</span> <span class='ocrx_word' id='word_1_400' title='bbox 2832 2957 2906 2997; x_wconf 79' lang='lat' dir='ltr'>ex</span> <span class='ocrx_word' id='word_1_401' title='bbox 2935 2940 3260 3012; x_wconf 90' lang='lat' dir='ltr'>purissimo</span> <span class='ocrx_word' id='word_1_402' title='bbox 3299 2953 3546 3012; x_wconf 88' lang='lat' dir='ltr'>quoque</span> 
     </span>
    </p>
   </div>
   <div class='ocr_carea' id='block_1_59' title="bbox 1897 3028 3545 3096">
    <p class='ocr_par' dir='ltr' id='par_1_59' title="bbox 1897 3028 3545 3096">
     <span class='ocr_line' id='line_1_60' title="bbox 1897 3028 3545 3096; baseline 0 -13"><span class='ocrx_word' id='word_1_403' title='bbox 1897 3028 2114 3084; x_wconf 88' lang='lat' dir='ltr'>ccelum</span> <span class='ocrx_word' id='word_1_404' title='bbox 2150 3035 2208 3085; x_wconf 91' lang='lat' dir='ltr'>et</span> <span class='ocrx_word' id='word_1_405' title='bbox 2231 3029 2348 3086; x_wconf 92' lang='lat' dir='ltr'>alia</span> <span class='ocrx_word' id='word_1_406' title='bbox 2372 3030 2742 3086; x_wconf 83' lang='lat' dir='ltr'>excolantem</span> <span class='ocrx_word' id='word_1_407' title='bbox 2776 3029 2993 3086; x_wconf 87' lang='lat' dir='ltr'>fecisse</span> <span class='ocrx_word' id='word_1_408' title='bbox 3021 3028 3196 3084; x_wconf 86' lang='lat' dir='ltr'>refert</span> <span class='ocrx_word' id='word_1_409' title='bbox 3223 3046 3237 3096; x_wconf 89' lang='lat'><strong>;</strong></span> <span class='ocrx_word' id='word_1_410' title='bbox 3289 3044 3357 3085; x_wconf 83' lang='lat' dir='ltr'><strong>ex</strong></span> <span class='ocrx_word' id='word_1_411' title='bbox 3383 3044 3545 3084; x_wconf 87' lang='lat' dir='ltr'>cras-</span> 
     </span>
    </p>
   </div>
   <div class='ocr_carea' id='block_1_60' title="bbox 187 3115 1786 3212">
    <p class='ocr_par' dir='ltr' id='par_1_60' title="bbox 187 3115 1786 3198">
     <span class='ocr_line' id='line_1_61' title="bbox 187 3115 1786 3198; baseline 0.008 -33"><span class='ocrx_word' id='word_1_412' title='bbox 187 3119 497 3189; x_wconf 88' lang='grc' dir='ltr'>παχυτέρου</span> <span class='ocrx_word' id='word_1_413' title='bbox 555 3115 615 3171; x_wconf 65' lang='grc' dir='ltr'>δι</span> <span class='ocrx_word' id='word_1_414' title='bbox 665 3123 752 3172; x_wconf 90' lang='grc' dir='ltr'>τὸν</span> <span class='ocrx_word' id='word_1_415' title='bbox 801 3140 855 3173; x_wconf 89' lang='grc' dir='ltr'>τε</span> <span class='ocrx_word' id='word_1_416' title='bbox 898 3119 1242 3194; x_wconf 75' lang='grc' dir='ltr'>παραδεισον,</span> <span class='ocrx_word' id='word_1_417' title='bbox 1274 3129 1363 3175; x_wconf 83' lang='grc' dir='ltr'>καὶ</span> <span class='ocrx_word' id='word_1_418' title='bbox 1399 3121 1585 3176; x_wconf 80' lang='grc' dir='ltr'>ἐκεῖθεν</span> <span class='ocrx_word' id='word_1_419' title='bbox 1607 3123 1664 3176; x_wconf 86' lang='grc' dir='ltr'>ἐκ</span> <span class='ocrx_word' id='word_1_420' title='bbox 1687 3123 1786 3198; x_wconf 82' lang='grc' dir='ltr'>βώ-</span> 
     </span>
    </p>
   </div>
   <div class='ocr_carea' id='block_1_61' title="bbox 1898 3115 3547 3212">
    <p class='ocr_par' dir='ltr' id='par_1_61' title="bbox 1898 3118 3547 3192">
     <span class='ocr_line' id='line_1_62' title="bbox 1898 3118 3547 3192; baseline 0.001 -21"><span class='ocrx_word' id='word_1_421' title='bbox 1898 3118 2049 3173; x_wconf 88' lang='lat' dir='ltr'>siore</span> <span class='ocrx_word' id='word_1_422' title='bbox 2079 3125 2280 3175; x_wconf 91' lang='lat' dir='ltr'>autem</span> <span class='ocrx_word' id='word_1_423' title='bbox 2303 3126 2468 3190; x_wconf 86' lang='lat' dir='ltr'>parte</span> <span class='ocrx_word' id='word_1_424' title='bbox 2500 3121 2871 3192; x_wconf 90' lang='lat' dir='ltr'>paradisum,</span> <span class='ocrx_word' id='word_1_425' title='bbox 2912 3123 3094 3191; x_wconf 89' lang='lat' dir='ltr'>atque</span> <span class='ocrx_word' id='word_1_426' title='bbox 3116 3134 3186 3174; x_wconf 82' lang='lat' dir='ltr'>ex</span> <span class='ocrx_word' id='word_1_427' title='bbox 3214 3118 3386 3188; x_wconf 80' lang='lat' dir='ltr'>gleba</span> <span class='ocrx_word' id='word_1_428' title='bbox 3414 3121 3547 3189; x_wconf 87' lang='lat' dir='ltr'>ejus</span> 
     </span>
    </p>
   </div>
   <div class='ocr_carea' id='block_1_62' title="bbox 187 3203 1786 3286">
    <p class='ocr_par' dir='ltr' id='par_1_62' title="bbox 187 3203 1786 3286">
     <span class='ocr_line' id='line_1_63' title="bbox 187 3203 1786 3286; baseline 0.008 -32"><span class='ocrx_word' id='word_1_429' title='bbox 187 3203 279 3255; x_wconf 90' lang='grc' dir='ltr'>λου</span> <span class='ocrx_word' id='word_1_430' title='bbox 305 3207 390 3256; x_wconf 88' lang='grc' dir='ltr'>τὸν</span> <span class='ocrx_word' id='word_1_431' title='bbox 424 3203 600 3279; x_wconf 82' lang='grc' dir='ltr'>Ἀδάμ</span> <span class='ocrx_word' id='word_1_432' title='bbox 634 3225 648 3239; x_wconf 86' lang='lat'><strong><em>°</em></strong></span> <span class='ocrx_word' id='word_1_433' title='bbox 679 3208 734 3260; x_wconf 73' lang='grc' dir='ltr'>ἐκ</span> <span class='ocrx_word' id='word_1_434' title='bbox 783 3217 875 3272; x_wconf 77' lang='grc' dir='ltr'>τῆς</span> <span class='ocrx_word' id='word_1_435' title='bbox 915 3212 1107 3272; x_wconf 85' lang='grc' dir='ltr'>οἰκείας</span> <span class='ocrx_word' id='word_1_436' title='bbox 1135 3208 1194 3264; x_wconf 75' lang='grc' dir='ltr'>δε</span> <span class='ocrx_word' id='word_1_437' title='bbox 1223 3212 1404 3274; x_wconf 74' lang='grc' dir='ltr'>οὐσίας</span> <span class='ocrx_word' id='word_1_438' title='bbox 1431 3209 1614 3265; x_wconf 82' lang='grc' dir='ltr'>δοῦναι</span> <span class='ocrx_word' id='word_1_439' title='bbox 1643 3215 1786 3286; x_wconf 81' lang='grc' dir='ltr'>αύτῷ</span> 
     </span>
    </p>
   </div>
   <div class='ocr_carea' id='block_1_63' title="bbox 186 3292 543 3366">
    <p class='ocr_par' dir='ltr' id='par_1_63' title="bbox 186 3292 543 3366">
     <span class='ocr_line' id='line_1_64' title="bbox 186 3292 543 3366; baseline 0.003 -22"><span class='ocrx_word' id='word_1_440' title='bbox 186 3297 283 3350; x_wconf 79' lang='grc' dir='ltr'>τὴν</span> <span class='ocrx_word' id='word_1_441' title='bbox 305 3292 495 3366; x_wconf 77' lang='grc' dir='ltr'>ψυχήν</span> <span class='ocrx_word' id='word_1_442' title='bbox 530 3313 543 3327; x_wconf 88' lang='grc'><strong>·</strong></span> 
     </span>
    </p>
   </div>
   <div class='ocr_carea' id='block_1_64' title="bbox 189 3387 1784 3464">
    <p class='ocr_par' dir='ltr' id='par_1_64' title="bbox 189 3387 1784 3464">
     <span class='ocr_line' id='line_1_65' title="bbox 189 3387 1784 3464; baseline 0.003 -24"><span class='ocrx_word' id='word_1_443' title='bbox 189 3390 294 3453; x_wconf 83' lang='grc' dir='ltr'>χῆς</span> <span class='ocrx_word' id='word_1_444' title='bbox 351 3390 442 3436; x_wconf 79' lang='grc' dir='ltr'>καὶ</span> <span class='ocrx_word' id='word_1_445' title='bbox 496 3394 586 3438; x_wconf 83' lang='grc' dir='ltr'>τοῦ</span> <span class='ocrx_word' id='word_1_446' title='bbox 637 3394 897 3460; x_wconf 81' lang='grc' dir='ltr'>σώματος.</span> <span class='ocrx_word' id='word_1_447' title='bbox 951 3388 1299 3462; x_wconf 82' lang='grc' dir='ltr'>Ἀγαθώτερον</span> <span class='ocrx_word' id='word_1_448' title='bbox 1330 3387 1389 3444; x_wconf 64' lang='grc' dir='ltr'>δε</span> <span class='ocrx_word' id='word_1_449' title='bbox 1431 3397 1519 3443; x_wconf 85' lang='grc' dir='ltr'>καὶ</span> <span class='ocrx_word' id='word_1_450' title='bbox 1558 3395 1643 3444; x_wconf 83' lang='grc' dir='ltr'>τόν</span> <span class='ocrx_word' id='word_1_451' title='bbox 1673 3397 1784 3464; x_wconf 77' lang='grc' dir='ltr'>ὅφιν</span> 
     </span>
    </p>
   </div>
   <div class='ocr_carea' id='block_1_65' title="bbox 613 3297 1786 3374">
    <p class='ocr_par' dir='ltr' id='par_1_65' title="bbox 613 3297 1786 3374">
     <span class='ocr_line' id='line_1_66' title="bbox 613 3297 1786 3374; baseline 0.006 -25"><span class='ocrx_word' id='word_1_452' title='bbox 613 3297 883 3351; x_wconf 78' lang='grc' dir='ltr'>κάντεῦθεν</span> <span class='ocrx_word' id='word_1_453' title='bbox 939 3297 1068 3352; x_wconf 85' lang='grc' dir='ltr'>εἶναι</span> <span class='ocrx_word' id='word_1_454' title='bbox 1125 3306 1218 3359; x_wconf 81' lang='grc' dir='ltr'>τὴν</span> <span class='ocrx_word' id='word_1_455' title='bbox 1258 3298 1538 3374; x_wconf 84' lang='grc' dir='ltr'>διαμάχην</span> <span class='ocrx_word' id='word_1_456' title='bbox 1567 3303 1786 3374; x_wconf 58' lang='grc' dir='ltr'>τῆς-ψυ-</span> 
     </span>
    </p>
   </div>
   <div class='ocr_carea' id='block_1_66' title="bbox 189 3471 1786 3553">
    <p class='ocr_par' dir='ltr' id='par_1_66' title="bbox 189 3471 1786 3553">
     <span class='ocr_line' id='line_1_67' title="bbox 189 3471 1786 3553; baseline 0.008 -31"><span class='ocrx_word' id='word_1_457' title='bbox 189 3471 405 3525; x_wconf 84' lang='grc' dir='ltr'>πλάττει</span> <span class='ocrx_word' id='word_1_458' title='bbox 455 3483 547 3526; x_wconf 83' lang='grc' dir='ltr'>τοῦ</span> <span class='ocrx_word' id='word_1_459' title='bbox 601 3472 951 3548; x_wconf 83' lang='grc' dir='ltr'>δημιουργοῦ.</span> <span class='ocrx_word' id='word_1_460' title='bbox 982 3484 1123 3549; x_wconf 81' lang='grc' dir='ltr'>Τιμᾷ</span> <span class='ocrx_word' id='word_1_461' title='bbox 1152 3476 1210 3531; x_wconf 70' lang='grc' dir='ltr'>δὲ</span> <span class='ocrx_word' id='word_1_462' title='bbox 1257 3479 1409 3540; x_wconf 76' lang='grc' dir='ltr'>αὐτὸς</span> <span class='ocrx_word' id='word_1_463' title='bbox 1439 3485 1525 3532; x_wconf 71' lang='grc' dir='ltr'>καὶ</span> <span class='ocrx_word' id='word_1_464' title='bbox 1558 3484 1643 3532; x_wconf 91' lang='grc' dir='ltr'>τόν</span> <span class='ocrx_word' id='word_1_465' title='bbox 1675 3485 1786 3553; x_wconf 80' lang='grc' dir='ltr'>ὅφιν</span> 
     </span>
    </p>
   </div>
   <div class='ocr_carea' id='block_1_67' title="bbox 192 3559 1787 3644">
    <p class='ocr_par' dir='ltr' id='par_1_67' title="bbox 192 3559 1787 3644">
     <span class='ocr_line' id='line_1_68' title="bbox 192 3559 1787 3644; baseline 0.006 -30"><span class='ocrx_word' id='word_1_466' title='bbox 192 3559 501 3634; x_wconf 73' lang='grc' dir='ltr'>Βλασφημεῖ</span> <span class='ocrx_word' id='word_1_467' title='bbox 554 3561 612 3617; x_wconf 73' lang='grc' dir='ltr'>δε</span> <span class='ocrx_word' id='word_1_468' title='bbox 660 3571 750 3618; x_wconf 88' lang='grc' dir='ltr'>καὶ</span> <span class='ocrx_word' id='word_1_469' title='bbox 800 3571 919 3628; x_wconf 84' lang='grc' dir='ltr'>τούς</span> <span class='ocrx_word' id='word_1_470' title='bbox 969 3571 1306 3642; x_wconf 86' lang='grc' dir='ltr'>πατριύρχας</span> <span class='ocrx_word' id='word_1_471' title='bbox 1361 3575 1450 3622; x_wconf 84' lang='grc' dir='ltr'>καὶ</span> <span class='ocrx_word' id='word_1_472' title='bbox 1496 3573 1617 3631; x_wconf 82' lang='grc' dir='ltr'>τοὺς</span> <span class='ocrx_word' id='word_1_473' title='bbox 1661 3590 1787 3644; x_wconf 87' lang='grc' dir='ltr'>προ-</span> 
     </span>
    </p>
   </div>
   <div class='ocr_carea' id='block_1_68' title="bbox 191 3652 1784 3728">
    <p class='ocr_par' dir='ltr' id='par_1_68' title="bbox 191 3652 1784 3728">
     <span class='ocr_line' id='line_1_69' title="bbox 243 3652 1755 3674; baseline 0.004 -6"><span class='ocrx_word' id='word_1_474' title='bbox 243 3653 253 3664; x_wconf 79' lang='grc'>.</span> <span class='ocrx_word' id='word_1_475' title='bbox 412 3653 423 3670; x_wconf 69' lang='grc' dir='ltr'><strong>ν</strong></span> <span class='ocrx_word' id='word_1_476' title='bbox 585 3657 592 3668; x_wconf 92' lang='grc'>.</span> <span class='ocrx_word' id='word_1_477' title='bbox 696 3652 718 3668; x_wconf 77' lang='grc' dir='ltr'>τ</span> <span class='ocrx_word' id='word_1_478' title='bbox 848 3665 867 3673; x_wconf 85' lang='lat'><em>_</em></span> <span class='ocrx_word' id='word_1_479' title='bbox 1005 3657 1016 3673; x_wconf 87' lang='lat'>,</span> <span class='ocrx_word' id='word_1_480' title='bbox 1196 3663 1205 3674; x_wconf 86' lang='lat'>.</span> <span class='ocrx_word' id='word_1_481' title='bbox 1357 3662 1364 3671; x_wconf 96' lang='lat'>.</span> <span class='ocrx_word' id='word_1_482' title='bbox 1524 3661 1533 3672; x_wconf 85' lang='lat'>.</span> <span class='ocrx_word' id='word_1_483' title='bbox 1735 3665 1755 3674; x_wconf 75' lang='lat'>-</span> 
     </span>
     <span class='ocr_line' id='line_1_70' title="bbox 191 3653 1784 3728; baseline 0.003 -22"><span class='ocrx_word' id='word_1_484' title='bbox 191 3669 378 3720; x_wconf 74' lang='grc' dir='ltr'>φητας.</span> <span class='ocrx_word' id='word_1_485' title='bbox 433 3653 503 3706; x_wconf 86' lang='grc' dir='ltr'>Εκ</span> <span class='ocrx_word' id='word_1_486' title='bbox 543 3673 633 3725; x_wconf 86' lang='grc' dir='ltr'>μεν</span> <span class='ocrx_word' id='word_1_487' title='bbox 663 3675 749 3706; x_wconf 90' lang='grc' dir='ltr'>ουν</span> <span class='ocrx_word' id='word_1_488' title='bbox 804 3675 902 3707; x_wconf 87' lang='grc' dir='ltr'>των</span> <span class='ocrx_word' id='word_1_489' title='bbox 956 3657 1276 3728; x_wconf 85' lang='grc' dir='ltr'>Ευαγγελιων</span> <span class='ocrx_word' id='word_1_490' title='bbox 1315 3677 1372 3710; x_wconf 91' lang='grc' dir='ltr'>το</span> <span class='ocrx_word' id='word_1_491' title='bbox 1413 3677 1547 3710; x_wconf 88' lang='grc' dir='ltr'>κατα</span> <span class='ocrx_word' id='word_1_492' title='bbox 1579 3665 1784 3711; x_wconf 87' lang='grc' dir='ltr'>Λουκαν</span> 
     </span>
    </p>
   </div>
   <div class='ocr_carea' id='block_1_69' title="bbox 187 3737 1787 3821">
    <p class='ocr_par' dir='ltr' id='par_1_69' title="bbox 187 3737 1787 3821">
     <span class='ocr_line' id='line_1_71' title="bbox 187 3737 1787 3821; baseline 0.008 -32"><span class='ocrx_word' id='word_1_493' title='bbox 187 3741 341 3809; x_wconf 90' lang='grc' dir='ltr'>μόνον</span> <span class='ocrx_word' id='word_1_494' title='bbox 406 3737 643 3813; x_wconf 84' lang='grc' dir='ltr'>δέχεται,</span> <span class='ocrx_word' id='word_1_495' title='bbox 716 3749 806 3802; x_wconf 84' lang='grc' dir='ltr'>τὴν</span> <span class='ocrx_word' id='word_1_496' title='bbox 856 3745 1183 3818; x_wconf 75' lang='grc' dir='ltr'>γενεαλογίαν</span> <span class='ocrx_word' id='word_1_497' title='bbox 1255 3766 1554 3821; x_wconf 86' lang='grc' dir='ltr'>περιαιρων.</span> <span class='ocrx_word' id='word_1_498' title='bbox 1611 3749 1787 3802; x_wconf 82' lang='grc' dir='ltr'>Ἐννέα</span> 
     </span>
    </p>
   </div>
   <div class='ocr_carea' id='block_1_70' title="bbox 188 3823 1784 3908">
    <p class='ocr_par' dir='ltr' id='par_1_70' title="bbox 188 3823 1784 3908">
     <span class='ocr_line' id='line_1_72' title="bbox 188 3823 1784 3908; baseline 0.008 -30"><span class='ocrx_word' id='word_1_499' title='bbox 188 3823 249 3879; x_wconf 69' lang='grc' dir='ltr'>δὲ</span> <span class='ocrx_word' id='word_1_500' title='bbox 278 3833 436 3900; x_wconf 76' lang='grc' dir='ltr'>μόνας</span> <span class='ocrx_word' id='word_1_501' title='bbox 483 3839 575 3883; x_wconf 84' lang='grc' dir='ltr'>τοῦ</span> <span class='ocrx_word' id='word_1_502' title='bbox 624 3832 946 3887; x_wconf 81' lang='grc' dir='ltr'>Ἀπόστόλου</span> <span class='ocrx_word' id='word_1_503' title='bbox 990 3841 1264 3908; x_wconf 87' lang='grc' dir='ltr'>προσίεται</span> <span class='ocrx_word' id='word_1_504' title='bbox 1317 3835 1644 3897; x_wconf 85' lang='grc' dir='ltr'>Ἐπιστολάς·</span> <span class='ocrx_word' id='word_1_505' title='bbox 1695 3842 1784 3890; x_wconf 85' lang='grc' dir='ltr'>καὶ</span> 
     </span>
    </p>
   </div>
   <div class='ocr_carea' id='block_1_71' title="bbox 187 3919 1782 3994">
    <p class='ocr_par' dir='ltr' id='par_1_71' title="bbox 187 3919 1782 3994">
     <span class='ocr_line' id='line_1_73' title="bbox 187 3919 1782 3994; baseline 0.007 -27"><span class='ocrx_word' id='word_1_506' title='bbox 187 3919 384 3969; x_wconf 88' lang='grc' dir='ltr'>τούτων</span> <span class='ocrx_word' id='word_1_507' title='bbox 440 3921 728 3994; x_wconf 73' lang='grc' dir='ltr'>περικόψας</span> <span class='ocrx_word' id='word_1_508' title='bbox 782 3926 847 3975; x_wconf 83' lang='grc' dir='ltr'>τὰ</span> <span class='ocrx_word' id='word_1_509' title='bbox 892 3924 1135 3982; x_wconf 88' lang='grc' dir='ltr'>πλεῖστα.</span> <span class='ocrx_word' id='word_1_510' title='bbox 1179 3929 1284 3984; x_wconf 80' lang='grc' dir='ltr'>Τὴν</span> <span class='ocrx_word' id='word_1_511' title='bbox 1324 3923 1384 3978; x_wconf 70' lang='grc' dir='ltr'>δὲ</span> <span class='ocrx_word' id='word_1_512' title='bbox 1415 3925 1639 3978; x_wconf 78' lang='grc' dir='ltr'>παλαιὰν</span> <span class='ocrx_word' id='word_1_513' title='bbox 1667 3933 1782 3978; x_wconf 85' lang='grc' dir='ltr'>Δια-</span> 
     </span>
    </p>
   </div>
   <div class='ocr_carea' id='block_1_72' title="bbox 191 4007 1778 4084">
    <p class='ocr_par' dir='ltr' id='par_1_72' title="bbox 191 4007 1778 4084">
     <span class='ocr_line' id='line_1_74' title="bbox 191 4007 1778 4084; baseline 0.006 -27"><span class='ocrx_word' id='word_1_514' title='bbox 191 4007 350 4064; x_wconf 80' lang='grc' dir='ltr'>θήκην</span> <span class='ocrx_word' id='word_1_515' title='bbox 415 4014 503 4062; x_wconf 82' lang='grc' dir='ltr'>καὶ</span> <span class='ocrx_word' id='word_1_516' title='bbox 554 4015 676 4074; x_wconf 84' lang='grc' dir='ltr'>τοὺς</span> <span class='ocrx_word' id='word_1_517' title='bbox 737 4018 1008 4084; x_wconf 78' lang='grc' dir='ltr'>Προφήτας</span> <span class='ocrx_word' id='word_1_518' title='bbox 1075 4013 1348 4066; x_wconf 79' lang='grc' dir='ltr'>ἀπελαύνει</span> <span class='ocrx_word' id='word_1_519' title='bbox 1426 4017 1778 4082; x_wconf 86' lang='grc' dir='ltr'>παντάπασιν,</span> 
     </span>
    </p>
   </div>
   <div class='ocr_carea' id='block_1_73' title="bbox 188 4096 1781 4177">
    <p class='ocr_par' dir='ltr' id='par_1_73' title="bbox 188 4096 1781 4177">
     <span class='ocr_line' id='line_1_75' title="bbox 188 4096 1781 4177; baseline 0.008 -31"><span class='ocrx_word' id='word_1_520' title='bbox 188 4097 257 4156; x_wconf 85' lang='grc' dir='ltr'>ὡς</span> <span class='ocrx_word' id='word_1_521' title='bbox 315 4096 414 4148; x_wconf 89' lang='grc' dir='ltr'>ύπό</span> <span class='ocrx_word' id='word_1_522' title='bbox 442 4096 711 4173; x_wconf 81' lang='grc' dir='ltr'>ἀλλοτρίου</span> <span class='ocrx_word' id='word_1_523' title='bbox 762 4098 1046 4174; x_wconf 82' lang='grc' dir='ltr'>δεδομένην</span> <span class='ocrx_word' id='word_1_524' title='bbox 1100 4111 1255 4156; x_wconf 82' lang='grc' dir='ltr'>Θεοῦ·</span> <span class='ocrx_word' id='word_1_525' title='bbox 1297 4109 1565 4177; x_wconf 75' lang='grc' dir='ltr'>Φαντασίᾳ</span> <span class='ocrx_word' id='word_1_526' title='bbox 1604 4102 1663 4158; x_wconf 71' lang='grc' dir='ltr'>δὲ</span> <span class='ocrx_word' id='word_1_527' title='bbox 1691 4111 1781 4158; x_wconf 83' lang='grc' dir='ltr'>καὶ</span> 
     </span>
    </p>
   </div>
   <div class='ocr_carea' id='block_1_74' title="bbox 185 4184 1779 4268">
    <p class='ocr_par' dir='ltr' id='par_1_74' title="bbox 185 4184 1779 4268">
     <span class='ocr_line' id='line_1_76' title="bbox 185 4184 1779 4268; baseline 0.008 -33"><span class='ocrx_word' id='word_1_528' title='bbox 185 4184 459 4258; x_wconf 80' lang='grc' dir='ltr'>ἄνθρωωον</span> <span class='ocrx_word' id='word_1_529' title='bbox 490 4191 578 4240; x_wconf 81' lang='grc' dir='ltr'>τὸν</span> <span class='ocrx_word' id='word_1_530' title='bbox 631 4195 860 4264; x_wconf 85' lang='grc' dir='ltr'>Χριστὸν</span> <span class='ocrx_word' id='word_1_531' title='bbox 897 4193 1165 4262; x_wconf 80' lang='grc' dir='ltr'>γενέσθαι,</span> <span class='ocrx_word' id='word_1_532' title='bbox 1206 4193 1410 4264; x_wconf 87' lang='grc' dir='ltr'>Ἐξάγει</span> <span class='ocrx_word' id='word_1_533' title='bbox 1443 4191 1501 4246; x_wconf 80' lang='grc' dir='ltr'>δὲ</span> <span class='ocrx_word' id='word_1_534' title='bbox 1527 4201 1618 4246; x_wconf 84' lang='grc' dir='ltr'>τοῦ</span> <span class='ocrx_word' id='word_1_535' title='bbox 1658 4194 1779 4268; x_wconf 85' lang='grc' dir='ltr'>βίου</span> 
     </span>
    </p>
   </div>
   <div class='ocr_carea' id='block_1_75' title="bbox 186 4275 1782 4355">
    <p class='ocr_par' dir='ltr' id='par_1_75' title="bbox 186 4275 1782 4355">
     <span class='ocr_line' id='line_1_77' title="bbox 186 4275 1782 4355; baseline 0.009 -32"><span class='ocrx_word' id='word_1_536' title='bbox 186 4279 277 4326; x_wconf 81' lang='grc' dir='ltr'>καὶ</span> <span class='ocrx_word' id='word_1_537' title='bbox 322 4280 416 4333; x_wconf 77' lang='grc' dir='ltr'>τὴν</span> <span class='ocrx_word' id='word_1_538' title='bbox 464 4275 772 4335; x_wconf 77' lang='grc' dir='ltr'>ἀνάστασιν.</span> <span class='ocrx_word' id='word_1_539' title='bbox 833 4282 992 4342; x_wconf 82' lang='grc' dir='ltr'>Οὗτος</span> <span class='ocrx_word' id='word_1_540' title='bbox 1037 4287 1125 4334; x_wconf 87' lang='grc' dir='ltr'>τόν</span> <span class='ocrx_word' id='word_1_541' title='bbox 1181 4286 1270 4355; x_wconf 77' lang='grc' dir='ltr'>μὲν</span> <span class='ocrx_word' id='word_1_542' title='bbox 1321 4285 1452 4338; x_wconf 86' lang='grc' dir='ltr'>Κάῐν</span> <span class='ocrx_word' id='word_1_543' title='bbox 1505 4290 1594 4336; x_wconf 84' lang='grc' dir='ltr'>καὶ</span> <span class='ocrx_word' id='word_1_544' title='bbox 1666 4290 1782 4348; x_wconf 86' lang='grc' dir='ltr'>τοὺς</span> 
     </span>
    </p>
   </div>
   <div class='ocr_carea' id='block_1_76' title="bbox 184 4359 1780 4448">
    <p class='ocr_par' dir='ltr' id='par_1_76' title="bbox 184 4359 1780 4448">
     <span class='ocr_line' id='line_1_78' title="bbox 184 4359 1780 4448; baseline 0.008 -34"><span class='ocrx_word' id='word_1_545' title='bbox 184 4359 473 4436; x_wconf 83' lang='grc' dir='ltr'>Σοδομίτας</span> <span class='ocrx_word' id='word_1_546' title='bbox 528 4366 664 4440; x_wconf 82' lang='grc' dir='ltr'>λέγει</span> <span class='ocrx_word' id='word_1_547' title='bbox 721 4375 982 4443; x_wconf 83' lang='grc' dir='ltr'>σωτηρίας</span> <span class='ocrx_word' id='word_1_548' title='bbox 1031 4379 1317 4443; x_wconf 86' lang='grc' dir='ltr'>μετασχεῖν</span> <span class='ocrx_word' id='word_1_549' title='bbox 1371 4378 1682 4448; x_wconf 87' lang='grc' dir='ltr'>προσιόντας</span> <span class='ocrx_word' id='word_1_550' title='bbox 1731 4374 1780 4426; x_wconf 80' lang='grc' dir='ltr'>ἐν</span> 
     </span>
    </p>
   </div>
   <div class='ocr_carea' id='block_1_77' title="bbox 183 4448 1777 4533">
    <p class='ocr_par' dir='ltr' id='par_1_77' title="bbox 183 4448 1777 4533">
     <span class='ocr_line' id='line_1_79' title="bbox 183 4448 1777 4533; baseline 0.009 -31"><span class='ocrx_word' id='word_1_551' title='bbox 183 4448 293 4524; x_wconf 74' lang='grc' dir='ltr'>ἆδη</span> <span class='ocrx_word' id='word_1_552' title='bbox 323 4461 538 4527; x_wconf 83' lang='grc' dir='ltr'>Χριστῷ</span> <span class='ocrx_word' id='word_1_553' title='bbox 573 4474 585 4486; x_wconf 92' lang='grc'><strong>·</strong></span> <span class='ocrx_word' id='word_1_554' title='bbox 616 4457 727 4524; x_wconf 60' lang='grc' dir='ltr'>ῌτόν</span> <span class='ocrx_word' id='word_1_555' title='bbox 776 4459 933 4514; x_wconf 74' lang='grc' dir='ltr'>Ἅϐελ</span> <span class='ocrx_word' id='word_1_556' title='bbox 985 4457 1063 4525; x_wconf 66' lang='grc' dir='ltr'>δε,</span> <span class='ocrx_word' id='word_1_557' title='bbox 1104 4463 1192 4512; x_wconf 87' lang='grc' dir='ltr'>τὸν</span> <span class='ocrx_word' id='word_1_558' title='bbox 1233 4461 1402 4533; x_wconf 85' lang='grc' dir='ltr'>Ἑνὼχ</span> <span class='ocrx_word' id='word_1_559' title='bbox 1423 4467 1512 4514; x_wconf 86' lang='grc' dir='ltr'>καὶ</span> <span class='ocrx_word' id='word_1_560' title='bbox 1536 4466 1619 4514; x_wconf 89' lang='grc' dir='ltr'>νόν</span> <span class='ocrx_word' id='word_1_561' title='bbox 1644 4471 1777 4533; x_wconf 85' lang='grc' dir='ltr'>Νῶε,</span> 
     </span>
    </p>
   </div>
   <div class='ocr_carea' id='block_1_78' title="bbox 181 4543 1774 4625">
    <p class='ocr_par' dir='ltr' id='par_1_78' title="bbox 181 4543 1774 4625">
     <span class='ocr_line' id='line_1_80' title="bbox 181 4543 1774 4625; baseline 0.007 -33"><span class='ocrx_word' id='word_1_562' title='bbox 181 4543 305 4604; x_wconf 89' lang='grc' dir='ltr'>τούς</span> <span class='ocrx_word' id='word_1_563' title='bbox 335 4561 389 4594; x_wconf 86' lang='grc' dir='ltr'>τε</span> <span class='ocrx_word' id='word_1_564' title='bbox 434 4549 769 4620; x_wconf 86' lang='grc' dir='ltr'>πατριάρχας</span> <span class='ocrx_word' id='word_1_565' title='bbox 815 4553 905 4601; x_wconf 86' lang='grc' dir='ltr'>καὶ</span> <span class='ocrx_word' id='word_1_566' title='bbox 960 4554 1226 4622; x_wconf 79' lang='grc' dir='ltr'>προφήτας</span> <span class='ocrx_word' id='word_1_567' title='bbox 1271 4555 1360 4602; x_wconf 83' lang='grc' dir='ltr'>καὶ</span> <span class='ocrx_word' id='word_1_568' title='bbox 1401 4547 1660 4617; x_wconf 84' lang='grc' dir='ltr'>δικαίους,</span> <span class='ocrx_word' id='word_1_569' title='bbox 1703 4559 1774 4625; x_wconf 75' lang='grc' dir='ltr'>μὴ</span> 
     </span>
    </p>
   </div>
   <div class='ocr_carea' id='block_1_79' title="bbox 179 4631 1778 4708">
    <p class='ocr_par' dir='ltr' id='par_1_79' title="bbox 179 4631 1778 4708">
     <span class='ocr_line' id='line_1_81' title="bbox 179 4631 1778 4708; baseline 0.009 -28"><span class='ocrx_word' id='word_1_570' title='bbox 179 4631 559 4703; x_wconf 85' lang='grc' dir='ltr'>προσελθόντας</span> <span class='ocrx_word' id='word_1_571' title='bbox 638 4639 828 4708; x_wconf 79' lang='grc' dir='ltr'>ἐκείνῳ,</span> <span class='ocrx_word' id='word_1_572' title='bbox 903 4641 990 4690; x_wconf 89' lang='grc' dir='ltr'>τὸν</span> <span class='ocrx_word' id='word_1_573' title='bbox 1039 4635 1176 4708; x_wconf 69' lang='grc' dir='ltr'>ᾅδην</span> <span class='ocrx_word' id='word_1_574' title='bbox 1245 4639 1419 4696; x_wconf 84' lang='grc' dir='ltr'>οἰκεῖν,</span> <span class='ocrx_word' id='word_1_575' title='bbox 1499 4646 1597 4694; x_wconf 79' lang='grc' dir='ltr'>Καὶ</span> <span class='ocrx_word' id='word_1_576' title='bbox 1648 4642 1778 4695; x_wconf 86' lang='grc' dir='ltr'>οἰλλα</span> 
     </span>
    </p>
   </div>
   <div class='ocr_carea' id='block_1_80' title="bbox 178 4717 1776 4803">
    <p class='ocr_par' dir='ltr' id='par_1_80' title="bbox 178 4717 1776 4803">
     <span class='ocr_line' id='line_1_82' title="bbox 178 4717 1776 4803; baseline 0.009 -33"><span class='ocrx_word' id='word_1_577' title='bbox 178 4717 399 4774; x_wconf 86' lang='grc' dir='ltr'>πλεῖστα</span> <span class='ocrx_word' id='word_1_578' title='bbox 428 4727 559 4776; x_wconf 83' lang='grc' dir='ltr'>κατὰ</span> <span class='ocrx_word' id='word_1_579' title='bbox 603 4733 736 4779; x_wconf 85' lang='grc' dir='ltr'>Θεοῦ</span> <span class='ocrx_word' id='word_1_580' title='bbox 777 4725 1049 4784; x_wconf 79' lang='grc' dir='ltr'>ἐλύττησεν</span> <span class='ocrx_word' id='word_1_581' title='bbox 1079 4745 1093 4758; x_wconf 86' lang='grc'><strong>·</strong></span> <span class='ocrx_word' id='word_1_582' title='bbox 1135 4728 1201 4779; x_wconf 89' lang='grc' dir='ltr'>ὧν</span> <span class='ocrx_word' id='word_1_583' title='bbox 1254 4732 1321 4781; x_wconf 80' lang='grc' dir='ltr'>τὰ</span> <span class='ocrx_word' id='word_1_584' title='bbox 1375 4729 1531 4782; x_wconf 86' lang='grc' dir='ltr'>πλείω</span> <span class='ocrx_word' id='word_1_585' title='bbox 1560 4740 1776 4803; x_wconf 85' lang='grc' dir='ltr'>παρῆκα</span> 
     </span>
    </p>
   </div>
   <div class='ocr_carea' id='block_1_81' title="bbox 178 4810 1776 4890">
    <p class='ocr_par' dir='ltr' id='par_1_81' title="bbox 178 4810 1776 4890">
     <span class='ocr_line' id='line_1_83' title="bbox 178 4810 1776 4890; baseline 0.009 -31"><span class='ocrx_word' id='word_1_586' title='bbox 178 4815 333 4880; x_wconf 75' lang='grc' dir='ltr'>σιγῇ.</span> <span class='ocrx_word' id='word_1_587' title='bbox 367 4810 526 4865; x_wconf 80' lang='grc' dir='ltr'>Ἀλλὰ</span> <span class='ocrx_word' id='word_1_588' title='bbox 571 4819 660 4867; x_wconf 83' lang='grc' dir='ltr'>καὶ</span> <span class='ocrx_word' id='word_1_589' title='bbox 712 4817 742 4873; x_wconf 86' lang='grc' dir='ltr'>ἡ</span> <span class='ocrx_word' id='word_1_590' title='bbox 797 4819 984 4868; x_wconf 81' lang='grc' dir='ltr'>τούτου</span> <span class='ocrx_word' id='word_1_591' title='bbox 1017 4816 1216 4888; x_wconf 76' lang='grc' dir='ltr'>φάλαγξ</span> <span class='ocrx_word' id='word_1_592' title='bbox 1253 4818 1467 4890; x_wconf 78' lang='grc' dir='ltr'>ὕστερον</span> <span class='ocrx_word' id='word_1_593' title='bbox 1502 4820 1574 4882; x_wconf 88' lang='grc' dir='ltr'>εἰς</span> <span class='ocrx_word' id='word_1_594' title='bbox 1612 4821 1776 4874; x_wconf 85' lang='grc' dir='ltr'>πολλὰ</span> 
     </span>
    </p>
   </div>
   <div class='ocr_carea' id='block_1_82' title="bbox 179 4894 1773 4980">
    <p class='ocr_par' dir='ltr' id='par_1_82' title="bbox 179 4894 1773 4980">
     <span class='ocr_line' id='line_1_84' title="bbox 179 4894 1773 4980; baseline 0.009 -31"><span class='ocrx_word' id='word_1_595' title='bbox 179 4894 426 4972; x_wconf 76' lang='grc' dir='ltr'>διῃρέθη.</span> <span class='ocrx_word' id='word_1_596' title='bbox 478 4904 730 4967; x_wconf 85' lang='grc' dir='ltr'>Ἀπελλῆς</span> <span class='ocrx_word' id='word_1_597' title='bbox 780 4908 879 4979; x_wconf 77' lang='grc' dir='ltr'>γὰρ</span> <span class='ocrx_word' id='word_1_598' title='bbox 923 4926 1004 4968; x_wconf 87' lang='grc' dir='ltr'>τις</span> <span class='ocrx_word' id='word_1_599' title='bbox 1062 4915 1172 4968; x_wconf 89' lang='grc' dir='ltr'>τοῖς</span> <span class='ocrx_word' id='word_1_600' title='bbox 1227 4907 1422 4960; x_wconf 81' lang='grc' dir='ltr'>ἐκείνου</span> <span class='ocrx_word' id='word_1_601' title='bbox 1476 4911 1773 4980; x_wconf 47' lang='lat' dir='ltr'>ars/swine;</span> 
     </span>
    </p>
   </div>
   <div class='ocr_carea' id='block_1_83' title="bbox 176 4990 1773 5070">
    <p class='ocr_par' dir='ltr' id='par_1_83' title="bbox 176 4990 1773 5070">
     <span class='ocr_line' id='line_1_85' title="bbox 176 4990 1773 5070; baseline 0.009 -32"><span class='ocrx_word' id='word_1_602' title='bbox 176 4990 436 5060; x_wconf 85' lang='grc' dir='ltr'>τέσσαρσι</span> <span class='ocrx_word' id='word_1_603' title='bbox 486 4997 576 5044; x_wconf 83' lang='grc' dir='ltr'>καὶ</span> <span class='ocrx_word' id='word_1_604' title='bbox 626 4995 792 5066; x_wconf 82' lang='grc' dir='ltr'>ἕτερον</span> <span class='ocrx_word' id='word_1_605' title='bbox 849 4998 1138 5070; x_wconf 82' lang='grc' dir='ltr'>προσέθηκε</span> <span class='ocrx_word' id='word_1_606' title='bbox 1186 4999 1415 5070; x_wconf 85' lang='grc' dir='ltr'>πύρινον.</span> <span class='ocrx_word' id='word_1_607' title='bbox 1468 4997 1670 5070; x_wconf 79' lang='grc' dir='ltr'>βιϐλίον</span> <span class='ocrx_word' id='word_1_608' title='bbox 1712 4997 1773 5052; x_wconf 82' lang='grc' dir='ltr'>δέ</span> 
     </span>
    </p>
   </div>
   <div class='ocr_carea' id='block_1_84' title="bbox 177 5080 1773 5163">
    <p class='ocr_par' dir='ltr' id='par_1_84' title="bbox 177 5080 1773 5163">
     <span class='ocr_line' id='line_1_86' title="bbox 177 5080 1773 5163; baseline 0.009 -37"><span class='ocrx_word' id='word_1_609' title='bbox 177 5095 232 5127; x_wconf 93' lang='grc' dir='ltr'>τι</span> <span class='ocrx_word' id='word_1_610' title='bbox 292 5080 493 5141; x_wconf 83' lang='grc' dir='ltr'>συνθεὶς</span> <span class='ocrx_word' id='word_1_611' title='bbox 547 5081 861 5155; x_wconf 72' lang='grc' dir='ltr'>Φιλουμένης</span> <span class='ocrx_word' id='word_1_612' title='bbox 917 5089 1228 5158; x_wconf 73' lang='grc' dir='ltr'>προφητείαν</span> <span class='ocrx_word' id='word_1_613' title='bbox 1286 5090 1543 5158; x_wconf 79' lang='grc' dir='ltr'>ὠνόμασε.</span> <span class='ocrx_word' id='word_1_614' title='bbox 1612 5095 1773 5163; x_wconf 88' lang='grc' dir='ltr'>Περι-</span> 
     </span>
    </p>
   </div>
   <div class='ocr_carea' id='block_1_85' title="bbox 179 5165 1766 5249">
    <p class='ocr_par' dir='ltr' id='par_1_85' title="bbox 179 5165 1766 5249">
     <span class='ocr_line' id='line_1_87' title="bbox 179 5165 1766 5249; baseline 0.009 -34"><span class='ocrx_word' id='word_1_615' title='bbox 179 5167 372 5218; x_wconf 86' lang='grc' dir='ltr'>τέθεικε</span> <span class='ocrx_word' id='word_1_616' title='bbox 427 5165 484 5220; x_wconf 75' lang='grc' dir='ltr'>δε</span> <span class='ocrx_word' id='word_1_617' title='bbox 540 5179 611 5242; x_wconf 83' lang='grc' dir='ltr'>τῷ</span> <span class='ocrx_word' id='word_1_618' title='bbox 665 5180 878 5245; x_wconf 83' lang='grc' dir='ltr'>Χριστῷ</span> <span class='ocrx_word' id='word_1_619' title='bbox 931 5177 1016 5224; x_wconf 80' lang='grc' dir='ltr'>καὶ</span> <span class='ocrx_word' id='word_1_620' title='bbox 1076 5182 1228 5246; x_wconf 78' lang='grc' dir='ltr'>σῶμα</span> <span class='ocrx_word' id='word_1_621' title='bbox 1275 5175 1368 5227; x_wconf 86' lang='grc' dir='ltr'>ούκ</span> <span class='ocrx_word' id='word_1_622' title='bbox 1427 5174 1766 5249; x_wconf 76' lang='grc' dir='ltr'>ἀνθρώπινον,</span> 
     </span>
    </p>
   </div>
   <div class='ocr_carea' id='block_1_86' title="bbox 181 5252 1432 5335">
    <p class='ocr_par' dir='ltr' id='par_1_86' title="bbox 181 5252 1432 5335">
     <span class='ocr_line' id='line_1_88' title="bbox 181 5252 1432 5335; baseline 0.01 -31"><span class='ocrx_word' id='word_1_623' title='bbox 181 5252 290 5305; x_wconf 80' lang='grc' dir='ltr'>ἀλλ’</span> <span class='ocrx_word' id='word_1_624' title='bbox 313 5254 370 5308; x_wconf 82' lang='grc' dir='ltr'>ἐκ</span> <span class='ocrx_word' id='word_1_625' title='bbox 399 5266 492 5320; x_wconf 84' lang='grc' dir='ltr'>τῆς</span> <span class='ocrx_word' id='word_1_626' title='bbox 521 5267 613 5312; x_wconf 82' lang='grc' dir='ltr'>τοῦ</span> <span class='ocrx_word' id='word_1_627' title='bbox 642 5263 764 5335; x_wconf 87' lang='grc' dir='ltr'>παρ’</span> <span class='ocrx_word' id='word_1_628' title='bbox 795 5262 973 5323; x_wconf 75' lang='grc' dir='ltr'>αὐτοῖς</span> <span class='ocrx_word' id='word_1_629' title='bbox 1000 5266 1204 5335; x_wconf 88' lang='grc' dir='ltr'>κόσμου</span> <span class='ocrx_word' id='word_1_630' title='bbox 1233 5263 1432 5325; x_wconf 86' lang='grc' dir='ltr'>ούσίας.</span> 
     </span>
    </p>
   </div>
   <div class='ocr_carea' id='block_1_87' title="bbox 253 5545 1778 5617">
    <p class='ocr_par' dir='ltr' id='par_1_87' title="bbox 253 5545 1778 5617">
     <span class='ocr_line' id='line_1_89' title="bbox 253 5545 1778 5617; baseline 0.005 -18"><span class='ocrx_word' id='word_1_631' title='bbox 253 5547 336 5617; x_wconf 80' lang='grc'>(1)</span> <span class='ocrx_word' id='word_1_632' title='bbox 369 5568 388 5595; x_wconf 78' lang='grc' dir='ltr'>ι</span> <span class='ocrx_word' id='word_1_633' title='bbox 426 5545 606 5616; x_wconf 79' lang='lat' dir='ltr'>Igitur</span> <span class='ocrx_word' id='word_1_634' title='bbox 626 5546 701 5603; x_wconf 91' lang='lat' dir='ltr'>de</span> <span class='ocrx_word' id='word_1_635' title='bbox 733 5545 1010 5613; x_wconf 88' lang='lat' dir='ltr'>calcaria,</span> <span class='ocrx_word' id='word_1_636' title='bbox 1041 5547 1208 5617; x_wconf 89' lang='lat' dir='ltr'>quod</span> <span class='ocrx_word' id='word_1_637' title='bbox 1237 5548 1353 5604; x_wconf 91' lang='lat' dir='ltr'>dici</span> <span class='ocrx_word' id='word_1_638' title='bbox 1385 5548 1534 5606; x_wconf 88' lang='lat' dir='ltr'>solet</span> <span class='ocrx_word' id='word_1_639' title='bbox 1563 5549 1623 5605; x_wconf 91' lang='lat' dir='ltr'>in</span> <span class='ocrx_word' id='word_1_640' title='bbox 1653 5564 1778 5606; x_wconf 89' lang='lat' dir='ltr'>car-</span> 
     </span>
    </p>
   </div>
   <div class='ocr_carea' id='block_1_88' title="bbox 175 5617 1778 5694">
    <p class='ocr_par' dir='ltr' id='par_1_88' title="bbox 175 5617 1778 5694">
     <span class='ocr_line' id='line_1_90' title="bbox 175 5617 1778 5694; baseline 0.004 -21"><span class='ocrx_word' id='word_1_641' title='bbox 175 5617 521 5684; x_wconf 89' lang='lat' dir='ltr'>bonariam,</span> <span class='ocrx_word' id='word_1_642' title='bbox 576 5633 612 5676; x_wconf 91' lang='lat' dir='ltr'>a</span> <span class='ocrx_word' id='word_1_643' title='bbox 660 5618 957 5678; x_wconf 80' lang='lat' dir='ltr'>Marciane</span> <span class='ocrx_word' id='word_1_644' title='bbox 997 5617 1079 5678; x_wconf 88' lang='lat' dir='ltr'>ad</span> <span class='ocrx_word' id='word_1_645' title='bbox 1103 5620 1361 5694; x_wconf 82' lang='lat' dir='ltr'>Apellem</span> <span class='ocrx_word' id='word_1_646' title='bbox 1395 5641 1410 5678; x_wconf 88' lang='lat'><strong>:</strong></span> <span class='ocrx_word' id='word_1_647' title='bbox 1443 5621 1558 5677; x_wconf 90' lang='lat' dir='ltr'>hoc</span> <span class='ocrx_word' id='word_1_648' title='bbox 1601 5626 1707 5690; x_wconf 84' lang='lat' dir='ltr'>est,</span> <span class='ocrx_word' id='word_1_649' title='bbox 1740 5637 1778 5679; x_wconf 88' lang='lat' dir='ltr'>a</span> 
     </span>
    </p>
   </div>
   <div class='ocr_carea' id='block_1_89' title="bbox 1895 3207 3547 3282">
    <p class='ocr_par' dir='ltr' id='par_1_89' title="bbox 1895 3207 3547 3282">
     <span class='ocr_line' id='line_1_91' title="bbox 1895 3207 3547 3282; baseline 0.001 -20"><span class='ocrx_word' id='word_1_650' title='bbox 1895 3207 2084 3263; x_wconf 80' lang='lat' dir='ltr'>Adam</span> <span class='ocrx_word' id='word_1_651' title='bbox 2115 3229 2129 3264; x_wconf 92' lang='lat'><strong>:</strong></span> <span class='ocrx_word' id='word_1_652' title='bbox 2166 3210 2262 3264; x_wconf 91' lang='lat' dir='ltr'>cui</span> <span class='ocrx_word' id='word_1_653' title='bbox 2291 3225 2361 3264; x_wconf 86' lang='lat' dir='ltr'>ex</span> <span class='ocrx_word' id='word_1_654' title='bbox 2400 3210 2642 3282; x_wconf 86' lang='lat' dir='ltr'>propria</span> <span class='ocrx_word' id='word_1_655' title='bbox 2659 3209 2995 3266; x_wconf 88' lang='lat' dir='ltr'>substantia</span> <span class='ocrx_word' id='word_1_656' title='bbox 3019 3208 3292 3265; x_wconf 90' lang='lat' dir='ltr'>animam</span> <span class='ocrx_word' id='word_1_657' title='bbox 3316 3207 3547 3264; x_wconf 89' lang='lat' dir='ltr'>indide-</span> 
     </span>
    </p>
   </div>
   <div class='ocr_carea' id='block_1_90' title="bbox 1891 3297 3541 3371">
    <p class='ocr_par' dir='ltr' id='par_1_90' title="bbox 1891 3297 3541 3371">
     <span class='ocr_line' id='line_1_92' title="bbox 1891 3297 3541 3371; baseline 0.001 -19"><span class='ocrx_word' id='word_1_658' title='bbox 1891 3298 1986 3365; x_wconf 92' lang='lat' dir='ltr'>rit,</span> <span class='ocrx_word' id='word_1_659' title='bbox 2015 3298 2172 3353; x_wconf 90' lang='lat' dir='ltr'>unde</span> <span class='ocrx_word' id='word_1_660' title='bbox 2203 3306 2490 3370; x_wconf 86' lang='lat' dir='ltr'>perpetua</span> <span class='ocrx_word' id='word_1_661' title='bbox 2520 3299 2619 3356; x_wconf 90' lang='lat' dir='ltr'>illa</span> <span class='ocrx_word' id='word_1_662' title='bbox 2643 3315 2850 3371; x_wconf 82' lang='lat' dir='ltr'>pugna</span> <span class='ocrx_word' id='word_1_663' title='bbox 2887 3300 3038 3354; x_wconf 89' lang='lat' dir='ltr'>inter</span> <span class='ocrx_word' id='word_1_664' title='bbox 3068 3313 3288 3370; x_wconf 89' lang='lat' dir='ltr'>corpus</span> <span class='ocrx_word' id='word_1_665' title='bbox 3320 3303 3378 3354; x_wconf 93' lang='lat' dir='ltr'>et</span> <span class='ocrx_word' id='word_1_666' title='bbox 3406 3297 3541 3354; x_wconf 89' lang='lat' dir='ltr'>ani-</span> 
     </span>
    </p>
   </div>
   <div class='ocr_carea' id='block_1_91' title="bbox 1895 3389 3544 3460">
    <p class='ocr_par' dir='ltr' id='par_1_91' title="bbox 1895 3389 3544 3460">
     <span class='ocr_line' id='line_1_93' title="bbox 1895 3389 3544 3460; baseline 0.002 -18"><span class='ocrx_word' id='word_1_667' title='bbox 1895 3404 2058 3443; x_wconf 89' lang='lat' dir='ltr'>mam</span> <span class='ocrx_word' id='word_1_668' title='bbox 2083 3394 2292 3444; x_wconf 83' lang='lat' dir='ltr'>exstet.</span> <span class='ocrx_word' id='word_1_669' title='bbox 2320 3391 2612 3445; x_wconf 84' lang='lat' dir='ltr'>Meliorem</span> <span class='ocrx_word' id='word_1_670' title='bbox 2643 3405 2780 3445; x_wconf 90' lang='lat' dir='ltr'>vero</span> <span class='ocrx_word' id='word_1_671' title='bbox 2809 3389 2992 3446; x_wconf 89' lang='lat' dir='ltr'>etiam</span> <span class='ocrx_word' id='word_1_672' title='bbox 3018 3393 3357 3460; x_wconf 86' lang='lat' dir='ltr'>serpentem</span> <span class='ocrx_word' id='word_1_673' title='bbox 3383 3402 3544 3445; x_wconf 86' lang='lat' dir='ltr'>crea-</span> 
     </span>
    </p>
   </div>
   <div class='ocr_carea' id='block_1_92' title="bbox 1895 3476 3543 3551">
    <p class='ocr_par' dir='ltr' id='par_1_92' title="bbox 1895 3476 3543 3551">
     <span class='ocr_line' id='line_1_94' title="bbox 1895 3476 3543 3551; baseline 0.001 -20"><span class='ocrx_word' id='word_1_674' title='bbox 1895 3481 2017 3532; x_wconf 89' lang='lat' dir='ltr'>tore</span> <span class='ocrx_word' id='word_1_675' title='bbox 2045 3478 2178 3548; x_wconf 92' lang='lat' dir='ltr'>ipso</span> <span class='ocrx_word' id='word_1_676' title='bbox 2209 3478 2397 3546; x_wconf 74' lang='lat' dir='ltr'>ﬁngit,</span> <span class='ocrx_word' id='word_1_677' title='bbox 2436 3478 2758 3551; x_wconf 91' lang='lat' dir='ltr'>ipsumque</span> <span class='ocrx_word' id='word_1_678' title='bbox 2779 3479 2930 3534; x_wconf 90' lang='lat' dir='ltr'>adeo</span> <span class='ocrx_word' id='word_1_679' title='bbox 2945 3482 3284 3550; x_wconf 88' lang='lat' dir='ltr'>serpentem</span> <span class='ocrx_word' id='word_1_680' title='bbox 3314 3476 3543 3532; x_wconf 91' lang='lat' dir='ltr'>honore</span> 
     </span>
    </p>
   </div>
   <div class='ocr_carea' id='block_1_93' title="bbox 1894 3564 3543 3640">
    <p class='ocr_par' dir='ltr' id='par_1_93' title="bbox 1894 3564 3543 3640">
     <span class='ocr_line' id='line_1_95' title="bbox 1894 3564 3543 3640; baseline 0.001 -21"><span class='ocrx_word' id='word_1_681' title='bbox 1894 3566 2073 3621; x_wconf 89' lang='lat' dir='ltr'>etiam</span> <span class='ocrx_word' id='word_1_682' title='bbox 2108 3569 2505 3639; x_wconf 90' lang='lat' dir='ltr'>prosequitur.</span> <span class='ocrx_word' id='word_1_683' title='bbox 2556 3567 2949 3640; x_wconf 89' lang='lat' dir='ltr'>Blasphemiis</span> <span class='ocrx_word' id='word_1_684' title='bbox 2995 3574 3052 3623; x_wconf 92' lang='lat' dir='ltr'>et</span> <span class='ocrx_word' id='word_1_685' title='bbox 3089 3567 3289 3638; x_wconf 90' lang='lat' dir='ltr'>impiis</span> <span class='ocrx_word' id='word_1_686' title='bbox 3340 3564 3543 3621; x_wconf 83' lang='lat' dir='ltr'>verbis</span> 
     </span>
    </p>
   </div>
   <div class='ocr_carea' id='block_1_94' title="bbox 1893 3654 3540 3728">
    <p class='ocr_par' dir='ltr' id='par_1_94' title="bbox 1893 3654 3540 3728">
     <span class='ocr_line' id='line_1_96' title="bbox 1893 3654 3540 3728; baseline 0 -20"><span class='ocrx_word' id='word_1_687' title='bbox 1893 3655 2185 3710; x_wconf 86' lang='lat' dir='ltr'>invehitur</span> <span class='ocrx_word' id='word_1_688' title='bbox 2217 3657 2272 3710; x_wconf 93' lang='lat' dir='ltr'>in</span> <span class='ocrx_word' id='word_1_689' title='bbox 2295 3657 2658 3726; x_wconf 86' lang='lat' dir='ltr'>patriarchas</span> <span class='ocrx_word' id='word_1_690' title='bbox 2673 3658 3087 3728; x_wconf 89' lang='lat' dir='ltr'>etprophetas.</span> <span class='ocrx_word' id='word_1_691' title='bbox 3105 3659 3184 3711; x_wconf 82' lang='lat' dir='ltr'><strong>Ex</strong></span> <span class='ocrx_word' id='word_1_692' title='bbox 3208 3654 3540 3726; x_wconf 84' lang='lat' dir='ltr'>Evangeliis</span> 
     </span>
    </p>
   </div>
   <div class='ocr_carea' id='block_1_95' title="bbox 1892 3743 3544 3816">
    <p class='ocr_par' dir='ltr' id='par_1_95' title="bbox 1892 3743 3544 3816">
     <span class='ocr_line' id='line_1_97' title="bbox 1892 3743 3544 3816; baseline 0.001 -20"><span class='ocrx_word' id='word_1_693' title='bbox 1892 3743 2084 3800; x_wconf 91' lang='lat' dir='ltr'>solum</span> <span class='ocrx_word' id='word_1_694' title='bbox 2101 3744 2160 3799; x_wconf 89' lang='lat' dir='ltr'>id</span> <span class='ocrx_word' id='word_1_695' title='bbox 2176 3745 2340 3816; x_wconf 90' lang='lat' dir='ltr'>quod</span> <span class='ocrx_word' id='word_1_696' title='bbox 2363 3746 2696 3801; x_wconf 88' lang='lat' dir='ltr'>secundum</span> <span class='ocrx_word' id='word_1_697' title='bbox 2723 3746 2944 3801; x_wconf 86' lang='lat' dir='ltr'>Lucam</span> <span class='ocrx_word' id='word_1_698' title='bbox 2975 3751 3082 3810; x_wconf 88' lang='lat' dir='ltr'>est,</span> <span class='ocrx_word' id='word_1_699' title='bbox 3097 3745 3314 3816; x_wconf 90' lang='lat' dir='ltr'>rejecta</span> <span class='ocrx_word' id='word_1_700' title='bbox 3341 3749 3544 3799; x_wconf 88' lang='lat' dir='ltr'>tamen</span> 
     </span>
    </p>
   </div>
   <div class='ocr_carea' id='block_1_96' title="bbox 1890 3832 3545 3906">
    <p class='ocr_par' dir='ltr' id='par_1_96' title="bbox 1890 3832 3545 3906">
     <span class='ocr_line' id='line_1_98' title="bbox 1890 3832 3545 3906; baseline 0.001 -20"><span class='ocrx_word' id='word_1_701' title='bbox 1890 3832 2269 3903; x_wconf 84' lang='lat' dir='ltr'>Genealogia,</span> <span class='ocrx_word' id='word_1_702' title='bbox 2299 3834 2520 3906; x_wconf 92' lang='lat' dir='ltr'>recipit.</span> <span class='ocrx_word' id='word_1_703' title='bbox 2544 3838 2765 3890; x_wconf 87' lang='lat' dir='ltr'>Novem</span> <span class='ocrx_word' id='word_1_704' title='bbox 2781 3839 3010 3890; x_wconf 90' lang='lat' dir='ltr'>tantum</span> <span class='ocrx_word' id='word_1_705' title='bbox 3032 3833 3298 3904; x_wconf 82' lang='lat' dir='ltr'>Apostoli</span> <span class='ocrx_word' id='word_1_706' title='bbox 3321 3833 3545 3905; x_wconf 64' lang='lat' dir='ltr'>Epistoo</span> 
     </span>
    </p>
   </div>
   <div class='ocr_carea' id='block_1_97' title="bbox 1889 3921 3538 3996">
    <p class='ocr_par' dir='ltr' id='par_1_97' title="bbox 1889 3921 3538 3996">
     <span class='ocr_line' id='line_1_99' title="bbox 1889 3921 3538 3996; baseline 0.001 -19"><span class='ocrx_word' id='word_1_707' title='bbox 1889 3921 1979 3978; x_wconf 90' lang='lat' dir='ltr'>las</span> <span class='ocrx_word' id='word_1_708' title='bbox 2007 3923 2241 3994; x_wconf 89' lang='lat' dir='ltr'>probat,</span> <span class='ocrx_word' id='word_1_709' title='bbox 2273 3931 2449 3996; x_wconf 86' lang='lat' dir='ltr'>atque</span> <span class='ocrx_word' id='word_1_710' title='bbox 2480 3925 2539 3978; x_wconf 90' lang='lat' dir='ltr'>in</span> <span class='ocrx_word' id='word_1_711' title='bbox 2567 3925 2635 3978; x_wconf 92' lang='lat' dir='ltr'>iis</span> <span class='ocrx_word' id='word_1_712' title='bbox 2666 3930 2892 3979; x_wconf 89' lang='lat' dir='ltr'>resecat</span> <span class='ocrx_word' id='word_1_713' title='bbox 2910 3924 3045 3980; x_wconf 87' lang='lat' dir='ltr'>loca</span> <span class='ocrx_word' id='word_1_714' title='bbox 3064 3922 3538 3995; x_wconf 87' lang='lat' dir='ltr'>quamplurima.</span> 
     </span>
    </p>
   </div>
   <div class='ocr_carea' id='block_1_98' title="bbox 1892 4012 3534 4085">
    <p class='ocr_par' dir='ltr' id='par_1_98' title="bbox 1892 4012 3534 4085">
     <span class='ocr_line' id='line_1_100' title="bbox 1892 4012 3534 4085; baseline 0.002 -20"><span class='ocrx_word' id='word_1_715' title='bbox 1892 4013 2066 4066; x_wconf 86' lang='lat' dir='ltr'>Vetus</span> <span class='ocrx_word' id='word_1_716' title='bbox 2099 4012 2543 4069; x_wconf 86' lang='lat' dir='ltr'>Testamentum</span> <span class='ocrx_word' id='word_1_717' title='bbox 2569 4019 2627 4068; x_wconf 91' lang='lat' dir='ltr'>et</span> <span class='ocrx_word' id='word_1_718' title='bbox 2667 4013 2986 4085; x_wconf 87' lang='lat' dir='ltr'>Prophetas</span> <span class='ocrx_word' id='word_1_719' title='bbox 3024 4012 3230 4083; x_wconf 89' lang='lat' dir='ltr'>abjicit</span> <span class='ocrx_word' id='word_1_720' title='bbox 3262 4012 3534 4076; x_wconf 89' lang='lat' dir='ltr'>omnino,</span> 
     </span>
    </p>
   </div>
   <div class='ocr_carea' id='block_1_99' title="bbox 1889 4099 3540 4173">
    <p class='ocr_par' dir='ltr' id='par_1_99' title="bbox 1889 4099 3540 4173">
     <span class='ocr_line' id='line_1_101' title="bbox 1889 4099 3540 4173; baseline 0.001 -19"><span class='ocrx_word' id='word_1_721' title='bbox 1889 4100 2066 4156; x_wconf 88' lang='lat' dir='ltr'>veluti</span> <span class='ocrx_word' id='word_1_722' title='bbox 2103 4101 2180 4157; x_wconf 91' lang='lat' dir='ltr'>ab</span> <span class='ocrx_word' id='word_1_723' title='bbox 2205 4101 2399 4157; x_wconf 88' lang='lat' dir='ltr'>alieno</span> <span class='ocrx_word' id='word_1_724' title='bbox 2437 4102 2628 4157; x_wconf 92' lang='lat' dir='ltr'>editos</span> <span class='ocrx_word' id='word_1_725' title='bbox 2670 4104 2787 4157; x_wconf 86' lang='lat' dir='ltr'>Deo</span> <span class='ocrx_word' id='word_1_726' title='bbox 2823 4117 2836 4156; x_wconf 93' lang='lat'>:</span> <span class='ocrx_word' id='word_1_727' title='bbox 2875 4101 3176 4158; x_wconf 88' lang='lat' dir='ltr'>Christum</span> <span class='ocrx_word' id='word_1_728' title='bbox 3220 4099 3540 4173; x_wconf 88' lang='lat' dir='ltr'>phantasia</span> 
     </span>
    </p>
   </div>
   <div class='ocr_carea' id='block_1_100' title="bbox 1889 4189 3542 4263">
    <p class='ocr_par' dir='ltr' id='par_1_100' title="bbox 1889 4189 3542 4263">
     <span class='ocr_line' id='line_1_102' title="bbox 1889 4189 3542 4263; baseline 0.002 -20"><span class='ocrx_word' id='word_1_729' title='bbox 1889 4195 2118 4244; x_wconf 90' lang='lat' dir='ltr'>tantum</span> <span class='ocrx_word' id='word_1_730' title='bbox 2149 4195 2206 4245; x_wconf 91' lang='lat' dir='ltr'>et</span> <span class='ocrx_word' id='word_1_731' title='bbox 2247 4191 2445 4263; x_wconf 89' lang='lat' dir='ltr'>specie</span> <span class='ocrx_word' id='word_1_732' title='bbox 2476 4191 2781 4246; x_wconf 88' lang='lat' dir='ltr'>hominem</span> <span class='ocrx_word' id='word_1_733' title='bbox 2819 4189 3009 4247; x_wconf 88' lang='lat' dir='ltr'>fuisse</span> <span class='ocrx_word' id='word_1_734' title='bbox 3060 4196 3340 4261; x_wconf 84' lang='lat' dir='ltr'>nugatur.</span> <span class='ocrx_word' id='word_1_735' title='bbox 3372 4189 3542 4246; x_wconf 85' lang='lat' dir='ltr'>Tollit</span> 
     </span>
    </p>
   </div>
   <div class='ocr_carea' id='block_1_101' title="bbox 1888 4279 3538 4345">
    <p class='ocr_par' dir='ltr' id='par_1_101' title="bbox 1888 4279 3538 4345">
     <span class='ocr_line' id='line_1_103' title="bbox 1888 4279 3538 4345; baseline 0.001 -12"><span class='ocrx_word' id='word_1_736' title='bbox 1888 4280 2068 4334; x_wconf 89' lang='lat' dir='ltr'>etiam</span> <span class='ocrx_word' id='word_1_737' title='bbox 2092 4295 2123 4334; x_wconf 92' lang='lat' dir='ltr'>e</span> <span class='ocrx_word' id='word_1_738' title='bbox 2170 4279 2290 4336; x_wconf 85' lang='lat' dir='ltr'>vita</span> <span class='ocrx_word' id='word_1_739' title='bbox 2323 4280 2833 4336; x_wconf 85' lang='lat' dir='ltr'>resurrectionem.</span> <span class='ocrx_word' id='word_1_740' title='bbox 2880 4279 3066 4345; x_wconf 87' lang='lat' dir='ltr'>Idem,</span> <span class='ocrx_word' id='word_1_741' title='bbox 3095 4281 3236 4336; x_wconf 89' lang='lat' dir='ltr'>Cain</span> <span class='ocrx_word' id='word_1_742' title='bbox 3269 4284 3328 4335; x_wconf 88' lang='lat' dir='ltr'>et</span> <span class='ocrx_word' id='word_1_743' title='bbox 3355 4279 3538 4336; x_wconf 87' lang='lat' dir='ltr'>Sodo-</span> 
     </span>
    </p>
   </div>
   <div class='ocr_carea' id='block_1_102' title="bbox 1887 4367 3538 4441">
    <p class='ocr_par' dir='ltr' id='par_1_102' title="bbox 1887 4367 3538 4441">
     <span class='ocr_line' id='line_1_104' title="bbox 1887 4367 3538 4441; baseline 0.001 -18"><span class='ocrx_word' id='word_1_744' title='bbox 1887 4368 2066 4424; x_wconf 91' lang='lat' dir='ltr'>mitas</span> <span class='ocrx_word' id='word_1_745' title='bbox 2114 4369 2366 4424; x_wconf 84' lang='lat' dir='ltr'>salutem</span> <span class='ocrx_word' id='word_1_746' title='bbox 2420 4374 2772 4425; x_wconf 89' lang='lat' dir='ltr'>consecutos</span> <span class='ocrx_word' id='word_1_747' title='bbox 2821 4385 2950 4424; x_wconf 89' lang='lat' dir='ltr'>esse</span> <span class='ocrx_word' id='word_1_748' title='bbox 2990 4370 3212 4433; x_wconf 90' lang='lat' dir='ltr'>scribit,</span> <span class='ocrx_word' id='word_1_749' title='bbox 3253 4369 3418 4441; x_wconf 89' lang='lat' dir='ltr'>quod</span> <span class='ocrx_word' id='word_1_750' title='bbox 3457 4367 3538 4424; x_wconf 90' lang='lat' dir='ltr'>ad</span> 
     </span>
    </p>
   </div>
   <div class='ocr_carea' id='block_1_103' title="bbox 1887 4457 3532 4529">
    <p class='ocr_par' dir='ltr' id='par_1_103' title="bbox 1887 4457 3532 4529">
     <span class='ocr_line' id='line_1_105' title="bbox 1887 4457 3532 4529; baseline 0.001 -18"><span class='ocrx_word' id='word_1_751' title='bbox 1887 4457 2184 4512; x_wconf 88' lang='lat' dir='ltr'>Christum</span> <span class='ocrx_word' id='word_1_752' title='bbox 2216 4457 2380 4529; x_wconf 90' lang='lat' dir='ltr'>apud</span> <span class='ocrx_word' id='word_1_753' title='bbox 2424 4458 2642 4514; x_wconf 90' lang='lat' dir='ltr'>inferos</span> <span class='ocrx_word' id='word_1_754' title='bbox 2672 4459 3032 4514; x_wconf 91' lang='lat' dir='ltr'>accesserint</span> <span class='ocrx_word' id='word_1_755' title='bbox 3063 4475 3076 4514; x_wconf 94' lang='lat'>:</span> <span class='ocrx_word' id='word_1_756' title='bbox 3133 4458 3282 4514; x_wconf 82' lang='lat' dir='ltr'>Abel</span> <span class='ocrx_word' id='word_1_757' title='bbox 3311 4463 3532 4524; x_wconf 88' lang='lat' dir='ltr'>autem,</span> 
     </span>
    </p>
   </div>
   <div class='ocr_carea' id='block_1_104' title="bbox 1887 4547 3536 4620">
    <p class='ocr_par' dir='ltr' id='par_1_104' title="bbox 1887 4547 3536 4620">
     <span class='ocr_line' id='line_1_106' title="bbox 1887 4547 3536 4620; baseline 0.001 -20"><span class='ocrx_word' id='word_1_758' title='bbox 1887 4547 2104 4612; x_wconf 87' lang='lat' dir='ltr'>Enoch,</span> <span class='ocrx_word' id='word_1_759' title='bbox 2130 4550 2268 4611; x_wconf 88' lang='lat' dir='ltr'>Noe,</span> <span class='ocrx_word' id='word_1_760' title='bbox 2298 4548 2684 4618; x_wconf 87' lang='lat' dir='ltr'>patriarchas,</span> <span class='ocrx_word' id='word_1_761' title='bbox 2713 4548 3057 4620; x_wconf 89' lang='lat' dir='ltr'>prophetas,</span> <span class='ocrx_word' id='word_1_762' title='bbox 3077 4552 3134 4603; x_wconf 91' lang='lat' dir='ltr'>et</span> <span class='ocrx_word' id='word_1_763' title='bbox 3160 4547 3418 4619; x_wconf 89' lang='lat' dir='ltr'>reliquos</span> <span class='ocrx_word' id='word_1_764' title='bbox 3435 4550 3536 4616; x_wconf 80' lang='lat' dir='ltr'>ju-</span> 
     </span>
    </p>
   </div>
   <div class='ocr_carea' id='block_1_105' title="bbox 1885 4636 3530 4708">
    <p class='ocr_par' dir='ltr' id='par_1_105' title="bbox 1885 4636 3530 4708">
     <span class='ocr_line' id='line_1_107' title="bbox 1885 4636 3530 4708; baseline 0.001 -19"><span class='ocrx_word' id='word_1_765' title='bbox 1885 4641 2026 4700; x_wconf 91' lang='lat' dir='ltr'>stos,</span> <span class='ocrx_word' id='word_1_766' title='bbox 2067 4636 2231 4708; x_wconf 87' lang='lat' dir='ltr'>quod</span> <span class='ocrx_word' id='word_1_767' title='bbox 2285 4636 2363 4692; x_wconf 92' lang='lat' dir='ltr'>ad</span> <span class='ocrx_word' id='word_1_768' title='bbox 2411 4637 2576 4692; x_wconf 91' lang='lat' dir='ltr'>illum</span> <span class='ocrx_word' id='word_1_769' title='bbox 2626 4653 2746 4692; x_wconf 89' lang='lat' dir='ltr'>non</span> <span class='ocrx_word' id='word_1_770' title='bbox 2793 4638 3080 4703; x_wconf 83' lang='lat' dir='ltr'>venerint,</span> <span class='ocrx_word' id='word_1_771' title='bbox 3117 4637 3280 4708; x_wconf 91' lang='lat' dir='ltr'>apud</span> <span class='ocrx_word' id='word_1_772' title='bbox 3305 4636 3530 4691; x_wconf 89' lang='lat' dir='ltr'>inferos</span> 
     </span>
    </p>
   </div>
   <div class='ocr_carea' id='block_1_106' title="bbox 1885 4725 3532 4798">
    <p class='ocr_par' dir='ltr' id='par_1_106' title="bbox 1885 4725 3532 4798">
     <span class='ocr_line' id='line_1_108' title="bbox 1885 4725 3532 4798; baseline 0.001 -20"><span class='ocrx_word' id='word_1_773' title='bbox 1885 4739 2146 4780; x_wconf 88' lang='lat' dir='ltr'>manere.</span> <span class='ocrx_word' id='word_1_774' title='bbox 2187 4725 2298 4781; x_wconf 90' lang='lat' dir='ltr'>Sed</span> <span class='ocrx_word' id='word_1_775' title='bbox 2344 4731 2401 4781; x_wconf 91' lang='lat' dir='ltr'>et</span> <span class='ocrx_word' id='word_1_776' title='bbox 2443 4726 2562 4780; x_wconf 91' lang='lat' dir='ltr'>aliu</span> <span class='ocrx_word' id='word_1_777' title='bbox 2591 4725 3042 4798; x_wconf 88' lang='lat' dir='ltr'>quamplurima</span> <span class='ocrx_word' id='word_1_778' title='bbox 3084 4730 3293 4780; x_wconf 90' lang='lat' dir='ltr'>contra</span> <span class='ocrx_word' id='word_1_779' title='bbox 3346 4727 3532 4780; x_wconf 89' lang='lat' dir='ltr'>Deum</span> 
     </span>
    </p>
   </div>
   <div class='ocr_carea' id='block_1_107' title="bbox 1883 4814 3533 4886">
    <p class='ocr_par' dir='ltr' id='par_1_107' title="bbox 1883 4814 3533 4886">
     <span class='ocr_line' id='line_1_109' title="bbox 1883 4814 3533 4886; baseline 0.001 -18"><span class='ocrx_word' id='word_1_780' title='bbox 1883 4828 1989 4884; x_wconf 90' lang='lat' dir='ltr'>per</span> <span class='ocrx_word' id='word_1_781' title='bbox 2037 4816 2334 4870; x_wconf 88' lang='lat' dir='ltr'>insaniam</span> <span class='ocrx_word' id='word_1_782' title='bbox 2383 4817 2596 4870; x_wconf 89' lang='lat' dir='ltr'>mentis</span> <span class='ocrx_word' id='word_1_783' title='bbox 2625 4815 2893 4870; x_wconf 89' lang='lat' dir='ltr'>elatravit</span> <span class='ocrx_word' id='word_1_784' title='bbox 2921 4830 2936 4870; x_wconf 90' lang='lat'><strong>:</strong></span> <span class='ocrx_word' id='word_1_785' title='bbox 2963 4830 3221 4885; x_wconf 86' lang='lat' dir='ltr'>quorum</span> <span class='ocrx_word' id='word_1_786' title='bbox 3253 4814 3533 4886; x_wconf 85' lang='lat' dir='ltr'>pleraque</span> 
     </span>
    </p>
   </div>
   <div class='ocr_carea' id='block_1_108' title="bbox 1884 4903 3533 4962">
    <p class='ocr_par' dir='ltr' id='par_1_108' title="bbox 1884 4903 3533 4962">
     <span class='ocr_line' id='line_1_110' title="bbox 1884 4903 3533 4962; baseline 0.002 -4"><span class='ocrx_word' id='word_1_787' title='bbox 1884 4903 2115 4958; x_wconf 90' lang='lat' dir='ltr'>silentio</span> <span class='ocrx_word' id='word_1_788' title='bbox 2133 4904 2618 4960; x_wconf 84' lang='lat' dir='ltr'>commendanda</span> <span class='ocrx_word' id='word_1_789' title='bbox 2637 4904 2941 4960; x_wconf 84' lang='lat' dir='ltr'>duximus.</span> <span class='ocrx_word' id='word_1_790' title='bbox 2965 4905 3299 4960; x_wconf 90' lang='lat' dir='ltr'>Sectatores</span> <span class='ocrx_word' id='word_1_791' title='bbox 3332 4909 3533 4962; x_wconf 88' lang='lat' dir='ltr'>autem</span> 
     </span>
    </p>
   </div>
   <div class='ocr_carea' id='block_1_109' title="bbox 1882 4992 3534 5065">
    <p class='ocr_par' dir='ltr' id='par_1_109' title="bbox 1882 4992 3534 5065">
     <span class='ocr_line' id='line_1_111' title="bbox 1882 4992 3534 5065; baseline 0.001 -17"><span class='ocrx_word' id='word_1_792' title='bbox 1882 4994 2010 5062; x_wconf 88' lang='lat' dir='ltr'>ejus</span> <span class='ocrx_word' id='word_1_793' title='bbox 2041 4992 2099 5048; x_wconf 92' lang='lat' dir='ltr'>in</span> <span class='ocrx_word' id='word_1_794' title='bbox 2150 4993 2368 5048; x_wconf 88' lang='lat' dir='ltr'>multas</span> <span class='ocrx_word' id='word_1_795' title='bbox 2412 4993 2585 5048; x_wconf 88' lang='lat' dir='ltr'>divisi</span> <span class='ocrx_word' id='word_1_796' title='bbox 2637 4998 2777 5048; x_wconf 89' lang='lat' dir='ltr'>sunt</span> <span class='ocrx_word' id='word_1_797' title='bbox 2814 4999 3023 5049; x_wconf 88' lang='lat' dir='ltr'>sectas.</span> <span class='ocrx_word' id='word_1_798' title='bbox 3068 4993 3240 5064; x_wconf 75' lang='lat'><strong>327</strong></span> <span class='ocrx_word' id='word_1_799' title='bbox 3305 4993 3534 5065; x_wconf 83' lang='lat' dir='ltr'>Apelles</span> 
     </span>
    </p>
   </div>
   <div class='ocr_carea' id='block_1_110' title="bbox 1881 5083 3530 5155">
    <p class='ocr_par' dir='ltr' id='par_1_110' title="bbox 1881 5083 3530 5155">
     <span class='ocr_line' id='line_1_112' title="bbox 1881 5083 3530 5155; baseline 0.002 -18"><span class='ocrx_word' id='word_1_800' title='bbox 1881 5084 2041 5138; x_wconf 89' lang='lat' dir='ltr'>enim</span> <span class='ocrx_word' id='word_1_801' title='bbox 2095 5084 2342 5155; x_wconf 89' lang='lat' dir='ltr'>quidam</span> <span class='ocrx_word' id='word_1_802' title='bbox 2393 5083 2468 5154; x_wconf 88' lang='lat' dir='ltr'>(t)</span> <span class='ocrx_word' id='word_1_803' title='bbox 2517 5083 2670 5138; x_wconf 91' lang='lat' dir='ltr'>illius</span> <span class='ocrx_word' id='word_1_804' title='bbox 2705 5087 2962 5155; x_wconf 87' lang='lat' dir='ltr'>quatuor</span> <span class='ocrx_word' id='word_1_805' title='bbox 3000 5083 3277 5154; x_wconf 82' lang='lat' dir='ltr'>ingenitis</span> <span class='ocrx_word' id='word_1_806' title='bbox 3343 5083 3530 5140; x_wconf 89' lang='lat' dir='ltr'>alium</span> 
     </span>
    </p>
   </div>
   <div class='ocr_carea' id='block_1_111' title="bbox 1883 5173 3529 5244">
    <p class='ocr_par' dir='ltr' id='par_1_111' title="bbox 1883 5173 3529 5244">
     <span class='ocr_line' id='line_1_113' title="bbox 1883 5173 3529 5244; baseline 0.001 -17"><span class='ocrx_word' id='word_1_807' title='bbox 1883 5173 2115 5228; x_wconf 91' lang='lat' dir='ltr'>addidit</span> <span class='ocrx_word' id='word_1_808' title='bbox 2128 5173 2369 5244; x_wconf 84' lang='lat' dir='ltr'>igneum</span> <span class='ocrx_word' id='word_1_809' title='bbox 2387 5189 2400 5226; x_wconf 89' lang='lat'>:</span> <span class='ocrx_word' id='word_1_810' title='bbox 2420 5178 2475 5228; x_wconf 90' lang='lat' dir='ltr'>et</span> <span class='ocrx_word' id='word_1_811' title='bbox 2499 5173 2651 5228; x_wconf 92' lang='lat' dir='ltr'>libro</span> <span class='ocrx_word' id='word_1_812' title='bbox 2665 5189 2773 5230; x_wconf 89' lang='lat' dir='ltr'>ase</span> <span class='ocrx_word' id='word_1_813' title='bbox 2789 5173 3144 5244; x_wconf 90' lang='lat' dir='ltr'>composito,</span> <span class='ocrx_word' id='word_1_814' title='bbox 3161 5173 3529 5230; x_wconf 73' lang='lat' dir='ltr'>Philumenas</span> 
     </span>
    </p>
   </div>
   <div class='ocr_carea' id='block_1_112' title="bbox 1883 5261 3523 5334">
    <p class='ocr_par' dir='ltr' id='par_1_112' title="bbox 1883 5261 3523 5334">
     <span class='ocr_line' id='line_1_114' title="bbox 1883 5261 3523 5334; baseline 0.001 -18"><span class='ocrx_word' id='word_1_815' title='bbox 1883 5262 2196 5334; x_wconf 84' lang='lat' dir='ltr'>praphetia</span> <span class='ocrx_word' id='word_1_816' title='bbox 2246 5277 2468 5318; x_wconf 92' lang='lat' dir='ltr'>nomen</span> <span class='ocrx_word' id='word_1_817' title='bbox 2507 5261 2767 5321; x_wconf 88' lang='lat' dir='ltr'>indidit:</span> <span class='ocrx_word' id='word_1_818' title='bbox 2806 5261 3034 5318; x_wconf 88' lang='lat' dir='ltr'>Christo</span> <span class='ocrx_word' id='word_1_819' title='bbox 3061 5266 3262 5318; x_wconf 90' lang='lat' dir='ltr'>autem</span> <span class='ocrx_word' id='word_1_820' title='bbox 3301 5277 3523 5334; x_wconf 86' lang='lat' dir='ltr'>corpus</span> 
     </span>
    </p>
   </div>
   <div class='ocr_carea' id='block_1_113' title="bbox 1885 5351 3524 5424">
    <p class='ocr_par' dir='ltr' id='par_1_113' title="bbox 1885 5351 3524 5424">
     <span class='ocr_line' id='line_1_115' title="bbox 1885 5351 3524 5424; baseline 0.002 -19"><span class='ocrx_word' id='word_1_821' title='bbox 1885 5351 2082 5406; x_wconf 87' lang='lat' dir='ltr'>tribuit</span> <span class='ocrx_word' id='word_1_822' title='bbox 2107 5367 2229 5407; x_wconf 92' lang='lat' dir='ltr'>non</span> <span class='ocrx_word' id='word_1_823' title='bbox 2254 5351 2611 5417; x_wconf 88' lang='lat' dir='ltr'>humanum,</span> <span class='ocrx_word' id='word_1_824' title='bbox 2639 5351 2745 5407; x_wconf 89' lang='lat' dir='ltr'>sed</span> <span class='ocrx_word' id='word_1_825' title='bbox 2773 5366 2846 5408; x_wconf 78' lang='lat' dir='ltr'>ex</span> <span class='ocrx_word' id='word_1_826' title='bbox 2871 5351 3001 5422; x_wconf 91' lang='lat' dir='ltr'>ejus</span> <span class='ocrx_word' id='word_1_827' title='bbox 3032 5351 3135 5424; x_wconf 90' lang='lat' dir='ltr'>qui</span> <span class='ocrx_word' id='word_1_828' title='bbox 3164 5352 3330 5424; x_wconf 90' lang='lat' dir='ltr'>apud</span> <span class='ocrx_word' id='word_1_829' title='bbox 3359 5351 3524 5424; x_wconf 90' lang='lat' dir='ltr'>ipsos</span> 
     </span>
    </p>
   </div>
   <div class='ocr_carea' id='block_1_114' title="bbox 1884 5441 2609 5498">
    <p class='ocr_par' dir='ltr' id='par_1_114' title="bbox 1884 5441 2609 5498">
     <span class='ocr_line' id='line_1_116' title="bbox 1884 5441 2609 5498; baseline 0 -2"><span class='ocrx_word' id='word_1_830' title='bbox 1884 5445 1973 5496; x_wconf 90' lang='lat' dir='ltr'>est</span> <span class='ocrx_word' id='word_1_831' title='bbox 2001 5441 2210 5496; x_wconf 89' lang='lat' dir='ltr'>mundi</span> <span class='ocrx_word' id='word_1_832' title='bbox 2250 5441 2609 5498; x_wconf 87' lang='lat' dir='ltr'>substantia.</span> 
     </span>
    </p>
   </div>
   <div class='ocr_carea' id='block_1_115' title="bbox 1884 5547 3532 5693">
    <p class='ocr_par' dir='ltr' id='par_1_115' title="bbox 1884 5547 3532 5693">
     <span class='ocr_line' id='line_1_117' title="bbox 1884 5547 3532 5693; baseline 0.003 -89"><span class='ocrx_word' id='word_1_833' title='bbox 1884 5547 2438 5693; x_wconf 47' lang='lat' dir='ltr'>3:310)praeceptore</span> <span class='ocrx_word' id='word_1_834' title='bbox 2464 5549 2541 5606; x_wconf 91' lang='lat' dir='ltr'>ad</span> <span class='ocrx_word' id='word_1_835' title='bbox 2570 5550 2700 5622; x_wconf 90' lang='lat' dir='ltr'>ejus</span> <span class='ocrx_word' id='word_1_836' title='bbox 2727 5548 3108 5624; x_wconf 83' lang='lat' dir='ltr'>discipulum.</span> <span class='ocrx_word' id='word_1_837' title='bbox 3140 5569 3169 5602; x_wconf 95' lang='lat'>»</span> <span class='ocrx_word' id='word_1_838' title='bbox 3209 5547 3532 5624; x_wconf 87' lang='lat' dir='ltr'>(Tertullia-</span> 
     </span>
    </p>
   </div>
  </div>
