  <div class='ocr_page' id='page_1' title='image "/cluster/home/n/w/nwhite01/storage/ocr_20150623/145/mdp.39015061167048/531.png"; bbox 0 0 4036 6288; ppageno 0'>
   <div class='ocr_carea' id='block_1_1' title="bbox 580 276 721 336">
    <p class='ocr_par' dir='ltr' id='par_1_1' title="bbox 580 276 721 336">
     <span class='ocr_line' id='line_1_1' title="bbox 580 276 721 336; baseline 0.014 -4"><span class='ocrx_word' id='word_1_1' title='bbox 580 276 721 336; x_wconf 76' lang='grc'><strong>1047</strong></span> 
     </span>
    </p>
   </div>
   <div class='ocr_carea' id='block_1_2' title="bbox 1174 404 1631 465">
    <p class='ocr_par' dir='ltr' id='par_1_2' title="bbox 1174 404 1631 465">
     <span class='ocr_line' id='line_1_2' title="bbox 1174 404 1631 465; baseline -0.011 0"><span class='ocrx_word' id='word_1_2' title='bbox 1174 405 1403 465; x_wconf 83' lang='lat' dir='ltr'><strong>CAPUT</strong></span> <span class='ocrx_word' id='word_1_3' title='bbox 1441 404 1631 460; x_wconf 86' lang='lat' dir='ltr'><strong>XXIX.</strong></span> 
     </span>
    </p>
   </div>
   <div class='ocr_carea' id='block_1_3' title="bbox 571 511 2228 587">
    <p class='ocr_par' dir='ltr' id='par_1_3' title="bbox 571 511 2228 587">
     <span class='ocr_line' id='line_1_3' title="bbox 571 511 2228 587; baseline -0.004 -16"><span class='ocrx_word' id='word_1_4' title='bbox 571 516 659 572; x_wconf 89' lang='lat' dir='ltr'><strong>De</strong></span> <span class='ocrx_word' id='word_1_5' title='bbox 675 515 973 584; x_wconf 71' lang='lat' dir='ltr'><strong>Rhodano,</strong></span> <span class='ocrx_word' id='word_1_6' title='bbox 997 529 1129 587; x_wconf 75' lang='lat' dir='ltr'><strong>quae</strong></span> <span class='ocrx_word' id='word_1_7' title='bbox 1152 521 1362 571; x_wconf 82' lang='lat' dir='ltr'><strong>contra</strong></span> <span class='ocrx_word' id='word_1_8' title='bbox 1372 514 1737 570; x_wconf 78' lang='lat' dir='ltr'><strong>Murcianem</strong></span> <span class='ocrx_word' id='word_1_9' title='bbox 1766 511 2179 587; x_wconf 68' lang='lat' dir='ltr'><strong>conscripserit</strong></span> <span class='ocrx_word' id='word_1_10' title='bbox 2209 525 2228 563; x_wconf 89' lang='lat'><strong><em>:</em></strong></span> 
     </span>
    </p>
   </div>
   <div class='ocr_carea' id='block_1_4' title="bbox 914 584 1889 657">
    <p class='ocr_par' dir='ltr' id='par_1_4' title="bbox 914 584 1889 657">
     <span class='ocr_line' id='line_1_4' title="bbox 914 584 1889 657; baseline -0.006 -13"><span class='ocrx_word' id='word_1_11' title='bbox 914 593 967 644; x_wconf 80' lang='lat' dir='ltr'><strong>et</strong></span> <span class='ocrx_word' id='word_1_12' title='bbox 998 584 1072 644; x_wconf 71' lang='lat' dir='ltr'><strong>de</strong></span> <span class='ocrx_word' id='word_1_13' title='bbox 1103 588 1240 643; x_wconf 79' lang='lat' dir='ltr'><strong>aliis</strong></span> <span class='ocrx_word' id='word_1_14' title='bbox 1281 587 1545 657; x_wconf 82' lang='lat' dir='ltr'><strong>ejusdem</strong></span> <span class='ocrx_word' id='word_1_15' title='bbox 1573 584 1889 654; x_wconf 82' lang='lat' dir='ltr'><strong>opusculis.</strong></span> 
     </span>
    </p>
   </div>
   <div class='ocr_carea' id='block_1_5' title="bbox 644 759 2228 834">
    <p class='ocr_par' dir='ltr' id='par_1_5' title="bbox 644 759 2228 834">
     <span class='ocr_line' id='line_1_5' title="bbox 644 759 2228 834; baseline -0.003 -15"><span class='ocrx_word' id='word_1_16' title='bbox 644 765 858 820; x_wconf 81' lang='lat' dir='ltr'><strong>Contra</strong></span> <span class='ocrx_word' id='word_1_17' title='bbox 912 763 1046 829; x_wconf 89' lang='lat' dir='ltr'><strong>hos,</strong></span> <span class='ocrx_word' id='word_1_18' title='bbox 1080 778 1410 834; x_wconf 89' lang='lat' dir='ltr'><strong>eornmque</strong></span> <span class='ocrx_word' id='word_1_19' title='bbox 1458 761 1654 818; x_wconf 90' lang='lat' dir='ltr'><strong>varias</strong></span> <span class='ocrx_word' id='word_1_20' title='bbox 1717 764 1931 824; x_wconf 86' lang='lat' dir='ltr'><strong>sectas,</strong></span> <span class='ocrx_word' id='word_1_21' title='bbox 1976 759 2228 815; x_wconf 84' lang='lat' dir='ltr'><strong>Rhodon</strong></span> 
     </span>
    </p>
   </div>
   <div class='ocr_carea' id='block_1_6' title="bbox 571 849 2227 924">
    <p class='ocr_par' dir='ltr' id='par_1_6' title="bbox 571 849 2227 924">
     <span class='ocr_line' id='line_1_6' title="bbox 571 849 2227 924; baseline -0.003 -16"><span class='ocrx_word' id='word_1_22' title='bbox 571 853 827 910; x_wconf 79' lang='lat' dir='ltr'><strong>Asianus</strong></span> <span class='ocrx_word' id='word_1_23' title='bbox 857 869 1091 923; x_wconf 84' lang='lat' dir='ltr'><strong>genere,</strong></span> <span class='ocrx_word' id='word_1_24' title='bbox 1119 852 1369 917; x_wconf 86' lang='lat' dir='ltr'><strong>Tatiani,</strong></span> <span class='ocrx_word' id='word_1_25' title='bbox 1404 852 1479 908; x_wconf 91' lang='lat' dir='ltr'><strong>de</strong></span> <span class='ocrx_word' id='word_1_26' title='bbox 1509 868 1631 924; x_wconf 91' lang='lat' dir='ltr'><strong>quo</strong></span> <span class='ocrx_word' id='word_1_27' title='bbox 1658 856 1834 906; x_wconf 86' lang='lat' dir='ltr'><strong>antea</strong></span> <span class='ocrx_word' id='word_1_28' title='bbox 1858 849 2086 905; x_wconf 89' lang='lat' dir='ltr'><strong>dictum</strong></span> <span class='ocrx_word' id='word_1_29' title='bbox 2116 852 2227 904; x_wconf 64' lang='lat' dir='ltr'><strong>est.</strong></span> 
     </span>
    </p>
   </div>
   <div class='ocr_carea' id='block_1_7' title="bbox 571 940 2227 1012">
    <p class='ocr_par' dir='ltr' id='par_1_7' title="bbox 571 940 2227 1012">
     <span class='ocr_line' id='line_1_7' title="bbox 571 940 2227 1012; baseline -0.003 -13"><span class='ocrx_word' id='word_1_30' title='bbox 571 943 827 1008; x_wconf 84' lang='lat' dir='ltr'><strong>auditor,</strong></span> <span class='ocrx_word' id='word_1_31' title='bbox 878 943 1101 999; x_wconf 87' lang='lat' dir='ltr'><strong>librum</strong></span> <span class='ocrx_word' id='word_1_32' title='bbox 1153 941 1526 1012; x_wconf 84' lang='lat' dir='ltr'><strong>composuit:</strong></span> <span class='ocrx_word' id='word_1_33' title='bbox 1560 957 1698 996; x_wconf 91' lang='lat' dir='ltr'><strong>cum</strong></span> <span class='ocrx_word' id='word_1_34' title='bbox 1725 940 2090 1011; x_wconf 78' lang='lat' dir='ltr'><strong>impietatem</strong></span> <span class='ocrx_word' id='word_1_35' title='bbox 2131 955 2227 994; x_wconf 91' lang='lat' dir='ltr'><strong>eo-</strong></span> 
     </span>
    </p>
   </div>
   <div class='ocr_carea' id='block_1_8' title="bbox 569 1028 2224 1097">
    <p class='ocr_par' dir='ltr' id='par_1_8' title="bbox 569 1028 2224 1097">
     <span class='ocr_line' id='line_1_8' title="bbox 569 1028 2224 1097; baseline -0.003 -8"><span class='ocrx_word' id='word_1_36' title='bbox 569 1049 706 1090; x_wconf 88' lang='lat' dir='ltr'><strong>rum</strong></span> <span class='ocrx_word' id='word_1_37' title='bbox 757 1032 1050 1097; x_wconf 84' lang='lat' dir='ltr'><strong>refellens,</strong></span> <span class='ocrx_word' id='word_1_38' title='bbox 1101 1037 1225 1087; x_wconf 92' lang='lat' dir='ltr'><strong>tum</strong></span> <span class='ocrx_word' id='word_1_39' title='bbox 1275 1037 1548 1086; x_wconf 78' lang='lat' dir='ltr'><strong>auctores</strong></span> <span class='ocrx_word' id='word_1_40' title='bbox 1599 1046 1805 1086; x_wconf 89' lang='lat' dir='ltr'><strong>eorum</strong></span> <span class='ocrx_word' id='word_1_41' title='bbox 1850 1028 2224 1084; x_wconf 89' lang='lat' dir='ltr'><strong>dissectionis</strong></span> 
     </span>
    </p>
   </div>
   <div class='ocr_carea' id='block_1_9' title="bbox 571 1117 2222 1191">
    <p class='ocr_par' dir='ltr' id='par_1_9' title="bbox 571 1117 2222 1191">
     <span class='ocr_line' id='line_1_9' title="bbox 571 1117 2222 1191; baseline -0.004 -13"><span class='ocrx_word' id='word_1_42' title='bbox 571 1127 845 1179; x_wconf 86' lang='lat' dir='ltr'><strong>accurate</strong></span> <span class='ocrx_word' id='word_1_43' title='bbox 871 1136 1209 1177; x_wconf 86' lang='lat' dir='ltr'><strong>recensens.</strong></span> <span class='ocrx_word' id='word_1_44' title='bbox 1237 1140 1266 1172; x_wconf 82' lang='lat'>«</span> <span class='ocrx_word' id='word_1_45' title='bbox 1301 1123 1635 1191; x_wconf 87' lang='lat' dir='ltr'><strong>Propterea,</strong></span> <span class='ocrx_word' id='word_1_46' title='bbox 1670 1118 1880 1190; x_wconf 85' lang='lat' dir='ltr'><strong>inquit,</strong></span> <span class='ocrx_word' id='word_1_47' title='bbox 1916 1117 2222 1173; x_wconf 88' lang='lat' dir='ltr'><strong>discordes</strong></span> 
     </span>
    </p>
   </div>
   <div class='ocr_carea' id='block_1_10' title="bbox 562 1207 2222 1281">
    <p class='ocr_par' dir='ltr' id='par_1_10' title="bbox 562 1207 2222 1281">
     <span class='ocr_line' id='line_1_10' title="bbox 562 1207 2222 1281; baseline -0.004 -15"><span class='ocrx_word' id='word_1_48' title='bbox 562 1211 720 1267; x_wconf 85' lang='lat' dir='ltr'><strong>inter</strong></span> <span class='ocrx_word' id='word_1_49' title='bbox 745 1226 807 1265; x_wconf 92' lang='lat' dir='ltr'><strong>se</strong></span> <span class='ocrx_word' id='word_1_50' title='bbox 839 1215 996 1277; x_wconf 88' lang='lat' dir='ltr'><strong>sunt,</strong></span> <span class='ocrx_word' id='word_1_51' title='bbox 1027 1209 1195 1281; x_wconf 92' lang='lat' dir='ltr'><strong>quod</strong></span> <span class='ocrx_word' id='word_1_52' title='bbox 1222 1209 1576 1264; x_wconf 87' lang='lat' dir='ltr'><strong>sententiam</strong></span> <span class='ocrx_word' id='word_1_53' title='bbox 1605 1223 1743 1279; x_wconf 67' lang='lat' dir='ltr'><strong>quae</strong></span> <span class='ocrx_word' id='word_1_54' title='bbox 1778 1207 2101 1262; x_wconf 85' lang='lat' dir='ltr'><strong>consistere</strong></span> <span class='ocrx_word' id='word_1_55' title='bbox 2140 1211 2222 1261; x_wconf 89' lang='lat' dir='ltr'><strong>at-</strong></span> 
     </span>
    </p>
   </div>
   <div class='ocr_carea' id='block_1_11' title="bbox 567 1294 2222 1373">
    <p class='ocr_par' dir='ltr' id='par_1_11' title="bbox 567 1294 2222 1373">
     <span class='ocr_line' id='line_1_11' title="bbox 567 1294 2222 1373; baseline -0.004 -17"><span class='ocrx_word' id='word_1_56' title='bbox 567 1316 686 1373; x_wconf 92' lang='lat' dir='ltr'><strong>que</strong></span> <span class='ocrx_word' id='word_1_57' title='bbox 707 1304 942 1356; x_wconf 80' lang='lat' dir='ltr'><strong>exstare</strong></span> <span class='ocrx_word' id='word_1_58' title='bbox 967 1314 1357 1371; x_wconf 89' lang='lat' dir='ltr'><strong>nequaquam</strong></span> <span class='ocrx_word' id='word_1_59' title='bbox 1385 1303 1597 1369; x_wconf 89' lang='lat' dir='ltr'><strong>potest,</strong></span> <span class='ocrx_word' id='word_1_60' title='bbox 1630 1302 1868 1352; x_wconf 84' lang='lat' dir='ltr'><strong>tuentur</strong></span> <span class='ocrx_word' id='word_1_61' title='bbox 1910 1301 2090 1367; x_wconf 91' lang='lat' dir='ltr'><strong>atque</strong></span> <span class='ocrx_word' id='word_1_62' title='bbox 2117 1294 2222 1350; x_wconf 91' lang='lat' dir='ltr'><strong>de-</strong></span> 
     </span>
    </p>
   </div>
   <div class='ocr_carea' id='block_1_12' title="bbox 566 1384 2222 1457">
    <p class='ocr_par' dir='ltr' id='par_1_12' title="bbox 566 1384 2222 1457">
     <span class='ocr_line' id='line_1_12' title="bbox 566 1384 2222 1457; baseline -0.004 -12"><span class='ocrx_word' id='word_1_63' title='bbox 566 1388 840 1445; x_wconf 87' lang='lat' dir='ltr'><strong>fendunt.</strong></span> <span class='ocrx_word' id='word_1_64' title='bbox 872 1390 951 1444; x_wconf 88' lang='lat' dir='ltr'><strong>Ex</strong></span> <span class='ocrx_word' id='word_1_65' title='bbox 981 1388 1224 1444; x_wconf 88' lang='lat' dir='ltr'><strong>cohorte</strong></span> <span class='ocrx_word' id='word_1_66' title='bbox 1247 1388 1405 1443; x_wconf 88' lang='lat' dir='ltr'><strong>enim</strong></span> <span class='ocrx_word' id='word_1_67' title='bbox 1430 1403 1638 1443; x_wconf 91' lang='lat' dir='ltr'><strong>eorum</strong></span> <span class='ocrx_word' id='word_1_68' title='bbox 1665 1401 2020 1457; x_wconf 88' lang='lat' dir='ltr'><strong>progressus</strong></span> <span class='ocrx_word' id='word_1_69' title='bbox 2046 1384 2222 1455; x_wconf 78' lang='lat' dir='ltr'><strong>Apel-</strong></span> 
     </span>
    </p>
   </div>
   <div class='ocr_carea' id='block_1_13' title="bbox 564 1473 2220 1549">
    <p class='ocr_par' dir='ltr' id='par_1_13' title="bbox 564 1473 2220 1549">
     <span class='ocr_line' id='line_1_13' title="bbox 564 1473 2220 1549; baseline -0.004 -15"><span class='ocrx_word' id='word_1_70' title='bbox 564 1478 672 1544; x_wconf 88' lang='lat' dir='ltr'><strong>les,</strong></span> <span class='ocrx_word' id='word_1_71' title='bbox 728 1477 851 1534; x_wconf 89' lang='lat' dir='ltr'><strong>vita</strong></span> <span class='ocrx_word' id='word_1_72' title='bbox 895 1478 1029 1549; x_wconf 88' lang='lat' dir='ltr'><strong>ipsa</strong></span> <span class='ocrx_word' id='word_1_73' title='bbox 1083 1481 1140 1533; x_wconf 90' lang='lat' dir='ltr'><strong>et</strong></span> <span class='ocrx_word' id='word_1_74' title='bbox 1183 1476 1347 1532; x_wconf 91' lang='lat' dir='ltr'><strong>senio</strong></span> <span class='ocrx_word' id='word_1_75' title='bbox 1402 1476 1843 1531; x_wconf 85' lang='lat' dir='ltr'><strong>venerationem</strong></span> <span class='ocrx_word' id='word_1_76' title='bbox 1885 1473 2220 1546; x_wconf 89' lang='lat' dir='ltr'><strong>quamdam</strong></span> 
     </span>
    </p>
   </div>
   <div class='ocr_carea' id='block_1_14' title="bbox 568 1562 2221 1637">
    <p class='ocr_par' dir='ltr' id='par_1_14' title="bbox 568 1562 2221 1637">
     <span class='ocr_line' id='line_1_14' title="bbox 568 1562 2221 1637; baseline -0.005 -13"><span class='ocrx_word' id='word_1_77' title='bbox 568 1570 950 1637; x_wconf 89' lang='lat' dir='ltr'><strong>consecutus,</strong></span> <span class='ocrx_word' id='word_1_78' title='bbox 976 1581 1165 1622; x_wconf 92' lang='lat' dir='ltr'><strong>unum</strong></span> <span class='ocrx_word' id='word_1_79' title='bbox 1199 1565 1556 1637; x_wconf 90' lang='lat' dir='ltr'><strong>principium</strong></span> <span class='ocrx_word' id='word_1_80' title='bbox 1583 1564 1891 1636; x_wconf 89' lang='lat' dir='ltr'><strong>proﬁtetur</strong></span> <span class='ocrx_word' id='word_1_81' title='bbox 1921 1580 1932 1617; x_wconf 89' lang='lat'><strong>:</strong></span> <span class='ocrx_word' id='word_1_82' title='bbox 1966 1562 2221 1634; x_wconf 89' lang='lat' dir='ltr'><strong>prophe-</strong></span> 
     </span>
    </p>
   </div>
   <div class='ocr_carea' id='block_1_15' title="bbox 565 1652 2216 1726">
    <p class='ocr_par' dir='ltr' id='par_1_15' title="bbox 565 1652 2216 1726">
     <span class='ocr_line' id='line_1_15' title="bbox 565 1652 2216 1726; baseline -0.003 -15"><span class='ocrx_word' id='word_1_83' title='bbox 565 1657 679 1713; x_wconf 88' lang='lat' dir='ltr'><strong>tias</strong></span> <span class='ocrx_word' id='word_1_84' title='bbox 708 1659 912 1712; x_wconf 88' lang='lat' dir='ltr'><strong>autem</strong></span> <span class='ocrx_word' id='word_1_85' title='bbox 949 1655 1024 1711; x_wconf 88' lang='lat' dir='ltr'><strong>ab</strong></span> <span class='ocrx_word' id='word_1_86' title='bbox 1056 1655 1402 1711; x_wconf 85' lang='lat' dir='ltr'><strong>adversario</strong></span> <span class='ocrx_word' id='word_1_87' title='bbox 1451 1653 1763 1726; x_wconf 87' lang='lat' dir='ltr'><strong>provenire</strong></span> <span class='ocrx_word' id='word_1_88' title='bbox 1804 1653 2016 1723; x_wconf 88' lang='lat' dir='ltr'><strong>spiritu</strong></span> <span class='ocrx_word' id='word_1_89' title='bbox 2055 1652 2216 1720; x_wconf 89' lang='lat' dir='ltr'><strong>dicit,</strong></span> 
     </span>
    </p>
   </div>
   <div class='ocr_carea' id='block_1_16' title="bbox 1899 272 2646 333">
    <p class='ocr_par' dir='ltr' id='par_1_16' title="bbox 1899 272 2646 333">
     <span class='ocr_line' id='line_1_16' title="bbox 1899 272 2646 333; baseline 0.001 -2"><span class='ocrx_word' id='word_1_90' title='bbox 1899 272 2287 332; x_wconf 79' lang='lat' dir='ltr'><strong>NICEPHORI</strong></span> <span class='ocrx_word' id='word_1_91' title='bbox 2325 273 2646 333; x_wconf 88' lang='lat' dir='ltr'><strong>CALLISTI</strong></span> 
     </span>
    </p>
   </div>
   <div class='ocr_carea' id='block_1_17' title="bbox 2256 404 2305 460">
    <p class='ocr_par' dir='ltr' id='par_1_17' title="bbox 2256 404 2305 460">
     <span class='ocr_line' id='line_1_17' title="bbox 2256 404 2305 460; baseline 0 0"><span class='ocrx_word' id='word_1_92' title='bbox 2256 404 2305 460; x_wconf 82' lang='grc' dir='ltr'><strong>Α</strong></span> 
     </span>
    </p>
   </div>
   <div class='ocr_carea' id='block_1_18' title="bbox 3753 283 3844 338">
    <p class='ocr_par' dir='ltr' id='par_1_18' title="bbox 3753 283 3844 338">
     <span class='ocr_line' id='line_1_18' title="bbox 3753 283 3844 338; baseline 0.022 -2"><span class='ocrx_word' id='word_1_93' title='bbox 3753 283 3844 338; x_wconf 72' lang='grc'><strong>1048</strong></span> 
     </span>
    </p>
   </div>
   <div class='ocr_carea' id='block_1_19' title="bbox 2926 399 3336 463">
    <p class='ocr_par' dir='ltr' id='par_1_19' title="bbox 2926 399 3336 463">
     <span class='ocr_line' id='line_1_19' title="bbox 2926 399 3336 463; baseline 0.015 -6"><span class='ocrx_word' id='word_1_94' title='bbox 2926 407 3170 457; x_wconf 76' lang='grc' dir='ltr'><strong>ΚΕΦΑΛ.</strong></span> <span class='ocrx_word' id='word_1_95' title='bbox 3203 399 3336 463; x_wconf 79' lang='lat' dir='ltr'><strong>Ke&#39;.</strong></span> 
     </span>
    </p>
   </div>
   <div class='ocr_carea' id='block_1_20' title="bbox 2338 507 3849 584">
    <p class='ocr_par' dir='ltr' id='par_1_20' title="bbox 2338 507 3849 584">
     <span class='ocr_line' id='line_1_20' title="bbox 2338 507 3849 584; baseline 0.002 -20"><span class='ocrx_word' id='word_1_96' title='bbox 2338 515 2491 584; x_wconf 82' lang='grc' dir='ltr'><strong>Περὶ</strong></span> <span class='ocrx_word' id='word_1_97' title='bbox 2542 507 2838 584; x_wconf 74' lang='grc' dir='ltr'>Ῥόδωνος</span> <span class='ocrx_word' id='word_1_98' title='bbox 2877 526 2892 541; x_wconf 74' lang='grc'><strong><em>⁸</em></strong></span> <span class='ocrx_word' id='word_1_99' title='bbox 2949 514 3025 571; x_wconf 86' lang='grc' dir='ltr'>ὡς</span> <span class='ocrx_word' id='word_1_100' title='bbox 3095 513 3260 562; x_wconf 82' lang='grc' dir='ltr'>κατὰ</span> <span class='ocrx_word' id='word_1_101' title='bbox 3309 515 3673 584; x_wconf 65' lang='grc' dir='ltr'>Μαρκίωνος</span> <span class='ocrx_word' id='word_1_102' title='bbox 3720 532 3849 568; x_wconf 76' lang='grc' dir='ltr'>συνε-</span> 
     </span>
    </p>
   </div>
   <div class='ocr_carea' id='block_1_21' title="bbox 2406 582 3852 658">
    <p class='ocr_par' dir='ltr' id='par_1_21' title="bbox 2406 582 3852 658">
     <span class='ocr_line' id='line_1_21' title="bbox 2406 582 3852 658; baseline 0.003 -23"><span class='ocrx_word' id='word_1_103' title='bbox 2406 582 2732 658; x_wconf 12' lang='grc' dir='ltr'>γράψατγο·</span> <span class='ocrx_word' id='word_1_104' title='bbox 2787 587 2895 636; x_wconf 87' lang='grc' dir='ltr'>καὶ</span> <span class='ocrx_word' id='word_1_105' title='bbox 2948 586 3092 656; x_wconf 84' lang='grc' dir='ltr'>περὶ</span> <span class='ocrx_word' id='word_1_106' title='bbox 3138 591 3260 634; x_wconf 85' lang='grc' dir='ltr'><strong>τῶν</strong></span> <span class='ocrx_word' id='word_1_107' title='bbox 3295 582 3495 635; x_wconf 83' lang='grc' dir='ltr'>ἄλλων</span> <span class='ocrx_word' id='word_1_108' title='bbox 3525 583 3699 637; x_wconf 74' lang='grc' dir='ltr'>αὐτοῦ</span> <span class='ocrx_word' id='word_1_109' title='bbox 3740 605 3852 658; x_wconf 74' lang='grc' dir='ltr'><strong>συγ-</strong></span> 
     </span>
    </p>
   </div>
   <div class='ocr_carea' id='block_1_22' title="bbox 2405 657 2824 728">
    <p class='ocr_par' dir='ltr' id='par_1_22' title="bbox 2405 657 2824 728">
     <span class='ocr_line' id='line_1_22' title="bbox 2405 657 2824 728; baseline -0.005 -21"><span class='ocrx_word' id='word_1_110' title='bbox 2405 657 2824 728; x_wconf 50' lang='grc' dir='ltr'>γραμμάτωκ</span> 
     </span>
    </p>
   </div>
   <div class='ocr_carea' id='block_1_23' title="bbox 2411 757 3852 835">
    <p class='ocr_par' dir='ltr' id='par_1_23' title="bbox 2411 757 3852 835">
     <span class='ocr_line' id='line_1_23' title="bbox 2411 757 3852 835; baseline 0.001 -20"><span class='ocrx_word' id='word_1_111' title='bbox 2411 765 2556 815; x_wconf 76' lang='grc' dir='ltr'>Κατὰ</span> <span class='ocrx_word' id='word_1_112' title='bbox 2586 759 2654 821; x_wconf 75' lang='grc' dir='ltr'><strong>δὴ</strong></span> <span class='ocrx_word' id='word_1_113' title='bbox 2685 764 2891 826; x_wconf 84' lang='grc' dir='ltr'>τούτου,</span> <span class='ocrx_word' id='word_1_114' title='bbox 2932 766 3022 813; x_wconf 79' lang='grc' dir='ltr'><strong>καὶ</strong></span> <span class='ocrx_word' id='word_1_115' title='bbox 3064 765 3158 819; x_wconf 82' lang='grc' dir='ltr'>τὴν</span> <span class='ocrx_word' id='word_1_116' title='bbox 3189 760 3354 813; x_wconf 77' lang='grc' dir='ltr'>αὐτῶν</span> <span class='ocrx_word' id='word_1_117' title='bbox 3405 757 3672 835; x_wconf 77' lang='grc' dir='ltr'><strong>διαίρεσιν,</strong></span> <span class='ocrx_word' id='word_1_118' title='bbox 3713 761 3852 816; x_wconf 69' lang='grc' dir='ltr'>Ῥόδων</span> 
     </span>
    </p>
   </div>
   <div class='ocr_carea' id='block_1_24' title="bbox 2332 849 3852 925">
    <p class='ocr_par' dir='ltr' id='par_1_24' title="bbox 2332 849 3852 925">
     <span class='ocr_line' id='line_1_24' title="bbox 2332 849 3852 925; baseline -0.001 -20"><span class='ocrx_word' id='word_1_119' title='bbox 2332 852 2574 912; x_wconf 82' lang='grc' dir='ltr'>Ἀσιανὸς</span> <span class='ocrx_word' id='word_1_120' title='bbox 2625 855 2786 923; x_wconf 79' lang='grc' dir='ltr'>γένος,</span> <span class='ocrx_word' id='word_1_121' title='bbox 2832 858 2906 920; x_wconf 85' lang='grc' dir='ltr'><strong>τῷ</strong></span> <span class='ocrx_word' id='word_1_122' title='bbox 2962 849 3310 925; x_wconf 85' lang='grc' dir='ltr'>προρῥηθέντι</span> <span class='ocrx_word' id='word_1_123' title='bbox 3358 857 3613 922; x_wconf 75' lang='grc' dir='ltr'>φοιτήσας</span> <span class='ocrx_word' id='word_1_124' title='bbox 3653 859 3852 920; x_wconf 74' lang='grc' dir='ltr'>Τατιανῷ,</span> 
     </span>
    </p>
   </div>
   <div class='ocr_carea' id='block_1_25' title="bbox 2334 936 3854 1014">
    <p class='ocr_par' dir='ltr' id='par_1_25' title="bbox 2334 936 3854 1014">
     <span class='ocr_line' id='line_1_25' title="bbox 2334 936 3854 1014; baseline 0 -20"><span class='ocrx_word' id='word_1_125' title='bbox 2334 939 2534 1014; x_wconf 75' lang='grc' dir='ltr'>βιϐλίον</span> <span class='ocrx_word' id='word_1_126' title='bbox 2579 940 2833 1012; x_wconf 76' lang='grc' dir='ltr'><strong>ἐξήνεγκε,</strong></span> <span class='ocrx_word' id='word_1_127' title='bbox 2891 945 2986 998; x_wconf 81' lang='grc' dir='ltr'><strong>τήν</strong></span> <span class='ocrx_word' id='word_1_128' title='bbox 3025 959 3080 991; x_wconf 86' lang='grc' dir='ltr'>τε</span> <span class='ocrx_word' id='word_1_129' title='bbox 3133 936 3443 992; x_wconf 79' lang='grc' dir='ltr'>δυσσέϐειαν</span> <span class='ocrx_word' id='word_1_130' title='bbox 3503 940 3660 992; x_wconf 77' lang='grc' dir='ltr'>αὐτῶν</span> <span class='ocrx_word' id='word_1_131' title='bbox 3712 940 3854 1013; x_wconf 56' lang='lat' dir='ltr'><strong>iisin&quot;,-</strong></span> 
     </span>
    </p>
   </div>
   <div class='ocr_carea' id='block_1_26' title="bbox 2329 1025 3854 1102">
    <p class='ocr_par' dir='ltr' id='par_1_26' title="bbox 2329 1025 3854 1102">
     <span class='ocr_line' id='line_1_26' title="bbox 2329 1025 3854 1102; baseline 0 -20"><span class='ocrx_word' id='word_1_132' title='bbox 2329 1051 2464 1101; x_wconf 90' lang='grc' dir='ltr'>χων,</span> <span class='ocrx_word' id='word_1_133' title='bbox 2506 1035 2596 1084; x_wconf 85' lang='grc' dir='ltr'>καὶ</span> <span class='ocrx_word' id='word_1_134' title='bbox 2650 1034 2773 1092; x_wconf 84' lang='grc' dir='ltr'>τοὺς</span> <span class='ocrx_word' id='word_1_135' title='bbox 2819 1033 2914 1088; x_wconf 75' lang='grc' dir='ltr'><strong>τὴν</strong></span> <span class='ocrx_word' id='word_1_136' title='bbox 2971 1025 3256 1082; x_wconf 77' lang='grc' dir='ltr'>διάστασιν</span> <span class='ocrx_word' id='word_1_137' title='bbox 3308 1027 3383 1081; x_wconf 78' lang='grc' dir='ltr'><strong>ἐπ’</strong></span> <span class='ocrx_word' id='word_1_138' title='bbox 3421 1026 3593 1091; x_wconf 76' lang='grc' dir='ltr'>αὐτοῖς</span> <span class='ocrx_word' id='word_1_139' title='bbox 3634 1028 3854 1102; x_wconf 73' lang='grc' dir='ltr'>ἐνηργηκό-</span> 
     </span>
    </p>
   </div>
   <div class='ocr_carea' id='block_1_27' title="bbox 2329 1117 3854 1192">
    <p class='ocr_par' dir='ltr' id='par_1_27' title="bbox 2329 1117 3854 1192">
     <span class='ocr_line' id='line_1_27' title="bbox 2329 1117 3854 1192; baseline -0.001 -20"><span class='ocrx_word' id='word_1_140' title='bbox 2329 1140 2423 1182; x_wconf 85' lang='grc' dir='ltr'><strong>τας</strong></span> <span class='ocrx_word' id='word_1_141' title='bbox 2475 1123 2601 1192; x_wconf 83' lang='grc' dir='ltr'>πρός</span> <span class='ocrx_word' id='word_1_142' title='bbox 2650 1119 2832 1172; x_wconf 87' lang='grc' dir='ltr'>λεπτόν</span> <span class='ocrx_word' id='word_1_143' title='bbox 2887 1117 3195 1192; x_wconf 77' lang='grc' dir='ltr'>ἀναγράφων</span> <span class='ocrx_word' id='word_1_144' title='bbox 3229 1135 3242 1147; x_wconf 81' lang='lat'><strong>&#39;</strong></span> <span class='ocrx_word' id='word_1_145' title='bbox 3273 1139 3301 1168; x_wconf 79' lang='grc' dir='ltr'><strong>(ι</strong></span> <span class='ocrx_word' id='word_1_146' title='bbox 3375 1121 3472 1170; x_wconf 76' lang='grc' dir='ltr'><strong>Διά</strong></span> <span class='ocrx_word' id='word_1_147' title='bbox 3523 1126 3680 1185; x_wconf 80' lang='grc' dir='ltr'>τοῦτο,</span> <span class='ocrx_word' id='word_1_148' title='bbox 3723 1118 3854 1190; x_wconf 70' lang='grc' dir='ltr'>λέγων,</span> 
     </span>
    </p>
   </div>
   <div class='ocr_carea' id='block_1_28' title="bbox 2328 1207 3853 1283">
    <p class='ocr_par' dir='ltr' id='par_1_28' title="bbox 2328 1207 3853 1283">
     <span class='ocr_line' id='line_1_28' title="bbox 2328 1207 3853 1283; baseline 0 -23"><span class='ocrx_word' id='word_1_149' title='bbox 2328 1215 2418 1262; x_wconf 81' lang='grc' dir='ltr'>καὶ</span> <span class='ocrx_word' id='word_1_150' title='bbox 2485 1209 2607 1283; x_wconf 86' lang='grc' dir='ltr'>παρ’</span> <span class='ocrx_word' id='word_1_151' title='bbox 2667 1209 2867 1270; x_wconf 78' lang='grc' dir='ltr'><strong>ἑαυτοῖς</strong></span> <span class='ocrx_word' id='word_1_152' title='bbox 2919 1207 3224 1279; x_wconf 78' lang='grc' dir='ltr'><strong>ἀσύμφωνοι</strong></span> <span class='ocrx_word' id='word_1_153' title='bbox 3271 1211 3562 1278; x_wconf 77' lang='grc' dir='ltr'>γεγόνασιν,</span> <span class='ocrx_word' id='word_1_154' title='bbox 3615 1208 3853 1260; x_wconf 72' lang='grc' dir='ltr'>ἀσυστάτου</span> 
     </span>
    </p>
   </div>
   <div class='ocr_carea' id='block_1_29' title="bbox 2326 1296 3853 1370">
    <p class='ocr_par' dir='ltr' id='par_1_29' title="bbox 2326 1296 3853 1370">
     <span class='ocr_line' id='line_1_29' title="bbox 2326 1296 3853 1370; baseline 0.001 -22"><span class='ocrx_word' id='word_1_155' title='bbox 2326 1303 2533 1370; x_wconf 88' lang='grc' dir='ltr'>γνώμης</span> <span class='ocrx_word' id='word_1_156' title='bbox 2585 1296 3018 1369; x_wconf 77' lang='grc' dir='ltr'>ἀντιποιούμενοι.</span> <span class='ocrx_word' id='word_1_157' title='bbox 3079 1297 3208 1348; x_wconf 79' lang='grc' dir='ltr'><strong>Ἀπὸ</strong></span> <span class='ocrx_word' id='word_1_158' title='bbox 3260 1299 3359 1368; x_wconf 81' lang='grc' dir='ltr'><strong>γὰρ</strong></span> <span class='ocrx_word' id='word_1_159' title='bbox 3410 1304 3506 1357; x_wconf 87' lang='grc' dir='ltr'>τῆς</span> <span class='ocrx_word' id='word_1_160' title='bbox 3555 1299 3729 1349; x_wconf 81' lang='grc' dir='ltr'>τούτων</span> 
     </span>
    </p>
   </div>
   <div class='ocr_carea' id='block_1_30' title="bbox 2326 1384 3850 1457">
    <p class='ocr_par' dir='ltr' id='par_1_30' title="bbox 2326 1384 3850 1457">
     <span class='ocr_line' id='line_1_30' title="bbox 2326 1384 3850 1457; baseline 0 -20"><span class='ocrx_word' id='word_1_161' title='bbox 2326 1385 2419 1447; x_wconf 89' lang='grc' dir='ltr'><strong>λης</strong></span> <span class='ocrx_word' id='word_1_162' title='bbox 2468 1386 2715 1446; x_wconf 78' lang='grc' dir='ltr'><strong>Ἀπελλῆς</strong></span> <span class='ocrx_word' id='word_1_163' title='bbox 2759 1389 2850 1457; x_wconf 76' lang='grc' dir='ltr'>μὲν</span> <span class='ocrx_word' id='word_1_164' title='bbox 2901 1388 2927 1437; x_wconf 92' lang='grc' dir='ltr'><strong>ό</strong></span> <span class='ocrx_word' id='word_1_165' title='bbox 2987 1389 3082 1443; x_wconf 75' lang='grc' dir='ltr'><strong>τήν</strong></span> <span class='ocrx_word' id='word_1_166' title='bbox 3131 1384 3385 1436; x_wconf 80' lang='grc' dir='ltr'>πολιτείαν</span> <span class='ocrx_word' id='word_1_167' title='bbox 3419 1386 3754 1457; x_wconf 84' lang='grc' dir='ltr'>σεμνυνόμενος</span> <span class='ocrx_word' id='word_1_168' title='bbox 3793 1392 3850 1437; x_wconf 71' lang='grc' dir='ltr'>καὶ</span> 
     </span>
    </p>
   </div>
   <div class='ocr_carea' id='block_1_31' title="bbox 2325 1471 3854 1550">
    <p class='ocr_par' dir='ltr' id='par_1_31' title="bbox 2325 1471 3854 1550">
     <span class='ocr_line' id='line_1_31' title="bbox 2325 1471 3854 1550; baseline 0 -23"><span class='ocrx_word' id='word_1_169' title='bbox 2325 1480 2384 1527; x_wconf 91' lang='grc' dir='ltr'>τὸ</span> <span class='ocrx_word' id='word_1_170' title='bbox 2422 1483 2587 1550; x_wconf 85' lang='grc' dir='ltr'>γῆρας</span> <span class='ocrx_word' id='word_1_171' title='bbox 2643 1480 2766 1548; x_wconf 88' lang='grc' dir='ltr'>μίαν</span> <span class='ocrx_word' id='word_1_172' title='bbox 2815 1474 2992 1548; x_wconf 80' lang='grc' dir='ltr'>ἀρχὴν</span> <span class='ocrx_word' id='word_1_173' title='bbox 3039 1474 3279 1546; x_wconf 86' lang='grc' dir='ltr'>ὁμολογεῖ</span> <span class='ocrx_word' id='word_1_174' title='bbox 3304 1492 3317 1505; x_wconf 87' lang='grc'><strong>·</strong></span> <span class='ocrx_word' id='word_1_175' title='bbox 3364 1477 3455 1534; x_wconf 85' lang='grc' dir='ltr'>τὰς</span> <span class='ocrx_word' id='word_1_176' title='bbox 3507 1471 3564 1526; x_wconf 68' lang='grc' dir='ltr'><strong>δὲ</strong></span> <span class='ocrx_word' id='word_1_177' title='bbox 3614 1480 3854 1548; x_wconf 70' lang='grc' dir='ltr'><strong>προφητείας</strong></span> 
     </span>
    </p>
   </div>
   <div class='ocr_carea' id='block_1_32' title="bbox 2326 1563 3854 1638">
    <p class='ocr_par' dir='ltr' id='par_1_32' title="bbox 2326 1563 3854 1638">
     <span class='ocr_line' id='line_1_32' title="bbox 2326 1563 3854 1638; baseline 0 -22"><span class='ocrx_word' id='word_1_178' title='bbox 2326 1563 2379 1627; x_wconf 82' lang='grc' dir='ltr'><strong>ἐξ</strong></span> <span class='ocrx_word' id='word_1_179' title='bbox 2446 1564 2793 1638; x_wconf 76' lang='grc' dir='ltr'><strong>ἀντικειμένου</strong></span> <span class='ocrx_word' id='word_1_180' title='bbox 2850 1564 2987 1635; x_wconf 82' lang='grc' dir='ltr'>λέγει</span> <span class='ocrx_word' id='word_1_181' title='bbox 3049 1567 3362 1634; x_wconf 71' lang='grc' dir='ltr'>πνεύματος,</span> <span class='ocrx_word' id='word_1_182' title='bbox 3442 1565 3723 1634; x_wconf 77' lang='grc' dir='ltr'><strong>πειθόμενος</strong></span> <span class='ocrx_word' id='word_1_183' title='bbox 3766 1564 3854 1616; x_wconf 70' lang='grc' dir='ltr'><strong>ἆτος</strong></span> 
     </span>
    </p>
   </div>
   <div class='ocr_carea' id='block_1_33' title="bbox 2326 1650 3848 1726">
    <p class='ocr_par' dir='ltr' id='par_1_33' title="bbox 2326 1650 3848 1726">
     <span class='ocr_line' id='line_1_33' title="bbox 2326 1650 3848 1726; baseline 0.001 -19"><span class='ocrx_word' id='word_1_184' title='bbox 2326 1656 2590 1726; x_wconf 74' lang='grc' dir='ltr'><strong>φθέγμασι</strong></span> <span class='ocrx_word' id='word_1_185' title='bbox 2649 1650 3036 1725; x_wconf 79' lang='grc' dir='ltr'>δαιμονιώδους</span> <span class='ocrx_word' id='word_1_186' title='bbox 3084 1655 3339 1725; x_wconf 87' lang='grc' dir='ltr'>παρθένου</span> <span class='ocrx_word' id='word_1_187' title='bbox 3380 1656 3540 1725; x_wconf 82' lang='grc' dir='ltr'>ὄνομα</span> <span class='ocrx_word' id='word_1_188' title='bbox 3579 1652 3848 1724; x_wconf 70' lang='grc' dir='ltr'>Φιλουμένης.</span> 
     </span>
    </p>
   </div>
   <div class='ocr_carea' id='block_1_34' title="bbox 565 1739 2218 1818">
    <p class='ocr_par' dir='ltr' id='par_1_34' title="bbox 565 1740 2216 1817">
     <span class='ocr_line' id='line_1_34' title="bbox 565 1740 2216 1817; baseline -0.004 -16"><span class='ocrx_word' id='word_1_189' title='bbox 565 1745 741 1801; x_wconf 90' lang='lat' dir='ltr'><strong>dictis</strong></span> <span class='ocrx_word' id='word_1_190' title='bbox 769 1749 950 1817; x_wconf 90' lang='lat' dir='ltr'><strong>atque</strong></span> <span class='ocrx_word' id='word_1_191' title='bbox 974 1744 1276 1815; x_wconf 87' lang='lat' dir='ltr'><strong>responsis</strong></span> <span class='ocrx_word' id='word_1_192' title='bbox 1299 1743 1547 1812; x_wconf 81' lang='lat' dir='ltr'><strong>virginis</strong></span> <span class='ocrx_word' id='word_1_193' title='bbox 1575 1759 1610 1798; x_wconf 88' lang='lat' dir='ltr'><strong>a</strong></span> <span class='ocrx_word' id='word_1_194' title='bbox 1634 1741 1938 1798; x_wconf 72' lang='lat' dir='ltr'><strong>daemonio</strong></span> <span class='ocrx_word' id='word_1_195' title='bbox 1955 1740 2216 1810; x_wconf 77' lang='lat' dir='ltr'><strong>agitatae,</strong></span> 
     </span>
    </p>
   </div>
   <div class='ocr_carea' id='block_1_35' title="bbox 2326 1739 3854 1818">
    <p class='ocr_par' dir='ltr' id='par_1_35' title="bbox 2326 1739 3854 1818">
     <span class='ocr_line' id='line_1_35' title="bbox 2326 1739 3854 1818; baseline -0.002 -21"><span class='ocrx_word' id='word_1_196' title='bbox 2326 1741 2532 1818; x_wconf 81' lang='grc' dir='ltr'>Ἐτιροι</span> <span class='ocrx_word' id='word_1_197' title='bbox 2571 1740 2647 1807; x_wconf 67' lang='grc' dir='ltr'><strong>δὲ,</strong></span> <span class='ocrx_word' id='word_1_198' title='bbox 2701 1745 2869 1804; x_wconf 90' lang='grc' dir='ltr'>καθὼς</span> <span class='ocrx_word' id='word_1_199' title='bbox 2925 1748 3015 1808; x_wconf 84' lang='grc' dir='ltr'><strong>καὶ</strong></span> <span class='ocrx_word' id='word_1_200' title='bbox 3070 1743 3222 1803; x_wconf 78' lang='grc' dir='ltr'>αὐτός</span> <span class='ocrx_word' id='word_1_201' title='bbox 3272 1747 3539 1816; x_wconf 84' lang='grc' dir='ltr'>Μαρκίων,</span> <span class='ocrx_word' id='word_1_202' title='bbox 3598 1739 3684 1795; x_wconf 76' lang='grc' dir='ltr'><strong>δύο</strong></span> <span class='ocrx_word' id='word_1_203' title='bbox 3728 1743 3854 1815; x_wconf 67' lang='grc' dir='ltr'>ἀρχᾶς</span> 
     </span>
    </p>
   </div>
   <div class='ocr_carea' id='block_1_36' title="bbox 564 1830 2213 1903">
    <p class='ocr_par' dir='ltr' id='par_1_36' title="bbox 564 1830 2213 1903">
     <span class='ocr_line' id='line_1_36' title="bbox 564 1830 2213 1903; baseline -0.004 -14"><span class='ocrx_word' id='word_1_204' title='bbox 564 1835 662 1891; x_wconf 89' lang='lat' dir='ltr'><strong>cui</strong></span> <span class='ocrx_word' id='word_1_205' title='bbox 698 1847 922 1890; x_wconf 89' lang='lat' dir='ltr'><strong>nomen</strong></span> <span class='ocrx_word' id='word_1_206' title='bbox 943 1833 1296 1889; x_wconf 87' lang='lat' dir='ltr'><strong>Philumena</strong></span> <span class='ocrx_word' id='word_1_207' title='bbox 1325 1832 1452 1896; x_wconf 87' lang='lat' dir='ltr'><strong>fuit,</strong></span> <span class='ocrx_word' id='word_1_208' title='bbox 1484 1847 1825 1903; x_wconf 88' lang='lat' dir='ltr'><strong>persuasus.</strong></span> <span class='ocrx_word' id='word_1_209' title='bbox 1858 1830 1962 1885; x_wconf 83' lang='lat' dir='ltr'><strong>Alii</strong></span> <span class='ocrx_word' id='word_1_210' title='bbox 1989 1833 2213 1894; x_wconf 90' lang='lat' dir='ltr'><strong>autem,</strong></span> 
     </span>
    </p>
   </div>
   <div class='ocr_carea' id='block_1_37' title="bbox 561 1919 2218 1994">
    <p class='ocr_par' dir='ltr' id='par_1_37' title="bbox 561 1919 2218 1994">
     <span class='ocr_line' id='line_1_37' title="bbox 561 1919 2218 1994; baseline -0.003 -16"><span class='ocrx_word' id='word_1_211' title='bbox 561 1923 720 1978; x_wconf 84' lang='lat' dir='ltr'><strong>sicut</strong></span> <span class='ocrx_word' id='word_1_212' title='bbox 747 1927 803 1978; x_wconf 90' lang='lat' dir='ltr'><strong>et</strong></span> <span class='ocrx_word' id='word_1_213' title='bbox 826 1923 951 1994; x_wconf 92' lang='lat' dir='ltr'><strong>ipse</strong></span> <span class='ocrx_word' id='word_1_214' title='bbox 988 1922 1267 1986; x_wconf 87' lang='lat' dir='ltr'><strong>Marcion,</strong></span> <span class='ocrx_word' id='word_1_215' title='bbox 1309 1920 1432 1975; x_wconf 92' lang='lat' dir='ltr'><strong>duo</strong></span> <span class='ocrx_word' id='word_1_216' title='bbox 1459 1919 1754 1991; x_wconf 88' lang='lat' dir='ltr'><strong>principia</strong></span> <span class='ocrx_word' id='word_1_217' title='bbox 1779 1919 2109 1974; x_wconf 88' lang='lat' dir='ltr'><strong>inducunt:</strong></span> <span class='ocrx_word' id='word_1_218' title='bbox 2143 1933 2218 1973; x_wconf 92' lang='lat' dir='ltr'><strong>ex</strong></span> 
     </span>
    </p>
   </div>
   <div class='ocr_carea' id='block_1_38' title="bbox 565 2006 2216 2084">
    <p class='ocr_par' dir='ltr' id='par_1_38' title="bbox 565 2006 2216 2084">
     <span class='ocr_line' id='line_1_38' title="bbox 565 2006 2216 2084; baseline -0.005 -16"><span class='ocrx_word' id='word_1_219' title='bbox 565 2011 787 2084; x_wconf 89' lang='lat' dir='ltr'><strong>quibus</strong></span> <span class='ocrx_word' id='word_1_220' title='bbox 817 2011 1234 2066; x_wconf 89' lang='lat' dir='ltr'><strong>suntPotimus</strong></span> <span class='ocrx_word' id='word_1_221' title='bbox 1260 2015 1316 2065; x_wconf 90' lang='lat' dir='ltr'><strong>et</strong></span> <span class='ocrx_word' id='word_1_222' title='bbox 1334 2009 1647 2065; x_wconf 90' lang='lat' dir='ltr'><strong>Basiliscus</strong></span> <span class='ocrx_word' id='word_1_223' title='bbox 1672 2025 1684 2062; x_wconf 94' lang='lat'>:</span> <span class='ocrx_word' id='word_1_224' title='bbox 1713 2008 2021 2064; x_wconf 88' lang='lat' dir='ltr'><strong>Ponticum</strong></span> <span class='ocrx_word' id='word_1_225' title='bbox 2047 2006 2216 2062; x_wconf 91' lang='lat' dir='ltr'><strong>illum</strong></span> 
     </span>
    </p>
   </div>
   <div class='ocr_carea' id='block_1_39' title="bbox 564 2097 2218 2174">
    <p class='ocr_par' dir='ltr' id='par_1_39' title="bbox 564 2097 2218 2174">
     <span class='ocr_line' id='line_1_39' title="bbox 564 2097 2218 2174; baseline -0.003 -18"><span class='ocrx_word' id='word_1_226' title='bbox 564 2101 778 2174; x_wconf 90' lang='lat' dir='ltr'><strong>lupum</strong></span> <span class='ocrx_word' id='word_1_227' title='bbox 807 2101 1014 2169; x_wconf 89' lang='lat' dir='ltr'><strong>secuti,</strong></span> <span class='ocrx_word' id='word_1_228' title='bbox 1047 2101 1148 2172; x_wconf 91' lang='lat' dir='ltr'><strong>qui</strong></span> <span class='ocrx_word' id='word_1_229' title='bbox 1194 2099 1375 2155; x_wconf 89' lang='lat' dir='ltr'><strong>nudis</strong></span> <span class='ocrx_word' id='word_1_230' title='bbox 1413 2098 1630 2163; x_wconf 87' lang='lat' dir='ltr'><strong>verbis,</strong></span> <span class='ocrx_word' id='word_1_231' title='bbox 1661 2113 1731 2153; x_wconf 88' lang='lat' dir='ltr'><strong>ac</strong></span> <span class='ocrx_word' id='word_1_232' title='bbox 1772 2098 1898 2153; x_wconf 89' lang='lat' dir='ltr'><strong>sine</strong></span> <span class='ocrx_word' id='word_1_233' title='bbox 1928 2099 2093 2152; x_wconf 89' lang='lat' dir='ltr'><strong>omni</strong></span> <span class='ocrx_word' id='word_1_234' title='bbox 2119 2097 2218 2152; x_wconf 92' lang='lat' dir='ltr'><strong>de-</strong></span> 
     </span>
    </p>
   </div>
   <div class='ocr_carea' id='block_1_40' title="bbox 560 2185 2218 2260">
    <p class='ocr_par' dir='ltr' id='par_1_40' title="bbox 560 2185 2218 2260">
     <span class='ocr_line' id='line_1_40' title="bbox 560 2185 2218 2260; baseline -0.002 -15"><span class='ocrx_word' id='word_1_235' title='bbox 560 2191 996 2246; x_wconf 86' lang='lat' dir='ltr'><strong>monstratione</strong></span> <span class='ocrx_word' id='word_1_236' title='bbox 1069 2193 1251 2260; x_wconf 88' lang='lat' dir='ltr'><strong>atque</strong></span> <span class='ocrx_word' id='word_1_237' title='bbox 1302 2187 1682 2259; x_wconf 89' lang='lat' dir='ltr'><strong>probatione,</strong></span> <span class='ocrx_word' id='word_1_238' title='bbox 1729 2185 1852 2243; x_wconf 91' lang='lat' dir='ltr'><strong>duo</strong></span> <span class='ocrx_word' id='word_1_239' title='bbox 1927 2186 2218 2257; x_wconf 89' lang='lat' dir='ltr'><strong>principia</strong></span> 
     </span>
    </p>
   </div>
   <div class='ocr_carea' id='block_1_41' title="bbox 561 2275 2216 2350">
    <p class='ocr_par' dir='ltr' id='par_1_41' title="bbox 561 2275 2216 2350">
     <span class='ocr_line' id='line_1_41' title="bbox 561 2275 2216 2350; baseline -0.002 -16"><span class='ocrx_word' id='word_1_240' title='bbox 561 2277 916 2336; x_wconf 79' lang='lat' dir='ltr'><strong>constituit:</strong></span> <span class='ocrx_word' id='word_1_241' title='bbox 965 2279 1223 2350; x_wconf 88' lang='lat' dir='ltr'><strong>Syneros</strong></span> <span class='ocrx_word' id='word_1_242' title='bbox 1263 2293 1404 2332; x_wconf 88' lang='lat' dir='ltr'><strong>vero</strong></span> <span class='ocrx_word' id='word_1_243' title='bbox 1451 2276 1559 2332; x_wconf 87' lang='lat' dir='ltr'><strong>tria</strong></span> <span class='ocrx_word' id='word_1_244' title='bbox 1607 2276 1823 2347; x_wconf 90' lang='lat' dir='ltr'><strong>posuit.</strong></span> <span class='ocrx_word' id='word_1_245' title='bbox 1865 2275 2078 2332; x_wconf 81' lang='lat' dir='ltr'><strong>Scribit</strong></span> <span class='ocrx_word' id='word_1_246' title='bbox 2129 2275 2216 2330; x_wconf 89' lang='lat' dir='ltr'><strong>iti-</strong></span> 
     </span>
    </p>
   </div>
   <div class='ocr_carea' id='block_1_42' title="bbox 563 2365 2214 2436">
    <p class='ocr_par' dir='ltr' id='par_1_42' title="bbox 563 2365 2214 2436">
     <span class='ocr_line' id='line_1_42' title="bbox 563 2365 2214 2436; baseline -0.004 -12"><span class='ocrx_word' id='word_1_247' title='bbox 563 2368 704 2424; x_wconf 90' lang='lat' dir='ltr'><strong>dem</strong></span> <span class='ocrx_word' id='word_1_248' title='bbox 751 2367 1024 2433; x_wconf 86' lang='lat' dir='ltr'><strong>Rhodon,</strong></span> <span class='ocrx_word' id='word_1_249' title='bbox 1069 2382 1131 2423; x_wconf 92' lang='lat' dir='ltr'><strong>se</strong></span> <span class='ocrx_word' id='word_1_250' title='bbox 1179 2382 1318 2422; x_wconf 91' lang='lat' dir='ltr'><strong>cum</strong></span> <span class='ocrx_word' id='word_1_251' title='bbox 1356 2365 1558 2436; x_wconf 84' lang='lat' dir='ltr'><strong>Apelle</strong></span> <span class='ocrx_word' id='word_1_252' title='bbox 1601 2380 1991 2434; x_wconf 91' lang='lat' dir='ltr'><strong>congressum</strong></span> <span class='ocrx_word' id='word_1_253' title='bbox 2035 2369 2214 2436; x_wconf 87' lang='lat' dir='ltr'><strong>atque</strong></span> 
     </span>
    </p>
   </div>
   <div class='ocr_carea' id='block_1_43' title="bbox 563 2454 2214 2527">
    <p class='ocr_par' dir='ltr' id='par_1_43' title="bbox 563 2454 2214 2527">
     <span class='ocr_line' id='line_1_43' title="bbox 563 2454 2214 2527; baseline -0.004 -13"><span class='ocrx_word' id='word_1_254' title='bbox 563 2457 925 2514; x_wconf 87' lang='lat' dir='ltr'><strong>collocutum</strong></span> <span class='ocrx_word' id='word_1_255' title='bbox 975 2471 1125 2512; x_wconf 90' lang='lat' dir='ltr'><strong>esse.</strong></span> <span class='ocrx_word' id='word_1_256' title='bbox 1160 2454 1428 2527; x_wconf 90' lang='lat' dir='ltr'><strong>Apellem</strong></span> <span class='ocrx_word' id='word_1_257' title='bbox 1467 2469 1732 2525; x_wconf 85' lang='lat' dir='ltr'><strong>namque</strong></span> <span class='ocrx_word' id='word_1_258' title='bbox 1775 2459 2059 2526; x_wconf 88' lang='lat' dir='ltr'><strong>provecta</strong></span> <span class='ocrx_word' id='word_1_259' title='bbox 2087 2454 2214 2524; x_wconf 90' lang='lat' dir='ltr'><strong>jam</strong></span> 
     </span>
    </p>
   </div>
   <div class='ocr_carea' id='block_1_44' title="bbox 563 2543 2217 2614">
    <p class='ocr_par' dir='ltr' id='par_1_44' title="bbox 563 2543 2217 2614">
     <span class='ocr_line' id='line_1_44' title="bbox 563 2543 2217 2614; baseline -0.003 -12"><span class='ocrx_word' id='word_1_260' title='bbox 563 2551 753 2612; x_wconf 72' lang='lat' dir='ltr'><strong>aetate,</strong></span> <span class='ocrx_word' id='word_1_261' title='bbox 789 2561 927 2601; x_wconf 92' lang='lat' dir='ltr'><strong>cum</strong></span> <span class='ocrx_word' id='word_1_262' title='bbox 971 2560 1034 2601; x_wconf 90' lang='lat' dir='ltr'><strong>se</strong></span> <span class='ocrx_word' id='word_1_263' title='bbox 1082 2544 1256 2600; x_wconf 91' lang='lat' dir='ltr'><strong>nobis</strong></span> <span class='ocrx_word' id='word_1_264' title='bbox 1286 2544 1726 2609; x_wconf 89' lang='lat' dir='ltr'><strong>immiscuisset,</strong></span> <span class='ocrx_word' id='word_1_265' title='bbox 1769 2543 1958 2598; x_wconf 88' lang='lat' dir='ltr'><strong>multa</strong></span> <span class='ocrx_word' id='word_1_266' title='bbox 2011 2558 2217 2614; x_wconf 90' lang='lat' dir='ltr'><strong>perpe-</strong></span> 
     </span>
    </p>
   </div>
   <div class='ocr_carea' id='block_1_45' title="bbox 561 2632 2217 2706">
    <p class='ocr_par' dir='ltr' id='par_1_45' title="bbox 561 2632 2217 2706">
     <span class='ocr_line' id='line_1_45' title="bbox 561 2632 2217 2706; baseline -0.002 -14"><span class='ocrx_word' id='word_1_267' title='bbox 561 2651 692 2692; x_wconf 87' lang='lat' dir='ltr'><strong>ram</strong></span> <span class='ocrx_word' id='word_1_268' title='bbox 729 2634 969 2699; x_wconf 81' lang='lat' dir='ltr'><strong>dixisse,</strong></span> <span class='ocrx_word' id='word_1_269' title='bbox 1003 2638 1184 2706; x_wconf 91' lang='lat' dir='ltr'><strong>atque</strong></span> <span class='ocrx_word' id='word_1_270' title='bbox 1228 2634 1409 2690; x_wconf 91' lang='lat' dir='ltr'><strong>etiam</strong></span> <span class='ocrx_word' id='word_1_271' title='bbox 1463 2633 1813 2698; x_wconf 89' lang='lat' dir='ltr'><strong>asseruisse,</strong></span> <span class='ocrx_word' id='word_1_272' title='bbox 1854 2647 2064 2688; x_wconf 90' lang='lat' dir='ltr'><strong>omnes</strong></span> <span class='ocrx_word' id='word_1_273' title='bbox 2113 2632 2217 2688; x_wconf 87' lang='lat' dir='ltr'><strong>ho-</strong></span> 
     </span>
    </p>
   </div>
   <div class='ocr_carea' id='block_1_46' title="bbox 563 2721 2217 2792">
    <p class='ocr_par' dir='ltr' id='par_1_46' title="bbox 563 2721 2217 2792">
     <span class='ocr_line' id='line_1_46' title="bbox 563 2721 2217 2792; baseline -0.003 -12"><span class='ocrx_word' id='word_1_274' title='bbox 563 2726 754 2781; x_wconf 89' lang='lat' dir='ltr'><strong>mines</strong></span> <span class='ocrx_word' id='word_1_275' title='bbox 783 2724 844 2779; x_wconf 93' lang='lat' dir='ltr'><strong>in</strong></span> <span class='ocrx_word' id='word_1_276' title='bbox 882 2722 1240 2779; x_wconf 87' lang='lat' dir='ltr'><strong>cruxiﬁxum</strong></span> <span class='ocrx_word' id='word_1_277' title='bbox 1284 2722 1593 2778; x_wconf 88' lang='lat' dir='ltr'><strong>credentes</strong></span> <span class='ocrx_word' id='word_1_278' title='bbox 1634 2722 1712 2792; x_wconf 86' lang='lat' dir='ltr'><strong>(t)</strong></span> <span class='ocrx_word' id='word_1_279' title='bbox 1746 2721 1944 2776; x_wconf 88' lang='lat' dir='ltr'><strong>salvos</strong></span> <span class='ocrx_word' id='word_1_280' title='bbox 1984 2721 2131 2786; x_wconf 85' lang='lat' dir='ltr'><strong>ﬁeri,</strong></span> <span class='ocrx_word' id='word_1_281' title='bbox 2169 2721 2217 2775; x_wconf 91' lang='lat' dir='ltr'><strong>si</strong></span> 
     </span>
    </p>
   </div>
   <div class='ocr_carea' id='block_1_47' title="bbox 561 2810 2212 2884">
    <p class='ocr_par' dir='ltr' id='par_1_47' title="bbox 561 2810 2212 2884">
     <span class='ocr_line' id='line_1_47' title="bbox 561 2810 2212 2884; baseline -0.005 -14"><span class='ocrx_word' id='word_1_282' title='bbox 561 2814 748 2871; x_wconf 90' lang='lat' dir='ltr'><strong>modo</strong></span> <span class='ocrx_word' id='word_1_283' title='bbox 779 2813 958 2883; x_wconf 86' lang='lat' dir='ltr'><strong>bonis</strong></span> <span class='ocrx_word' id='word_1_284' title='bbox 991 2812 1275 2884; x_wconf 89' lang='lat' dir='ltr'><strong>operibus</strong></span> <span class='ocrx_word' id='word_1_285' title='bbox 1301 2811 1589 2883; x_wconf 87' lang='lat' dir='ltr'><strong>explorati</strong></span> <span class='ocrx_word' id='word_1_286' title='bbox 1618 2810 1974 2882; x_wconf 88' lang='lat' dir='ltr'><strong>probatique</strong></span> <span class='ocrx_word' id='word_1_287' title='bbox 2019 2811 2154 2866; x_wconf 89' lang='lat' dir='ltr'><strong>sint.</strong></span> <span class='ocrx_word' id='word_1_288' title='bbox 2187 2831 2212 2861; x_wconf 75' lang='grc' dir='ltr'><strong>ν</strong></span> 
     </span>
    </p>
   </div>
   <div class='ocr_carea' id='block_1_48' title="bbox 563 2900 2219 2974">
    <p class='ocr_par' dir='ltr' id='par_1_48' title="bbox 563 2900 2219 2974">
     <span class='ocr_line' id='line_1_48' title="bbox 563 2900 2219 2974; baseline -0.003 -14"><span class='ocrx_word' id='word_1_289' title='bbox 563 2903 786 2960; x_wconf 88' lang='lat' dir='ltr'><strong>Deinde</strong></span> <span class='ocrx_word' id='word_1_290' title='bbox 814 2917 1059 2958; x_wconf 89' lang='lat' dir='ltr'><strong>omnem</strong></span> <span class='ocrx_word' id='word_1_291' title='bbox 1086 2901 1215 2972; x_wconf 91' lang='lat' dir='ltr'><strong>ejus</strong></span> <span class='ocrx_word' id='word_1_292' title='bbox 1257 2901 1607 2974; x_wconf 91' lang='lat' dir='ltr'><strong>opinionem</strong></span> <span class='ocrx_word' id='word_1_293' title='bbox 1637 2916 1974 2971; x_wconf 85' lang='lat' dir='ltr'><strong>recensens,</strong></span> <span class='ocrx_word' id='word_1_294' title='bbox 2001 2900 2080 2956; x_wconf 91' lang='lat' dir='ltr'><strong>ita</strong></span> <span class='ocrx_word' id='word_1_295' title='bbox 2127 2900 2219 2955; x_wconf 92' lang='lat' dir='ltr'><strong>in-</strong></span> 
     </span>
    </p>
   </div>
   <div class='ocr_carea' id='block_1_49' title="bbox 560 2989 2218 3049">
    <p class='ocr_par' dir='ltr' id='par_1_49' title="bbox 560 2989 2218 3049">
     <span class='ocr_line' id='line_1_49' title="bbox 560 2989 2218 3049; baseline -0.002 -1"><span class='ocrx_word' id='word_1_296' title='bbox 560 2992 672 3049; x_wconf 85' lang='lat' dir='ltr'><strong>fert</strong></span> <span class='ocrx_word' id='word_1_297' title='bbox 703 3009 768 3048; x_wconf 81' lang='lat'><strong>:«</strong></span> <span class='ocrx_word' id='word_1_298' title='bbox 795 2993 939 3047; x_wconf 92' lang='lat' dir='ltr'><strong>Cum</strong></span> <span class='ocrx_word' id='word_1_299' title='bbox 965 2996 1167 3047; x_wconf 86' lang='lat' dir='ltr'><strong>autem</strong></span> <span class='ocrx_word' id='word_1_300' title='bbox 1209 2989 1260 3046; x_wconf 91' lang='lat' dir='ltr'><strong>ei</strong></span> <span class='ocrx_word' id='word_1_301' title='bbox 1291 2990 1552 3046; x_wconf 90' lang='lat' dir='ltr'><strong>dicerem</strong></span> <span class='ocrx_word' id='word_1_302' title='bbox 1586 3011 1599 3043; x_wconf 92' lang='lat'><strong>:</strong></span> <span class='ocrx_word' id='word_1_303' title='bbox 1630 2989 1795 3046; x_wconf 91' lang='lat' dir='ltr'><strong>Unde</strong></span> <span class='ocrx_word' id='word_1_304' title='bbox 1825 2989 1983 3044; x_wconf 88' lang='lat' dir='ltr'><strong>hanc</strong></span> <span class='ocrx_word' id='word_1_305' title='bbox 2029 2989 2218 3045; x_wconf 88' lang='lat' dir='ltr'><strong>habes</strong></span> 
     </span>
    </p>
   </div>
   <div class='ocr_carea' id='block_1_50' title="bbox 2327 1831 3855 1904">
    <p class='ocr_par' dir='ltr' id='par_1_50' title="bbox 2327 1831 3855 1904">
     <span class='ocr_line' id='line_1_50' title="bbox 2327 1831 3855 1904; baseline 0 -20"><span class='ocrx_word' id='word_1_306' title='bbox 2327 1831 2663 1903; x_wconf 73' lang='grc' dir='ltr'><strong>εἰσηγοῦνται</strong></span> <span class='ocrx_word' id='word_1_307' title='bbox 2697 1849 2709 1862; x_wconf 85' lang='lat'><strong><em>°</em></strong></span> <span class='ocrx_word' id='word_1_308' title='bbox 2752 1832 2837 1904; x_wconf 74' lang='grc' dir='ltr'><strong>ἀφ’</strong></span> <span class='ocrx_word' id='word_1_309' title='bbox 2887 1833 2956 1884; x_wconf 84' lang='grc' dir='ltr'>ὧν</span> <span class='ocrx_word' id='word_1_310' title='bbox 3008 1833 3112 1886; x_wconf 79' lang='grc' dir='ltr'>εἰσι</span> <span class='ocrx_word' id='word_1_311' title='bbox 3151 1834 3394 1892; x_wconf 73' lang='grc' dir='ltr'>Ποντικός</span> <span class='ocrx_word' id='word_1_312' title='bbox 3423 1851 3475 1884; x_wconf 87' lang='grc' dir='ltr'>τε</span> <span class='ocrx_word' id='word_1_313' title='bbox 3508 1837 3594 1884; x_wconf 84' lang='grc' dir='ltr'>καὶ</span> <span class='ocrx_word' id='word_1_314' title='bbox 3620 1832 3855 1894; x_wconf 79' lang='grc' dir='ltr'>Βασιλικός.</span> 
     </span>
    </p>
   </div>
   <div class='ocr_carea' id='block_1_51' title="bbox 2326 1918 3854 1992">
    <p class='ocr_par' dir='ltr' id='par_1_51' title="bbox 2326 1918 3854 1992">
     <span class='ocr_line' id='line_1_51' title="bbox 2326 1918 3854 1992; baseline 0 -20"><span class='ocrx_word' id='word_1_315' title='bbox 2326 1926 2416 1973; x_wconf 78' lang='grc' dir='ltr'>καὶ</span> <span class='ocrx_word' id='word_1_316' title='bbox 2463 1918 2605 1974; x_wconf 81' lang='grc' dir='ltr'>οὗτοι</span> <span class='ocrx_word' id='word_1_317' title='bbox 2636 1928 2707 1992; x_wconf 84' lang='grc' dir='ltr'><strong>τῷ</strong></span> <span class='ocrx_word' id='word_1_318' title='bbox 2742 1929 2976 1992; x_wconf 85' lang='grc' dir='ltr'>Ιιοντικῳ</span> <span class='ocrx_word' id='word_1_319' title='bbox 3026 1924 3183 1992; x_wconf 79' lang='grc' dir='ltr'><strong>Λύκῳ</strong></span> <span class='ocrx_word' id='word_1_320' title='bbox 3224 1920 3771 1982; x_wconf 72' lang='grc' dir='ltr'><strong>κατακολουθήσαντες·</strong></span> <span class='ocrx_word' id='word_1_321' title='bbox 3817 1922 3854 1981; x_wconf 82' lang='grc' dir='ltr'>ὃς</span> 
     </span>
    </p>
   </div>
   <div class='ocr_carea' id='block_1_52' title="bbox 2328 2007 3852 2085">
    <p class='ocr_par' dir='ltr' id='par_1_52' title="bbox 2328 2007 3852 2085">
     <span class='ocr_line' id='line_1_52' title="bbox 2328 2007 3852 2085; baseline 0 -23"><span class='ocrx_word' id='word_1_322' title='bbox 2328 2007 2425 2062; x_wconf 78' lang='grc' dir='ltr'><strong>δύο</strong></span> <span class='ocrx_word' id='word_1_323' title='bbox 2480 2010 2650 2085; x_wconf 79' lang='grc' dir='ltr'>ἀρχὰς</span> <span class='ocrx_word' id='word_1_324' title='bbox 2704 2010 2998 2084; x_wconf 71' lang='grc' dir='ltr'>ἀπεφήνατο</span> <span class='ocrx_word' id='word_1_325' title='bbox 3037 2011 3203 2082; x_wconf 76' lang='grc' dir='ltr'>ψιλῶς</span> <span class='ocrx_word' id='word_1_326' title='bbox 3240 2016 3331 2063; x_wconf 81' lang='grc' dir='ltr'>καὶ</span> <span class='ocrx_word' id='word_1_327' title='bbox 3380 2008 3757 2073; x_wconf 78' lang='grc' dir='ltr'>ἀναποδείκτως.</span> <span class='ocrx_word' id='word_1_328' title='bbox 3785 2017 3852 2063; x_wconf 78' lang='grc' dir='ltr'><strong>Καὶ</strong></span> 
     </span>
    </p>
   </div>
   <div class='ocr_carea' id='block_1_53' title="bbox 2326 2096 3850 2175">
    <p class='ocr_par' dir='ltr' id='par_1_53' title="bbox 2326 2096 3850 2175">
     <span class='ocr_line' id='line_1_53' title="bbox 2326 2096 3850 2175; baseline -0.001 -24"><span class='ocrx_word' id='word_1_329' title='bbox 2326 2102 2550 2173; x_wconf 83' lang='grc' dir='ltr'>Σύνερως</span> <span class='ocrx_word' id='word_1_330' title='bbox 2618 2097 2678 2152; x_wconf 77' lang='grc' dir='ltr'><strong>δὲ</strong></span> <span class='ocrx_word' id='word_1_331' title='bbox 2723 2108 2858 2174; x_wconf 89' lang='grc' dir='ltr'>τρεῖς</span> <span class='ocrx_word' id='word_1_332' title='bbox 2930 2100 3277 2170; x_wconf 79' lang='grc' dir='ltr'>εἰσηγήσατο.</span> <span class='ocrx_word' id='word_1_333' title='bbox 3340 2103 3527 2175; x_wconf 71' lang='grc' dir='ltr'>Γράφει</span> <span class='ocrx_word' id='word_1_334' title='bbox 3587 2096 3640 2152; x_wconf 68' lang='grc' dir='ltr'><strong>δὲ</strong></span> <span class='ocrx_word' id='word_1_335' title='bbox 3697 2103 3752 2161; x_wconf 81' lang='grc' dir='ltr'>ὡς</span> <span class='ocrx_word' id='word_1_336' title='bbox 3802 2108 3850 2167; x_wconf 76' lang='grc' dir='ltr'><strong>τῷ</strong></span> 
     </span>
    </p>
   </div>
   <div class='ocr_carea' id='block_1_54' title="bbox 2327 2186 3847 2262">
    <p class='ocr_par' dir='ltr' id='par_1_54' title="bbox 2327 2186 3847 2262">
     <span class='ocr_line' id='line_1_54' title="bbox 2327 2186 3847 2262; baseline -0.003 -18"><span class='ocrx_word' id='word_1_337' title='bbox 2327 2189 2561 2244; x_wconf 82' lang='grc' dir='ltr'>Ἀπελλεῖ</span> <span class='ocrx_word' id='word_1_338' title='bbox 2609 2190 2677 2251; x_wconf 87' lang='grc' dir='ltr'><strong>εἰς</strong></span> <span class='ocrx_word' id='word_1_339' title='bbox 2738 2189 2923 2260; x_wconf 91' lang='grc' dir='ltr'>λόγους</span> <span class='ocrx_word' id='word_1_340' title='bbox 2976 2187 3181 2248; x_wconf 80' lang='grc' dir='ltr'>ἧλθενό</span> <span class='ocrx_word' id='word_1_341' title='bbox 3239 2186 3432 2242; x_wconf 79' lang='grc' dir='ltr'>Ῥόδων</span> <span class='ocrx_word' id='word_1_342' title='bbox 3475 2209 3488 2222; x_wconf 87' lang='grc'><strong>·</strong></span> <span class='ocrx_word' id='word_1_343' title='bbox 3539 2191 3563 2241; x_wconf 90' lang='grc' dir='ltr'><strong>ό</strong></span> <span class='ocrx_word' id='word_1_344' title='bbox 3615 2193 3700 2262; x_wconf 74' lang='grc' dir='ltr'><strong>γὰρ</strong></span> <span class='ocrx_word' id='word_1_345' title='bbox 3735 2193 3847 2260; x_wconf 75' lang='grc' dir='ltr'>γέρων</span> 
     </span>
    </p>
   </div>
   <div class='ocr_carea' id='block_1_55' title="bbox 2327 2278 3844 2351">
    <p class='ocr_par' dir='ltr' id='par_1_55' title="bbox 2327 2278 3844 2351">
     <span class='ocr_line' id='line_1_55' title="bbox 2327 2278 3844 2351; baseline -0.001 -19"><span class='ocrx_word' id='word_1_346' title='bbox 2327 2278 2578 2341; x_wconf 80' lang='grc' dir='ltr'><strong>Ἀπελλῆς</strong></span> <span class='ocrx_word' id='word_1_347' title='bbox 2650 2278 2915 2350; x_wconf 84' lang='grc' dir='ltr'><strong>συμμίξας</strong></span> <span class='ocrx_word' id='word_1_348' title='bbox 2965 2281 3112 2351; x_wconf 78' lang='grc' dir='ltr'>ἡμῖν,</span> <span class='ocrx_word' id='word_1_349' title='bbox 3157 2279 3322 2330; x_wconf 88' lang='grc' dir='ltr'><strong>πολλὰ</strong></span> <span class='ocrx_word' id='word_1_350' title='bbox 3375 2282 3466 2350; x_wconf 77' lang='grc' dir='ltr'><strong>μὲν</strong></span> <span class='ocrx_word' id='word_1_351' title='bbox 3513 2278 3638 2349; x_wconf 82' lang='grc' dir='ltr'>ἔλεγε</span> <span class='ocrx_word' id='word_1_352' title='bbox 3685 2287 3844 2339; x_wconf 70' lang='grc' dir='ltr'>κακῶς·</span> 
     </span>
    </p>
   </div>
   <div class='ocr_carea' id='block_1_56' title="bbox 2326 2365 3844 2438">
    <p class='ocr_par' dir='ltr' id='par_1_56' title="bbox 2326 2365 3844 2438">
     <span class='ocr_line' id='line_1_56' title="bbox 2326 2365 3844 2438; baseline -0.002 -19"><span class='ocrx_word' id='word_1_353' title='bbox 2326 2370 2554 2422; x_wconf 77' lang='grc' dir='ltr'><strong>ὑπετίθει</strong></span> <span class='ocrx_word' id='word_1_354' title='bbox 2586 2365 2645 2420; x_wconf 70' lang='grc' dir='ltr'><strong>δὲ</strong></span> <span class='ocrx_word' id='word_1_355' title='bbox 2683 2374 2772 2422; x_wconf 86' lang='grc' dir='ltr'>καὶ</span> <span class='ocrx_word' id='word_1_356' title='bbox 2818 2371 3018 2431; x_wconf 88' lang='grc' dir='ltr'>πάντας</span> <span class='ocrx_word' id='word_1_357' title='bbox 3058 2370 3326 2432; x_wconf 83' lang='grc' dir='ltr'>σώζεσθαι</span> <span class='ocrx_word' id='word_1_358' title='bbox 3380 2372 3504 2430; x_wconf 81' lang='grc' dir='ltr'>τοὺς</span> <span class='ocrx_word' id='word_1_359' title='bbox 3554 2376 3621 2438; x_wconf 82' lang='grc' dir='ltr'>τῷ</span> <span class='ocrx_word' id='word_1_360' title='bbox 3655 2367 3844 2438; x_wconf 54' lang='lat' dir='ltr'><strong>inaugu-</strong></span> 
     </span>
    </p>
   </div>
   <div class='ocr_carea' id='block_1_57' title="bbox 2324 2454 3841 2532">
    <p class='ocr_par' dir='ltr' id='par_1_57' title="bbox 2324 2454 3841 2532">
     <span class='ocr_line' id='line_1_57' title="bbox 2324 2454 3841 2532; baseline -0.003 -22"><span class='ocrx_word' id='word_1_361' title='bbox 2324 2462 2458 2529; x_wconf 73' lang='grc' dir='ltr'>μένῳ</span> <span class='ocrx_word' id='word_1_362' title='bbox 2510 2460 2911 2523; x_wconf 80' lang='grc' dir='ltr'>πιστεύσαντας,</span> <span class='ocrx_word' id='word_1_363' title='bbox 2963 2461 3068 2527; x_wconf 82' lang='grc' dir='ltr'>εἴγε</span> <span class='ocrx_word' id='word_1_364' title='bbox 3115 2463 3266 2530; x_wconf 86' lang='grc' dir='ltr'>μόνον</span> <span class='ocrx_word' id='word_1_365' title='bbox 3323 2461 3498 2532; x_wconf 83' lang='grc' dir='ltr'>ἔργοις</span> <span class='ocrx_word' id='word_1_366' title='bbox 3557 2455 3736 2528; x_wconf 79' lang='grc' dir='ltr'>ἀγαθοῖς</span> <span class='ocrx_word' id='word_1_367' title='bbox 3772 2454 3841 2517; x_wconf 80' lang='grc' dir='ltr'><strong>ἔξε-</strong></span> 
     </span>
    </p>
   </div>
   <div class='ocr_carea' id='block_1_58' title="bbox 2325 2541 3838 2620">
    <p class='ocr_par' dir='ltr' id='par_1_58' title="bbox 2325 2541 3838 2620">
     <span class='ocr_line' id='line_1_58' title="bbox 2325 2541 3838 2620; baseline -0.003 -22"><span class='ocrx_word' id='word_1_368' title='bbox 2325 2547 2583 2607; x_wconf 78' lang='grc' dir='ltr'>τάζοιντο.</span> <span class='ocrx_word' id='word_1_369' title='bbox 2615 2569 2641 2597; x_wconf 89' lang='grc'><strong>››</strong></span> <span class='ocrx_word' id='word_1_370' title='bbox 2705 2547 2958 2620; x_wconf 83' lang='grc' dir='ltr'>Ἐπιφέρει</span> <span class='ocrx_word' id='word_1_371' title='bbox 3012 2544 3071 2600; x_wconf 69' lang='grc' dir='ltr'><strong>δὲ</strong></span> <span class='ocrx_word' id='word_1_372' title='bbox 3102 2552 3191 2599; x_wconf 77' lang='grc' dir='ltr'>καὶ</span> <span class='ocrx_word' id='word_1_373' title='bbox 3221 2552 3402 2599; x_wconf 83' lang='grc' dir='ltr'>πᾶσαν</span> <span class='ocrx_word' id='word_1_374' title='bbox 3435 2547 3588 2598; x_wconf 72' lang='grc' dir='ltr'>αὐτοῦ</span> <span class='ocrx_word' id='word_1_375' title='bbox 3615 2551 3692 2604; x_wconf 81' lang='grc' dir='ltr'><strong>τὴν</strong></span> <span class='ocrx_word' id='word_1_376' title='bbox 3717 2541 3838 2609; x_wconf 69' lang='grc' dir='ltr'>δόξαν,</span> 
     </span>
    </p>
   </div>
   <div class='ocr_carea' id='block_1_59' title="bbox 2327 2634 3835 2709">
    <p class='ocr_par' dir='ltr' id='par_1_59' title="bbox 2327 2634 3835 2709">
     <span class='ocr_line' id='line_1_59' title="bbox 2327 2634 3835 2709; baseline -0.003 -21"><span class='ocrx_word' id='word_1_377' title='bbox 2327 2639 2538 2708; x_wconf 78' lang='grc' dir='ltr'>φάσκων</span> <span class='ocrx_word' id='word_1_378' title='bbox 2569 2638 2731 2699; x_wconf 78' lang='grc' dir='ltr'>οὕτως</span> <span class='ocrx_word' id='word_1_379' title='bbox 2757 2653 2770 2665; x_wconf 85' lang='grc'><em>’</em></span> <span class='ocrx_word' id='word_1_380' title='bbox 2818 2659 2838 2687; x_wconf 81' lang='grc' dir='ltr'>ι</span> <span class='ocrx_word' id='word_1_381' title='bbox 2886 2641 3134 2707; x_wconf 75' lang='grc' dir='ltr'>Λέγοντος</span> <span class='ocrx_word' id='word_1_382' title='bbox 3189 2634 3250 2689; x_wconf 80' lang='grc' dir='ltr'><strong>δέ</strong></span> <span class='ocrx_word' id='word_1_383' title='bbox 3291 2657 3399 2708; x_wconf 84' lang='grc' dir='ltr'><strong>μου</strong></span> <span class='ocrx_word' id='word_1_384' title='bbox 3454 2641 3578 2709; x_wconf 87' lang='grc' dir='ltr'>πρὸς</span> <span class='ocrx_word' id='word_1_385' title='bbox 3606 2636 3745 2704; x_wconf 72' lang='grc' dir='ltr'>αὑτὸν,</span> <span class='ocrx_word' id='word_1_386' title='bbox 3775 2639 3835 2686; x_wconf 80' lang='grc' dir='ltr'><strong>Πό-</strong></span> 
     </span>
    </p>
   </div>
   <div class='ocr_carea' id='block_1_60' title="bbox 2329 2721 3832 2796">
    <p class='ocr_par' dir='ltr' id='par_1_60' title="bbox 2329 2721 3832 2796">
     <span class='ocr_line' id='line_1_60' title="bbox 2329 2721 3832 2796; baseline -0.003 -18"><span class='ocrx_word' id='word_1_387' title='bbox 2329 2727 2409 2778; x_wconf 85' lang='grc' dir='ltr'><strong>θεν</strong></span> <span class='ocrx_word' id='word_1_388' title='bbox 2439 2729 2469 2784; x_wconf 80' lang='grc' dir='ltr'>ἡ</span> <span class='ocrx_word' id='word_1_389' title='bbox 2501 2723 2769 2788; x_wconf 77' lang='grc' dir='ltr'>ἀπόδειξις</span> <span class='ocrx_word' id='word_1_390' title='bbox 2809 2726 2941 2784; x_wconf 74' lang='grc' dir='ltr'>αὕτη</span> <span class='ocrx_word' id='word_1_391' title='bbox 2976 2745 3060 2778; x_wconf 93' lang='grc' dir='ltr'><strong>σοι</strong></span> <span class='ocrx_word' id='word_1_392' title='bbox 3088 2743 3102 2794; x_wconf 87' lang='grc'><strong>;</strong></span> <span class='ocrx_word' id='word_1_393' title='bbox 3134 2726 3163 2784; x_wconf 76' lang='grc' dir='ltr'><em>ἢ</em></span> <span class='ocrx_word' id='word_1_394' title='bbox 3197 2735 3308 2788; x_wconf 88' lang='grc' dir='ltr'>πῶς</span> <span class='ocrx_word' id='word_1_395' title='bbox 3358 2721 3590 2778; x_wconf 75' lang='grc' dir='ltr'>δύνασαι</span> <span class='ocrx_word' id='word_1_396' title='bbox 3613 2725 3832 2796; x_wconf 71' lang='grc' dir='ltr'>λέγεινρίαν</span> 
     </span>
    </p>
   </div>
   <div class='ocr_carea' id='block_1_61' title="bbox 2328 2815 3830 2889">
    <p class='ocr_par' dir='ltr' id='par_1_61' title="bbox 2328 2815 3830 2889">
     <span class='ocr_line' id='line_1_61' title="bbox 2328 2815 3830 2889; baseline -0.009 -15"><span class='ocrx_word' id='word_1_397' title='bbox 2328 2815 2504 2888; x_wconf 68' lang='grc' dir='ltr'>ἀρχὴν</span> <span class='ocrx_word' id='word_1_398' title='bbox 2549 2833 2562 2882; x_wconf 91' lang='grc'><strong>;</strong></span> <span class='ocrx_word' id='word_1_399' title='bbox 2624 2818 2825 2889; x_wconf 80' lang='grc' dir='ltr'>Φράσον</span> <span class='ocrx_word' id='word_1_400' title='bbox 2903 2818 3028 2888; x_wconf 83' lang='grc' dir='ltr'>ἡμῖν</span> <span class='ocrx_word' id='word_1_401' title='bbox 3071 2837 3084 2849; x_wconf 89' lang='grc'><strong>·</strong></span> <span class='ocrx_word' id='word_1_402' title='bbox 3145 2817 3261 2888; x_wconf 76' lang='grc' dir='ltr'>ἔφη,</span> <span class='ocrx_word' id='word_1_403' title='bbox 3312 2818 3414 2877; x_wconf 77' lang='grc' dir='ltr'>τὰς</span> <span class='ocrx_word' id='word_1_404' title='bbox 3476 2818 3562 2888; x_wconf 65' lang='grc' dir='ltr'>μὲν</span> <span class='ocrx_word' id='word_1_405' title='bbox 3608 2816 3830 2886; x_wconf 60' lang='grc' dir='ltr'>προφητείας</span> 
     </span>
    </p>
   </div>
   <div class='ocr_carea' id='block_1_62' title="bbox 2328 2901 3823 2976">
    <p class='ocr_par' dir='ltr' id='par_1_62' title="bbox 2328 2901 3823 2976">
     <span class='ocr_line' id='line_1_62' title="bbox 2328 2901 3823 2976; baseline -0.001 -18"><span class='ocrx_word' id='word_1_406' title='bbox 2328 2905 2515 2966; x_wconf 75' lang='grc' dir='ltr'>ἑαυτὰς</span> <span class='ocrx_word' id='word_1_407' title='bbox 2567 2903 2800 2976; x_wconf 77' lang='grc' dir='ltr'><strong>ἐλέγχειν</strong></span> <span class='ocrx_word' id='word_1_408' title='bbox 2845 2901 2940 2956; x_wconf 78' lang='grc' dir='ltr'><strong>διὰ</strong></span> <span class='ocrx_word' id='word_1_409' title='bbox 2979 2908 3036 2957; x_wconf 87' lang='grc' dir='ltr'><strong>τὸ</strong></span> <span class='ocrx_word' id='word_1_410' title='bbox 3085 2901 3251 2976; x_wconf 72' lang='grc' dir='ltr'>μηδὲν</span> <span class='ocrx_word' id='word_1_411' title='bbox 3309 2903 3447 2966; x_wconf 85' lang='grc' dir='ltr'><strong>ὅλως</strong></span> <span class='ocrx_word' id='word_1_412' title='bbox 3494 2903 3670 2962; x_wconf 81' lang='grc' dir='ltr'>ἀληθῶς</span> <span class='ocrx_word' id='word_1_413' title='bbox 3704 2902 3823 2974; x_wconf 60' lang='grc' dir='ltr'>εἰρξά-</span> 
     </span>
    </p>
   </div>
   <div class='ocr_carea' id='block_1_63' title="bbox 2326 2988 3809 3070">
    <p class='ocr_par' dir='ltr' id='par_1_63' title="bbox 2326 2988 3809 3070">
     <span class='ocr_line' id='line_1_63' title="bbox 2326 2988 3809 3070; baseline -0.003 -25"><span class='ocrx_word' id='word_1_414' title='bbox 2326 3014 2432 3048; x_wconf 89' lang='grc' dir='ltr'>ναι.</span> <span class='ocrx_word' id='word_1_415' title='bbox 2492 2997 2826 3066; x_wconf 77' lang='grc' dir='ltr'>’Δσύμφωνοι</span> <span class='ocrx_word' id='word_1_416' title='bbox 2877 2997 2978 3070; x_wconf 80' lang='grc' dir='ltr'><strong>γὰρ</strong></span> <span class='ocrx_word' id='word_1_417' title='bbox 3031 2995 3342 3066; x_wconf 79' lang='grc' dir='ltr'>ὑπάρχουσι</span> <span class='ocrx_word' id='word_1_418' title='bbox 3405 2999 3497 3046; x_wconf 85' lang='grc' dir='ltr'>καὶ</span> <span class='ocrx_word' id='word_1_419' title='bbox 3557 2988 3726 3064; x_wconf 75' lang='grc' dir='ltr'>ψευδεῖς,</span> <span class='ocrx_word' id='word_1_420' title='bbox 3757 2991 3809 3036; x_wconf 68' lang='grc' dir='ltr'><strong>καὶ</strong></span> 
     </span>
    </p>
   </div>
   <div class='ocr_carea' id='block_1_64' title="bbox 560 3078 2218 3154">
    <p class='ocr_par' dir='ltr' id='par_1_64' title="bbox 560 3079 2217 3150">
     <span class='ocr_line' id='line_1_64' title="bbox 560 3079 2217 3150; baseline -0.001 -13"><span class='ocrx_word' id='word_1_421' title='bbox 560 3081 1138 3138; x_wconf 86' lang='lat' dir='ltr'><strong>demonstrationem</strong></span> <span class='ocrx_word' id='word_1_422' title='bbox 1151 3081 1180 3136; x_wconf 80' lang='lat'><strong>?</strong></span> <span class='ocrx_word' id='word_1_423' title='bbox 1203 3085 1307 3135; x_wconf 87' lang='lat' dir='ltr'><strong>aut.</strong></span> <span class='ocrx_word' id='word_1_424' title='bbox 1330 3079 1638 3150; x_wconf 88' lang='lat' dir='ltr'><strong>quomodo</strong></span> <span class='ocrx_word' id='word_1_425' title='bbox 1655 3094 1840 3134; x_wconf 90' lang='lat' dir='ltr'><strong>unum</strong></span> <span class='ocrx_word' id='word_1_426' title='bbox 1856 3079 2217 3150; x_wconf 88' lang='lat' dir='ltr'><strong>principium</strong></span> 
     </span>
    </p>
   </div>
   <div class='ocr_carea' id='block_1_65' title="bbox 2326 3078 3802 3154">
    <p class='ocr_par' dir='ltr' id='par_1_65' title="bbox 2328 3078 3802 3154">
     <span class='ocr_line' id='line_1_65' title="bbox 2328 3078 3802 3154; baseline 0.001 -19"><span class='ocrx_word' id='word_1_427' title='bbox 2328 3082 2528 3142; x_wconf 83' lang='grc' dir='ltr'>ἑαυτοῖς</span> <span class='ocrx_word' id='word_1_428' title='bbox 2581 3081 2946 3154; x_wconf 80' lang='grc' dir='ltr'>ἁντικείμεναι.</span> <span class='ocrx_word' id='word_1_429' title='bbox 3001 3086 3069 3135; x_wconf 89' lang='grc' dir='ltr'>Τό</span> <span class='ocrx_word' id='word_1_430' title='bbox 3121 3079 3179 3134; x_wconf 76' lang='grc' dir='ltr'><strong>δὲ</strong></span> <span class='ocrx_word' id='word_1_431' title='bbox 3230 3090 3337 3142; x_wconf 86' lang='grc' dir='ltr'>πῶς</span> <span class='ocrx_word' id='word_1_432' title='bbox 3381 3084 3501 3135; x_wconf 79' lang='grc' dir='ltr'><strong>ἔστι</strong></span> <span class='ocrx_word' id='word_1_433' title='bbox 3530 3087 3620 3154; x_wconf 89' lang='grc' dir='ltr'><strong>μία</strong></span> <span class='ocrx_word' id='word_1_434' title='bbox 3643 3078 3802 3149; x_wconf 65' lang='grc' dir='ltr'>ἁρχὲιμῆ</span> 
     </span>
    </p>
   </div>
   <div class='ocr_carea' id='block_1_66' title="bbox 560 3167 2214 3240">
    <p class='ocr_par' dir='ltr' id='par_1_66' title="bbox 560 3167 2214 3240">
     <span class='ocr_line' id='line_1_66' title="bbox 560 3167 2214 3240; baseline -0.002 -14"><span class='ocrx_word' id='word_1_435' title='bbox 560 3186 694 3227; x_wconf 91' lang='lat' dir='ltr'><strong>esse</strong></span> <span class='ocrx_word' id='word_1_436' title='bbox 728 3185 994 3226; x_wconf 88' lang='lat' dir='ltr'><strong>asserere</strong></span> <span class='ocrx_word' id='word_1_437' title='bbox 1038 3173 1208 3240; x_wconf 90' lang='lat' dir='ltr'><strong>potes</strong></span> <span class='ocrx_word' id='word_1_438' title='bbox 1237 3167 1266 3222; x_wconf 85' lang='lat'><strong><em>?</em></strong></span> <span class='ocrx_word' id='word_1_439' title='bbox 1319 3168 1424 3222; x_wconf 90' lang='lat' dir='ltr'><strong>Dic</strong></span> <span class='ocrx_word' id='word_1_440' title='bbox 1460 3167 1634 3223; x_wconf 91' lang='lat' dir='ltr'><strong>nobis</strong></span> <span class='ocrx_word' id='word_1_441' title='bbox 1665 3186 1681 3238; x_wconf 83' lang='lat'><strong>;</strong></span> <span class='ocrx_word' id='word_1_442' title='bbox 1711 3172 1840 3223; x_wconf 91' lang='lat' dir='ltr'><strong>tum</strong></span> <span class='ocrx_word' id='word_1_443' title='bbox 1893 3167 1989 3222; x_wconf 91' lang='lat' dir='ltr'><strong>ille</strong></span> <span class='ocrx_word' id='word_1_444' title='bbox 2023 3183 2033 3220; x_wconf 94' lang='lat'>:</span> <span class='ocrx_word' id='word_1_445' title='bbox 2081 3171 2214 3223; x_wconf 84' lang='lat' dir='ltr'><strong>Pro-</strong></span> 
     </span>
    </p>
   </div>
   <div class='ocr_carea' id='block_1_67' title="bbox 561 3257 2216 3333">
    <p class='ocr_par' dir='ltr' id='par_1_67' title="bbox 561 3257 2216 3333">
     <span class='ocr_line' id='line_1_67' title="bbox 561 3257 2216 3333; baseline -0.002 -17"><span class='ocrx_word' id='word_1_446' title='bbox 561 3259 798 3333; x_wconf 71' lang='lat' dir='ltr'><strong>phetiae,</strong></span> <span class='ocrx_word' id='word_1_447' title='bbox 839 3258 1052 3331; x_wconf 91' lang='lat' dir='ltr'><strong>inquit,</strong></span> <span class='ocrx_word' id='word_1_448' title='bbox 1103 3273 1240 3330; x_wconf 66' lang='lat' dir='ltr'><strong>quae</strong></span> <span class='ocrx_word' id='word_1_449' title='bbox 1298 3257 1450 3314; x_wconf 79' lang='lat' dir='ltr'><strong>nihil</strong></span> <span class='ocrx_word' id='word_1_450' title='bbox 1500 3272 1742 3328; x_wconf 90' lang='lat' dir='ltr'><strong>prorsus</strong></span> <span class='ocrx_word' id='word_1_451' title='bbox 1808 3273 1942 3312; x_wconf 90' lang='lat' dir='ltr'><strong>vere</strong></span> <span class='ocrx_word' id='word_1_452' title='bbox 1995 3257 2216 3327; x_wconf 90' lang='lat' dir='ltr'><strong>dicant,</strong></span> 
     </span>
    </p>
   </div>
   <div class='ocr_carea' id='block_1_68' title="bbox 563 3345 2215 3421">
    <p class='ocr_par' dir='ltr' id='par_1_68' title="bbox 563 3345 2215 3421">
     <span class='ocr_line' id='line_1_68' title="bbox 563 3345 2215 3421; baseline -0.002 -15"><span class='ocrx_word' id='word_1_453' title='bbox 563 3349 789 3421; x_wconf 88' lang='lat' dir='ltr'><strong>seipsas</strong></span> <span class='ocrx_word' id='word_1_454' title='bbox 809 3347 1103 3413; x_wconf 84' lang='lat' dir='ltr'><strong>refellunt,</strong></span> <span class='ocrx_word' id='word_1_455' title='bbox 1128 3348 1350 3420; x_wconf 91' lang='lat' dir='ltr'><strong>quippe</strong></span> <span class='ocrx_word' id='word_1_456' title='bbox 1366 3345 1725 3402; x_wconf 90' lang='lat' dir='ltr'><strong>dissidentes</strong></span> <span class='ocrx_word' id='word_1_457' title='bbox 1747 3347 1897 3401; x_wconf 89' lang='lat' dir='ltr'><strong>inter</strong></span> <span class='ocrx_word' id='word_1_458' title='bbox 1918 3362 2000 3412; x_wconf 87' lang='lat' dir='ltr'><strong>se,</strong></span> <span class='ocrx_word' id='word_1_459' title='bbox 2027 3347 2215 3413; x_wconf 71' lang='lat' dir='ltr'><strong>falsae,</strong></span> 
     </span>
    </p>
   </div>
   <div class='ocr_carea' id='block_1_69' title="bbox 563 3435 2219 3510">
    <p class='ocr_par' dir='ltr' id='par_1_69' title="bbox 563 3435 2219 3510">
     <span class='ocr_line' id='line_1_69' title="bbox 563 3435 2219 3510; baseline -0.002 -14"><span class='ocrx_word' id='word_1_460' title='bbox 563 3444 620 3496; x_wconf 89' lang='lat' dir='ltr'><strong>et</strong></span> <span class='ocrx_word' id='word_1_461' title='bbox 671 3437 788 3494; x_wconf 91' lang='lat' dir='ltr'><strong>sibi</strong></span> <span class='ocrx_word' id='word_1_462' title='bbox 823 3437 974 3510; x_wconf 88' lang='lat' dir='ltr'><strong>ipsis</strong></span> <span class='ocrx_word' id='word_1_463' title='bbox 1005 3436 1296 3493; x_wconf 70' lang='lat' dir='ltr'><strong>adversas.</strong></span> <span class='ocrx_word' id='word_1_464' title='bbox 1327 3435 1643 3501; x_wconf 87' lang='lat' dir='ltr'><strong>Quomodo</strong></span> <span class='ocrx_word' id='word_1_465' title='bbox 1675 3441 1874 3492; x_wconf 92' lang='lat' dir='ltr'><strong>autem</strong></span> <span class='ocrx_word' id='word_1_466' title='bbox 1909 3452 2094 3492; x_wconf 88' lang='lat' dir='ltr'><strong>unum</strong></span> <span class='ocrx_word' id='word_1_467' title='bbox 2145 3437 2219 3493; x_wconf 89' lang='lat' dir='ltr'><strong>sit</strong></span> 
     </span>
    </p>
   </div>
   <div class='ocr_carea' id='block_1_70' title="bbox 561 3523 2218 3600">
    <p class='ocr_par' dir='ltr' id='par_1_70' title="bbox 561 3523 2218 3600">
     <span class='ocr_line' id='line_1_70' title="bbox 561 3523 2218 3600; baseline -0.002 -16"><span class='ocrx_word' id='word_1_468' title='bbox 561 3527 946 3600; x_wconf 90' lang='lat' dir='ltr'><strong>principium,</strong></span> <span class='ocrx_word' id='word_1_469' title='bbox 981 3526 1206 3581; x_wconf 89' lang='lat' dir='ltr'><strong>nescire</strong></span> <span class='ocrx_word' id='word_1_470' title='bbox 1237 3540 1320 3590; x_wconf 93' lang='lat' dir='ltr'><strong>se,</strong></span> <span class='ocrx_word' id='word_1_471' title='bbox 1348 3540 1418 3580; x_wconf 88' lang='lat' dir='ltr'><strong>ac</strong></span> <span class='ocrx_word' id='word_1_472' title='bbox 1436 3523 1856 3580; x_wconf 90' lang='lat' dir='ltr'><strong>tantummodo</strong></span> <span class='ocrx_word' id='word_1_473' title='bbox 1884 3523 1966 3579; x_wconf 91' lang='lat' dir='ltr'><strong>sic</strong></span> <span class='ocrx_word' id='word_1_474' title='bbox 1993 3525 2218 3580; x_wconf 90' lang='lat' dir='ltr'><strong>moveri</strong></span> 
     </span>
    </p>
   </div>
   <div class='ocr_carea' id='block_1_71' title="bbox 564 3613 2218 3685">
    <p class='ocr_par' dir='ltr' id='par_1_71' title="bbox 564 3613 2218 3685">
     <span class='ocr_line' id='line_1_71' title="bbox 564 3613 2218 3685; baseline -0.004 -11"><span class='ocrx_word' id='word_1_475' title='bbox 564 3621 621 3674; x_wconf 88' lang='lat' dir='ltr'><strong>et</strong></span> <span class='ocrx_word' id='word_1_476' title='bbox 666 3615 905 3680; x_wconf 88' lang='lat' dir='ltr'><strong>adduci,</strong></span> <span class='ocrx_word' id='word_1_477' title='bbox 939 3613 1107 3670; x_wconf 85' lang='lat' dir='ltr'><strong>dixit.</strong></span> <span class='ocrx_word' id='word_1_478' title='bbox 1140 3614 1429 3685; x_wconf 89' lang='lat' dir='ltr'><strong>Deinceps</strong></span> <span class='ocrx_word' id='word_1_479' title='bbox 1454 3613 1798 3683; x_wconf 91' lang='lat' dir='ltr'><strong>juramento</strong></span> <span class='ocrx_word' id='word_1_480' title='bbox 1822 3629 1980 3678; x_wconf 90' lang='lat' dir='ltr'><strong>eum,</strong></span> <span class='ocrx_word' id='word_1_481' title='bbox 2015 3619 2078 3669; x_wconf 90' lang='lat' dir='ltr'><strong>ut</strong></span> <span class='ocrx_word' id='word_1_482' title='bbox 2116 3630 2218 3669; x_wconf 89' lang='lat' dir='ltr'><strong>ve-</strong></span> 
     </span>
    </p>
   </div>
   <div class='ocr_carea' id='block_1_72' title="bbox 563 3702 2219 3774">
    <p class='ocr_par' dir='ltr' id='par_1_72' title="bbox 563 3702 2219 3774">
     <span class='ocr_line' id='line_1_72' title="bbox 563 3702 2219 3774; baseline -0.002 -12"><span class='ocrx_word' id='word_1_483' title='bbox 563 3722 700 3762; x_wconf 91' lang='lat' dir='ltr'><strong>rum</strong></span> <span class='ocrx_word' id='word_1_484' title='bbox 738 3704 980 3773; x_wconf 89' lang='lat' dir='ltr'><strong>diceret,</strong></span> <span class='ocrx_word' id='word_1_485' title='bbox 1010 3703 1208 3772; x_wconf 91' lang='lat' dir='ltr'><strong>adegi.</strong></span> <span class='ocrx_word' id='word_1_486' title='bbox 1250 3703 1316 3758; x_wconf 92' lang='lat' dir='ltr'><strong>Et</strong></span> <span class='ocrx_word' id='word_1_487' title='bbox 1347 3702 1442 3758; x_wconf 92' lang='lat' dir='ltr'><strong>ille</strong></span> <span class='ocrx_word' id='word_1_488' title='bbox 1463 3703 1718 3774; x_wconf 90' lang='lat' dir='ltr'><strong>juratus,</strong></span> <span class='ocrx_word' id='word_1_489' title='bbox 1752 3718 1893 3758; x_wconf 87' lang='lat' dir='ltr'><strong>vera</strong></span> <span class='ocrx_word' id='word_1_490' title='bbox 1919 3719 1983 3758; x_wconf 89' lang='lat' dir='ltr'><strong>se</strong></span> <span class='ocrx_word' id='word_1_491' title='bbox 2023 3704 2219 3759; x_wconf 91' lang='lat' dir='ltr'><strong>dicere</strong></span> 
     </span>
    </p>
   </div>
   <div class='ocr_carea' id='block_1_73' title="bbox 564 3791 2221 3867">
    <p class='ocr_par' dir='ltr' id='par_1_73' title="bbox 564 3791 2221 3867">
     <span class='ocr_line' id='line_1_73' title="bbox 564 3791 2221 3867; baseline -0.002 -15"><span class='ocrx_word' id='word_1_492' title='bbox 564 3793 1077 3867; x_wconf 82' lang='lat' dir='ltr'><strong>inquitzignorare</strong></span> <span class='ocrx_word' id='word_1_493' title='bbox 1109 3799 1330 3856; x_wconf 88' lang='lat' dir='ltr'><strong>autem,</strong></span> <span class='ocrx_word' id='word_1_494' title='bbox 1365 3791 1674 3864; x_wconf 93' lang='lat' dir='ltr'><strong>quomodo</strong></span> <span class='ocrx_word' id='word_1_495' title='bbox 1707 3793 1778 3847; x_wconf 93' lang='lat' dir='ltr'><strong>sit</strong></span> <span class='ocrx_word' id='word_1_496' title='bbox 1810 3809 1965 3847; x_wconf 90' lang='lat' dir='ltr'><strong>unus</strong></span> <span class='ocrx_word' id='word_1_497' title='bbox 1994 3792 2221 3862; x_wconf 90' lang='lat' dir='ltr'><strong>ingeni-</strong></span> 
     </span>
    </p>
   </div>
   <div class='ocr_carea' id='block_1_74' title="bbox 565 3880 2220 3952">
    <p class='ocr_par' dir='ltr' id='par_1_74' title="bbox 565 3880 2220 3952">
     <span class='ocr_line' id='line_1_74' title="bbox 565 3880 2220 3952; baseline -0.001 -13"><span class='ocrx_word' id='word_1_498' title='bbox 565 3888 660 3940; x_wconf 91' lang='lat' dir='ltr'><strong>tus</strong></span> <span class='ocrx_word' id='word_1_499' title='bbox 683 3885 879 3949; x_wconf 89' lang='lat' dir='ltr'><strong>Deus;</strong></span> <span class='ocrx_word' id='word_1_500' title='bbox 916 3882 1024 3937; x_wconf 92' lang='lat' dir='ltr'><strong>sed</strong></span> <span class='ocrx_word' id='word_1_501' title='bbox 1056 3887 1259 3937; x_wconf 88' lang='lat' dir='ltr'><strong>tamen</strong></span> <span class='ocrx_word' id='word_1_502' title='bbox 1306 3897 1368 3937; x_wconf 92' lang='lat' dir='ltr'><strong>se</strong></span> <span class='ocrx_word' id='word_1_503' title='bbox 1399 3881 1482 3937; x_wconf 86' lang='lat' dir='ltr'><strong>ita</strong></span> <span class='ocrx_word' id='word_1_504' title='bbox 1527 3880 1784 3936; x_wconf 85' lang='lat' dir='ltr'><strong>credere.</strong></span> <span class='ocrx_word' id='word_1_505' title='bbox 1834 3882 2033 3952; x_wconf 89' lang='lat' dir='ltr'><strong>Itaque</strong></span> <span class='ocrx_word' id='word_1_506' title='bbox 2079 3898 2220 3938; x_wconf 91' lang='lat' dir='ltr'><strong>eum</strong></span> 
     </span>
    </p>
   </div>
   <div class='ocr_carea' id='block_1_75' title="bbox 565 3970 2218 4043">
    <p class='ocr_par' dir='ltr' id='par_1_75' title="bbox 565 3970 2218 4043">
     <span class='ocr_line' id='line_1_75' title="bbox 565 3970 2218 4043; baseline -0.002 -13"><span class='ocrx_word' id='word_1_507' title='bbox 565 3973 688 4038; x_wconf 84' lang='lat' dir='ltr'><strong>risi,</strong></span> <span class='ocrx_word' id='word_1_508' title='bbox 722 3979 776 4027; x_wconf 89' lang='lat' dir='ltr'><strong>et</strong></span> <span class='ocrx_word' id='word_1_509' title='bbox 800 3971 997 4043; x_wconf 91' lang='lat' dir='ltr'><strong>rejeci,</strong></span> <span class='ocrx_word' id='word_1_510' title='bbox 1038 3971 1218 4043; x_wconf 77' lang='lat'><strong>328</strong></span> <span class='ocrx_word' id='word_1_511' title='bbox 1249 3971 1413 4042; x_wconf 90' lang='lat' dir='ltr'><strong>quod</strong></span> <span class='ocrx_word' id='word_1_512' title='bbox 1439 3987 1548 4041; x_wconf 93' lang='lat' dir='ltr'><strong>pro</strong></span> <span class='ocrx_word' id='word_1_513' title='bbox 1588 3970 1833 4027; x_wconf 92' lang='lat' dir='ltr'><strong>doctore</strong></span> <span class='ocrx_word' id='word_1_514' title='bbox 1871 3987 1935 4026; x_wconf 88' lang='lat' dir='ltr'><strong>se</strong></span> <span class='ocrx_word' id='word_1_515' title='bbox 1972 3977 2218 4041; x_wconf 88' lang='lat' dir='ltr'><strong>gereret,</strong></span> 
     </span>
    </p>
   </div>
   <div class='ocr_carea' id='block_1_76' title="bbox 568 4059 2220 4118">
    <p class='ocr_par' dir='ltr' id='par_1_76' title="bbox 568 4059 2220 4118">
     <span class='ocr_line' id='line_1_76' title="bbox 568 4059 2220 4118; baseline -0.001 -1"><span class='ocrx_word' id='word_1_516' title='bbox 568 4066 626 4118; x_wconf 89' lang='lat' dir='ltr'><strong>et</strong></span> <span class='ocrx_word' id='word_1_517' title='bbox 661 4061 996 4117; x_wconf 87' lang='lat' dir='ltr'><strong>doctrinam</strong></span> <span class='ocrx_word' id='word_1_518' title='bbox 1027 4077 1200 4115; x_wconf 87' lang='lat' dir='ltr'><strong>suam</strong></span> <span class='ocrx_word' id='word_1_519' title='bbox 1247 4059 1603 4115; x_wconf 89' lang='lat' dir='ltr'><strong>conﬁrmare</strong></span> <span class='ocrx_word' id='word_1_520' title='bbox 1651 4065 1706 4114; x_wconf 94' lang='lat' dir='ltr'><strong>et</strong></span> <span class='ocrx_word' id='word_1_521' title='bbox 1735 4060 2053 4116; x_wconf 87' lang='lat' dir='ltr'><strong>defendere</strong></span> <span class='ocrx_word' id='word_1_522' title='bbox 2100 4077 2220 4118; x_wconf 93' lang='lat' dir='ltr'><strong>non</strong></span> 
     </span>
    </p>
   </div>
   <div class='ocr_carea' id='block_1_77' title="bbox 569 4149 2221 4224">
    <p class='ocr_par' dir='ltr' id='par_1_77' title="bbox 569 4149 2221 4224">
     <span class='ocr_line' id='line_1_77' title="bbox 569 4149 2221 4224; baseline 0.001 -18"><span class='ocrx_word' id='word_1_523' title='bbox 569 4155 798 4224; x_wconf 89' lang='lat' dir='ltr'><strong>posset.</strong></span> <span class='ocrx_word' id='word_1_524' title='bbox 833 4171 862 4204; x_wconf 76' lang='grc' dir='ltr'>ι)</span> <span class='ocrx_word' id='word_1_525' title='bbox 886 4149 1326 4205; x_wconf 81' lang='lat' dir='ltr'><strong>Rhodonistein</strong></span> <span class='ocrx_word' id='word_1_526' title='bbox 1345 4149 1498 4204; x_wconf 90' lang='lat' dir='ltr'><strong>libro</strong></span> <span class='ocrx_word' id='word_1_527' title='bbox 1525 4163 1706 4220; x_wconf 91' lang='lat' dir='ltr'><strong>quem</strong></span> <span class='ocrx_word' id='word_1_528' title='bbox 1722 4149 1798 4205; x_wconf 91' lang='lat' dir='ltr'><strong>ad</strong></span> <span class='ocrx_word' id='word_1_529' title='bbox 1815 4150 2221 4207; x_wconf 88' lang='lat' dir='ltr'><strong>Callistionem</strong></span> 
     </span>
    </p>
   </div>
   <div class='ocr_carea' id='block_1_78' title="bbox 571 4238 2222 4312">
    <p class='ocr_par' dir='ltr' id='par_1_78' title="bbox 571 4238 2222 4312">
     <span class='ocr_line' id='line_1_78' title="bbox 571 4238 2222 4312; baseline -0.001 -16"><span class='ocrx_word' id='word_1_530' title='bbox 571 4239 826 4312; x_wconf 88' lang='lat' dir='ltr'><strong>scripsit,</strong></span> <span class='ocrx_word' id='word_1_531' title='bbox 859 4241 1062 4294; x_wconf 71' lang='lat' dir='ltr'><strong>Romae</strong></span> <span class='ocrx_word' id='word_1_532' title='bbox 1091 4238 1320 4293; x_wconf 90' lang='lat' dir='ltr'><strong>Tatiani</strong></span> <span class='ocrx_word' id='word_1_533' title='bbox 1349 4254 1410 4292; x_wconf 91' lang='lat' dir='ltr'><strong>se</strong></span> <span class='ocrx_word' id='word_1_534' title='bbox 1441 4238 1801 4309; x_wconf 90' lang='lat' dir='ltr'><strong>discipulum</strong></span> <span class='ocrx_word' id='word_1_535' title='bbox 1833 4238 2017 4294; x_wconf 88' lang='lat' dir='ltr'><strong>fuisse</strong></span> <span class='ocrx_word' id='word_1_536' title='bbox 2044 4240 2222 4309; x_wconf 87' lang='lat' dir='ltr'><strong>signi-</strong></span> 
     </span>
    </p>
   </div>
   <div class='ocr_carea' id='block_1_79' title="bbox 569 4326 2221 4399">
    <p class='ocr_par' dir='ltr' id='par_1_79' title="bbox 569 4326 2221 4399">
     <span class='ocr_line' id='line_1_79' title="bbox 569 4326 2221 4399; baseline -0.001 -13"><span class='ocrx_word' id='word_1_537' title='bbox 569 4329 730 4386; x_wconf 86' lang='lat' dir='ltr'><strong>ﬁcat.</strong></span> <span class='ocrx_word' id='word_1_538' title='bbox 766 4334 810 4382; x_wconf 79' lang='grc' dir='ltr'>Α</span> <span class='ocrx_word' id='word_1_539' title='bbox 853 4342 976 4399; x_wconf 91' lang='lat' dir='ltr'><strong>quo</strong></span> <span class='ocrx_word' id='word_1_540' title='bbox 1006 4342 1162 4398; x_wconf 91' lang='lat' dir='ltr'><strong>opus</strong></span> <span class='ocrx_word' id='word_1_541' title='bbox 1213 4326 1441 4382; x_wconf 89' lang='lat' dir='ltr'><strong>editum</strong></span> <span class='ocrx_word' id='word_1_542' title='bbox 1493 4341 1622 4381; x_wconf 91' lang='lat' dir='ltr'><strong>esse</strong></span> <span class='ocrx_word' id='word_1_543' title='bbox 1665 4333 2117 4394; x_wconf 90' lang='lat' dir='ltr'><strong>commemorat,</strong></span> <span class='ocrx_word' id='word_1_544' title='bbox 2160 4330 2221 4384; x_wconf 93' lang='lat' dir='ltr'><strong>in</strong></span> 
     </span>
    </p>
   </div>
   <div class='ocr_carea' id='block_1_80' title="bbox 571 4415 2222 4489">
    <p class='ocr_par' dir='ltr' id='par_1_80' title="bbox 571 4415 2222 4489">
     <span class='ocr_line' id='line_1_80' title="bbox 571 4415 2222 4489; baseline -0.001 -17"><span class='ocrx_word' id='word_1_545' title='bbox 571 4432 694 4489; x_wconf 92' lang='lat' dir='ltr'><strong>quo</strong></span> <span class='ocrx_word' id='word_1_546' title='bbox 713 4419 896 4472; x_wconf 90' lang='lat' dir='ltr'><strong>tectos</strong></span> <span class='ocrx_word' id='word_1_547' title='bbox 921 4421 978 4471; x_wconf 91' lang='lat' dir='ltr'><strong>et</strong></span> <span class='ocrx_word' id='word_1_548' title='bbox 998 4415 1288 4472; x_wconf 90' lang='lat' dir='ltr'><strong>obscuros</strong></span> <span class='ocrx_word' id='word_1_549' title='bbox 1317 4415 1657 4471; x_wconf 89' lang='lat' dir='ltr'><strong>divinarum</strong></span> <span class='ocrx_word' id='word_1_550' title='bbox 1680 4415 2027 4470; x_wconf 89' lang='lat' dir='ltr'><strong>Litterarum</strong></span> <span class='ocrx_word' id='word_1_551' title='bbox 2055 4417 2222 4472; x_wconf 90' lang='lat' dir='ltr'><strong>locos</strong></span> 
     </span>
    </p>
   </div>
   <div class='ocr_carea' id='block_1_81' title="bbox 570 4503 2217 4575">
    <p class='ocr_par' dir='ltr' id='par_1_81' title="bbox 570 4503 2217 4575">
     <span class='ocr_line' id='line_1_81' title="bbox 570 4503 2217 4575; baseline 0.001 -15"><span class='ocrx_word' id='word_1_552' title='bbox 570 4521 636 4562; x_wconf 82' lang='lat' dir='ltr'><strong>se</strong></span> <span class='ocrx_word' id='word_1_553' title='bbox 673 4504 1110 4561; x_wconf 88' lang='lat' dir='ltr'><strong>illustraturum</strong></span> <span class='ocrx_word' id='word_1_554' title='bbox 1150 4504 1680 4575; x_wconf 90' lang='lat' dir='ltr'><strong>expositurumque</strong></span> <span class='ocrx_word' id='word_1_555' title='bbox 1743 4503 2038 4574; x_wconf 89' lang='lat' dir='ltr'><strong>pollicitus</strong></span> <span class='ocrx_word' id='word_1_556' title='bbox 2102 4507 2172 4561; x_wconf 90' lang='lat' dir='ltr'><strong>sit</strong></span> <span class='ocrx_word' id='word_1_557' title='bbox 2206 4529 2217 4572; x_wconf 86' lang='lat'><strong>;</strong></span> 
     </span>
    </p>
   </div>
   <div class='ocr_carea' id='block_1_82' title="bbox 571 4593 2223 4668">
    <p class='ocr_par' dir='ltr' id='par_1_82' title="bbox 571 4593 2223 4668">
     <span class='ocr_line' id='line_1_82' title="bbox 571 4593 2223 4668; baseline -0.001 -17"><span class='ocrx_word' id='word_1_558' title='bbox 571 4595 820 4668; x_wconf 87' lang='lat' dir='ltr'><strong>ipseque</strong></span> <span class='ocrx_word' id='word_1_559' title='bbox 847 4593 1121 4660; x_wconf 81' lang='lat' dir='ltr'><strong>Rhodon,</strong></span> <span class='ocrx_word' id='word_1_560' title='bbox 1155 4594 1396 4665; x_wconf 89' lang='lat' dir='ltr'><strong>proprio</strong></span> <span class='ocrx_word' id='word_1_561' title='bbox 1431 4594 1698 4665; x_wconf 91' lang='lat' dir='ltr'><strong>quodam</strong></span> <span class='ocrx_word' id='word_1_562' title='bbox 1731 4594 1967 4663; x_wconf 90' lang='lat' dir='ltr'><strong>scripto,</strong></span> <span class='ocrx_word' id='word_1_563' title='bbox 2003 4609 2064 4650; x_wconf 90' lang='lat' dir='ltr'><strong>se</strong></span> <span class='ocrx_word' id='word_1_564' title='bbox 2088 4612 2223 4666; x_wconf 91' lang='lat' dir='ltr'><strong>pro-</strong></span> 
     </span>
    </p>
   </div>
   <div class='ocr_carea' id='block_1_83' title="bbox 571 4683 2218 4754">
    <p class='ocr_par' dir='ltr' id='par_1_83' title="bbox 571 4683 2218 4754">
     <span class='ocr_line' id='line_1_83' title="bbox 571 4683 2218 4754; baseline 0 -13"><span class='ocrx_word' id='word_1_565' title='bbox 571 4683 901 4742; x_wconf 89' lang='lat' dir='ltr'><strong>blematum</strong></span> <span class='ocrx_word' id='word_1_566' title='bbox 956 4689 1013 4738; x_wconf 91' lang='lat' dir='ltr'><strong>et</strong></span> <span class='ocrx_word' id='word_1_567' title='bbox 1044 4683 1524 4754; x_wconf 89' lang='lat' dir='ltr'><strong>propositionum</strong></span> <span class='ocrx_word' id='word_1_568' title='bbox 1554 4683 1708 4738; x_wconf 91' lang='lat' dir='ltr'><strong>illius</strong></span> <span class='ocrx_word' id='word_1_569' title='bbox 1763 4683 2093 4739; x_wconf 91' lang='lat' dir='ltr'><strong>solutiones</strong></span> <span class='ocrx_word' id='word_1_570' title='bbox 2126 4701 2218 4741; x_wconf 90' lang='lat' dir='ltr'><strong>ex-</strong></span> 
     </span>
    </p>
   </div>
   <div class='ocr_carea' id='block_1_84' title="bbox 2326 3160 3810 3244">
    <p class='ocr_par' dir='ltr' id='par_1_84' title="bbox 2326 3160 3810 3244">
     <span class='ocr_line' id='line_1_84' title="bbox 2326 3160 3810 3244; baseline -0.004 -22"><span class='ocrx_word' id='word_1_571' title='bbox 2326 3177 2599 3244; x_wconf 81' lang='grc' dir='ltr'>γινὼσκειν</span> <span class='ocrx_word' id='word_1_572' title='bbox 2653 3171 2817 3242; x_wconf 81' lang='grc' dir='ltr'>ἔλεγεν</span> <span class='ocrx_word' id='word_1_573' title='bbox 2874 3193 2886 3205; x_wconf 90' lang='grc'><strong>·</strong></span> <span class='ocrx_word' id='word_1_574' title='bbox 2937 3173 3099 3232; x_wconf 78' lang='grc' dir='ltr'>οὗνως</span> <span class='ocrx_word' id='word_1_575' title='bbox 3151 3168 3209 3224; x_wconf 76' lang='grc' dir='ltr'><strong>δὲ</strong></span> <span class='ocrx_word' id='word_1_576' title='bbox 3267 3175 3535 3224; x_wconf 81' lang='grc' dir='ltr'>κινεῖσθαι</span> <span class='ocrx_word' id='word_1_577' title='bbox 3579 3160 3810 3242; x_wconf 68' lang='grc' dir='ltr'>μόνον.Εἷτ1</span> 
     </span>
    </p>
   </div>
   <div class='ocr_carea' id='block_1_85' title="bbox 2327 3255 3817 3333">
    <p class='ocr_par' dir='ltr' id='par_1_85' title="bbox 2327 3255 3817 3333">
     <span class='ocr_line' id='line_1_85' title="bbox 2327 3255 3817 3333; baseline -0.001 -20"><span class='ocrx_word' id='word_1_578' title='bbox 2327 3260 2716 3333; x_wconf 82' lang='grc' dir='ltr'>ἐπομόσαμένου</span> <span class='ocrx_word' id='word_1_579' title='bbox 2771 3281 2871 3333; x_wconf 87' lang='grc' dir='ltr'><strong>μου</strong></span> <span class='ocrx_word' id='word_1_580' title='bbox 2925 3260 3144 3323; x_wconf 73' lang='grc' dir='ltr'>τάληθὲς</span> <span class='ocrx_word' id='word_1_581' title='bbox 3197 3261 3374 3325; x_wconf 85' lang='grc' dir='ltr'>εἰπεῖν,</span> <span class='ocrx_word' id='word_1_582' title='bbox 3425 3266 3614 3333; x_wconf 80' lang='grc' dir='ltr'>ὤμνυεν</span> <span class='ocrx_word' id='word_1_583' title='bbox 3653 3255 3817 3312; x_wconf 63' lang='grc' dir='ltr'>ἁληθτδίιν</span> 
     </span>
    </p>
   </div>
   <div class='ocr_carea' id='block_1_86' title="bbox 2327 3347 3825 3422">
    <p class='ocr_par' dir='ltr' id='par_1_86' title="bbox 2327 3347 3825 3422">
     <span class='ocr_line' id='line_1_86' title="bbox 2327 3347 3825 3422; baseline -0.005 -17"><span class='ocrx_word' id='word_1_584' title='bbox 2327 3349 2484 3420; x_wconf 80' lang='grc' dir='ltr'>λέγων</span> <span class='ocrx_word' id='word_1_585' title='bbox 2514 3367 2527 3380; x_wconf 87' lang='grc'><strong>·</strong></span> <span class='ocrx_word' id='word_1_586' title='bbox 2560 3355 2631 3422; x_wconf 85' lang='grc' dir='ltr'>μὴ</span> <span class='ocrx_word' id='word_1_587' title='bbox 2684 3349 3006 3403; x_wconf 81' lang='grc' dir='ltr'>ἐπίστασθαι</span> <span class='ocrx_word' id='word_1_588' title='bbox 3059 3347 3140 3417; x_wconf 69' lang='grc' dir='ltr'><strong>δὲ,</strong></span> <span class='ocrx_word' id='word_1_589' title='bbox 3189 3358 3294 3410; x_wconf 87' lang='grc' dir='ltr'>πῶς</span> <span class='ocrx_word' id='word_1_590' title='bbox 3339 3347 3423 3412; x_wconf 81' lang='grc' dir='ltr'>εἷς</span> <span class='ocrx_word' id='word_1_591' title='bbox 3467 3350 3598 3403; x_wconf 79' lang='grc' dir='ltr'>ἐστιν</span> <span class='ocrx_word' id='word_1_592' title='bbox 3645 3347 3825 3416; x_wconf 64' lang='grc' dir='ltr'><strong>ἀγένητος</strong></span> 
     </span>
    </p>
   </div>
   <div class='ocr_carea' id='block_1_87' title="bbox 2327 3436 3831 3510">
    <p class='ocr_par' dir='ltr' id='par_1_87' title="bbox 2327 3436 3831 3510">
     <span class='ocr_line' id='line_1_87' title="bbox 2327 3436 3831 3510; baseline -0.003 -17"><span class='ocrx_word' id='word_1_593' title='bbox 2327 3441 2538 3500; x_wconf 83' lang='grc' dir='ltr'>όΘεός·</span> <span class='ocrx_word' id='word_1_594' title='bbox 2582 3443 2746 3510; x_wconf 85' lang='grc' dir='ltr'>τούτῳ</span> <span class='ocrx_word' id='word_1_595' title='bbox 2796 3436 2856 3492; x_wconf 70' lang='grc' dir='ltr'><strong>δὲ</strong></span> <span class='ocrx_word' id='word_1_596' title='bbox 2905 3442 3188 3494; x_wconf 82' lang='grc' dir='ltr'>πιστεύειν.</span> <span class='ocrx_word' id='word_1_597' title='bbox 3234 3440 3367 3510; x_wconf 82' lang='grc' dir='ltr'><strong>Ἐγὼ</strong></span> <span class='ocrx_word' id='word_1_598' title='bbox 3418 3436 3478 3493; x_wconf 74' lang='grc' dir='ltr'><strong>δὲ</strong></span> <span class='ocrx_word' id='word_1_599' title='bbox 3529 3439 3726 3510; x_wconf 82' lang='grc' dir='ltr'>γελάσας,</span> <span class='ocrx_word' id='word_1_600' title='bbox 3753 3449 3831 3483; x_wconf 77' lang='grc' dir='ltr'><strong>κατ’</strong></span> 
     </span>
    </p>
   </div>
   <div class='ocr_carea' id='block_1_88' title="bbox 2322 3517 3833 3596">
    <p class='ocr_par' dir='ltr' id='par_1_88' title="bbox 2327 3518 3833 3596">
     <span class='ocr_line' id='line_1_88' title="bbox 2327 3518 3833 3596; baseline -0.001 -16"><span class='ocrx_word' id='word_1_601' title='bbox 2327 3533 2482 3596; x_wconf 89' lang='grc' dir='ltr'>ἐγνων</span> <span class='ocrx_word' id='word_1_602' title='bbox 2545 3528 2724 3594; x_wconf 75' lang='grc' dir='ltr'>αὐτοῦ,</span> <span class='ocrx_word' id='word_1_603' title='bbox 2805 3525 2946 3580; x_wconf 76' lang='grc' dir='ltr'>διότι</span> <span class='ocrx_word' id='word_1_604' title='bbox 3018 3525 3340 3588; x_wconf 77' lang='grc' dir='ltr'>διδασκαλος</span> <span class='ocrx_word' id='word_1_605' title='bbox 3406 3525 3532 3580; x_wconf 76' lang='grc' dir='ltr'>εἶναι</span> <span class='ocrx_word' id='word_1_606' title='bbox 3595 3527 3733 3596; x_wconf 78' lang='grc' dir='ltr'>λέγων,</span> <span class='ocrx_word' id='word_1_607' title='bbox 3774 3518 3833 3570; x_wconf 59' lang='grc' dir='ltr'><strong>οὐκ</strong></span> 
     </span>
    </p>
   </div>
   <div class='ocr_carea' id='block_1_89' title="bbox 2328 3603 3833 3691">
    <p class='ocr_par' dir='ltr' id='par_1_89' title="bbox 2328 3603 3833 3691">
     <span class='ocr_line' id='line_1_89' title="bbox 2328 3603 3833 3691; baseline -0.001 -22"><span class='ocrx_word' id='word_1_608' title='bbox 2328 3614 2449 3690; x_wconf 78' lang='grc' dir='ltr'>ᾔδει</span> <span class='ocrx_word' id='word_1_609' title='bbox 2496 3620 2553 3669; x_wconf 88' lang='grc' dir='ltr'><strong>τό</strong></span> <span class='ocrx_word' id='word_1_610' title='bbox 2604 3613 2990 3690; x_wconf 76' lang='grc' dir='ltr'><strong>διδασκόμενον</strong></span> <span class='ocrx_word' id='word_1_611' title='bbox 3042 3618 3130 3668; x_wconf 78' lang='grc' dir='ltr'><strong>ὑπ’</strong></span> <span class='ocrx_word' id='word_1_612' title='bbox 3175 3616 3344 3669; x_wconf 76' lang='grc' dir='ltr'>αὐτοῦ</span> <span class='ocrx_word' id='word_1_613' title='bbox 3395 3619 3664 3691; x_wconf 72' lang='grc' dir='ltr'>κρατύνειν.</span> <span class='ocrx_word' id='word_1_614' title='bbox 3695 3603 3833 3662; x_wconf 72' lang='grc' dir='ltr'><strong>»Ὧδ’</strong></span> 
     </span>
    </p>
   </div>
   <div class='ocr_carea' id='block_1_90' title="bbox 2327 3528 2724 3598">
    <p class='ocr_par' dir='ltr' id='par_1_90' title="bbox 2327 3528 2724 3598">
     <span class='ocr_line' id='line_1_90' title="bbox 2327 3528 2724 3598; baseline -0.003 -17"><span class='ocrx_word' id='word_1_615' title='bbox 2327 3533 2482 3598; x_wconf 86' lang='grc' dir='ltr'>ἐγνων</span> <span class='ocrx_word' id='word_1_616' title='bbox 2545 3528 2724 3594; x_wconf 75' lang='grc' dir='ltr'>αὐτοῦ,</span> 
     </span>
    </p>
   </div>
   <div class='ocr_carea' id='block_1_91' title="bbox 2329 3705 3832 3778">
    <p class='ocr_par' dir='ltr' id='par_1_91' title="bbox 2329 3705 3832 3778">
     <span class='ocr_line' id='line_1_91' title="bbox 2329 3705 3832 3778; baseline -0.002 -20"><span class='ocrx_word' id='word_1_617' title='bbox 2329 3706 2487 3768; x_wconf 77' lang='grc' dir='ltr'>αὐτὸς</span> <span class='ocrx_word' id='word_1_618' title='bbox 2538 3711 2627 3758; x_wconf 88' lang='grc' dir='ltr'>καὶ</span> <span class='ocrx_word' id='word_1_619' title='bbox 2681 3705 2730 3758; x_wconf 74' lang='grc' dir='ltr'>ἓν</span> <span class='ocrx_word' id='word_1_620' title='bbox 2781 3715 2853 3776; x_wconf 84' lang='grc' dir='ltr'><strong>τῷ</strong></span> <span class='ocrx_word' id='word_1_621' title='bbox 2902 3710 3029 3778; x_wconf 87' lang='grc' dir='ltr'>πρὸς</span> <span class='ocrx_word' id='word_1_622' title='bbox 3095 3705 3460 3759; x_wconf 78' lang='grc' dir='ltr'>Καλλιστίωνα</span> <span class='ocrx_word' id='word_1_623' title='bbox 3522 3707 3832 3777; x_wconf 69' lang='grc' dir='ltr'>προσφωνήματι</span> 
     </span>
    </p>
   </div>
   <div class='ocr_carea' id='block_1_92' title="bbox 2329 3787 3834 3867">
    <p class='ocr_par' dir='ltr' id='par_1_92' title="bbox 2329 3787 3834 3867">
     <span class='ocr_line' id='line_1_92' title="bbox 2329 3787 3834 3867; baseline 0 -19"><span class='ocrx_word' id='word_1_624' title='bbox 2329 3799 2413 3848; x_wconf 69' lang='grc' dir='ltr'><strong>ἐπὶ</strong></span> <span class='ocrx_word' id='word_1_625' title='bbox 2480 3795 2680 3867; x_wconf 81' lang='grc' dir='ltr'>Ῥώμης</span> <span class='ocrx_word' id='word_1_626' title='bbox 2741 3797 3134 3867; x_wconf 81' lang='grc' dir='ltr'>μαθητευθῆναι</span> <span class='ocrx_word' id='word_1_627' title='bbox 3209 3794 3344 3866; x_wconf 79' lang='grc' dir='ltr'>λέγει</span> <span class='ocrx_word' id='word_1_628' title='bbox 3425 3802 3658 3863; x_wconf 85' lang='grc' dir='ltr'>Τατιανῷ,</span> <span class='ocrx_word' id='word_1_629' title='bbox 3778 3787 3834 3835; x_wconf 63' lang='grc' dir='ltr'><strong>καὶ</strong></span> 
     </span>
    </p>
   </div>
   <div class='ocr_carea' id='block_1_93' title="bbox 2332 3879 3834 3958">
    <p class='ocr_par' dir='ltr' id='par_1_93' title="bbox 2332 3879 3834 3958">
     <span class='ocr_line' id='line_1_93' title="bbox 2332 3879 3834 3958; baseline -0.006 -22"><span class='ocrx_word' id='word_1_630' title='bbox 2332 3883 2530 3958; x_wconf 79' lang='grc' dir='ltr'>βιϐλίον</span> <span class='ocrx_word' id='word_1_631' title='bbox 2565 3887 2756 3956; x_wconf 84' lang='grc' dir='ltr'>ἱστορεί</span> <span class='ocrx_word' id='word_1_632' title='bbox 2799 3879 3167 3937; x_wconf 75' lang='grc' dir='ltr'>ἐσπουδάσθαι</span> <span class='ocrx_word' id='word_1_633' title='bbox 3195 3904 3207 3915; x_wconf 95' lang='grc'><strong>·</strong></span> <span class='ocrx_word' id='word_1_634' title='bbox 3244 3880 3279 3936; x_wconf 78' lang='grc' dir='ltr'><em>δ</em></span> <span class='ocrx_word' id='word_1_635' title='bbox 3285 3884 3318 3934; x_wconf 90' lang='grc' dir='ltr'>ι’</span> <span class='ocrx_word' id='word_1_636' title='bbox 3349 3885 3416 3936; x_wconf 80' lang='grc' dir='ltr'><strong>οὗ</strong></span> <span class='ocrx_word' id='word_1_637' title='bbox 3448 3888 3503 3936; x_wconf 60' lang='grc' dir='ltr'><strong>τὸ</strong></span> <span class='ocrx_word' id='word_1_638' title='bbox 3549 3879 3834 3949; x_wconf 70' lang='grc' dir='ltr'>κεκαλυμμένον</span> 
     </span>
    </p>
   </div>
   <div class='ocr_carea' id='block_1_94' title="bbox 2329 3968 3835 4046">
    <p class='ocr_par' dir='ltr' id='par_1_94' title="bbox 2329 3968 3835 4046">
     <span class='ocr_line' id='line_1_94' title="bbox 2329 3968 3835 4046; baseline 0.001 -21"><span class='ocrx_word' id='word_1_639' title='bbox 2329 3982 2428 4025; x_wconf 86' lang='grc' dir='ltr'>τῶν</span> <span class='ocrx_word' id='word_1_640' title='bbox 2458 3976 2602 4026; x_wconf 89' lang='grc' dir='ltr'>θείων</span> <span class='ocrx_word' id='word_1_641' title='bbox 2651 3980 2867 4046; x_wconf 79' lang='grc' dir='ltr'>Γραφῶν</span> <span class='ocrx_word' id='word_1_642' title='bbox 2900 3975 3315 4045; x_wconf 75' lang='grc' dir='ltr'>ὑπισχνούμενος</span> <span class='ocrx_word' id='word_1_643' title='bbox 3367 3970 3585 4031; x_wconf 75' lang='grc' dir='ltr'>εὔδηλον</span> <span class='ocrx_word' id='word_1_644' title='bbox 3633 3968 3835 4041; x_wconf 53' lang='lat' dir='ltr'><strong>sopiri“.</strong></span> 
     </span>
    </p>
   </div>
   <div class='ocr_carea' id='block_1_95' title="bbox 2332 4059 3835 4136">
    <p class='ocr_par' dir='ltr' id='par_1_95' title="bbox 2332 4059 3835 4136">
     <span class='ocr_line' id='line_1_95' title="bbox 2332 4059 3835 4136; baseline -0.009 -22"><span class='ocrx_word' id='word_1_645' title='bbox 2332 4065 2380 4114; x_wconf 79' lang='grc' dir='ltr'><strong>ἓν</strong></span> <span class='ocrx_word' id='word_1_646' title='bbox 2416 4059 2536 4133; x_wconf 81' lang='grc' dir='ltr'><strong>ἰδίῳ</strong></span> <span class='ocrx_word' id='word_1_647' title='bbox 2582 4066 2955 4136; x_wconf 88' lang='grc' dir='ltr'>συγγράμματι</span> <span class='ocrx_word' id='word_1_648' title='bbox 2998 4059 3190 4115; x_wconf 75' lang='grc' dir='ltr'>Ῥόδων</span> <span class='ocrx_word' id='word_1_649' title='bbox 3240 4059 3387 4122; x_wconf 82' lang='grc' dir='ltr'>οὗτος</span> <span class='ocrx_word' id='word_1_650' title='bbox 3427 4068 3516 4116; x_wconf 81' lang='grc' dir='ltr'>καὶ</span> <span class='ocrx_word' id='word_1_651' title='bbox 3553 4063 3636 4122; x_wconf 78' lang='grc' dir='ltr'>τὰς</span> <span class='ocrx_word' id='word_1_652' title='bbox 3655 4066 3731 4110; x_wconf 80' lang='grc' dir='ltr'><strong>τῶν</strong></span> <span class='ocrx_word' id='word_1_653' title='bbox 3757 4069 3835 4125; x_wconf 72' lang='grc' dir='ltr'><strong>προ-</strong></span> 
     </span>
    </p>
   </div>
   <div class='ocr_carea' id='block_1_96' title="bbox 2333 4145 3834 4222">
    <p class='ocr_par' dir='ltr' id='par_1_96' title="bbox 2333 4145 3834 4222">
     <span class='ocr_line' id='line_1_96' title="bbox 2333 4145 3834 4222; baseline -0.003 -19"><span class='ocrx_word' id='word_1_654' title='bbox 2333 4151 2605 4222; x_wconf 80' lang='grc' dir='ltr'>ϐλημάτων</span> <span class='ocrx_word' id='word_1_655' title='bbox 2658 4152 2852 4205; x_wconf 80' lang='grc' dir='ltr'>ἐκείνου</span> <span class='ocrx_word' id='word_1_656' title='bbox 2917 4152 3093 4212; x_wconf 82' lang='grc' dir='ltr'>λύσεις</span> <span class='ocrx_word' id='word_1_657' title='bbox 3160 4151 3484 4210; x_wconf 80' lang='grc' dir='ltr'>ἐκθήσεσθαι</span> <span class='ocrx_word' id='word_1_658' title='bbox 3545 4145 3834 4221; x_wconf 66' lang='grc' dir='ltr'>ἐπαγγέλλεται</span> 
     </span>
    </p>
   </div>
   <div class='ocr_carea' id='block_1_97' title="bbox 2334 4234 3836 4313">
    <p class='ocr_par' dir='ltr' id='par_1_97' title="bbox 2334 4234 3836 4313">
     <span class='ocr_line' id='line_1_97' title="bbox 2334 4234 3836 4313; baseline -0.005 -19"><span class='ocrx_word' id='word_1_659' title='bbox 2334 4247 2433 4294; x_wconf 85' lang='grc' dir='ltr'><strong>Καὶ</strong></span> <span class='ocrx_word' id='word_1_660' title='bbox 2484 4241 2554 4303; x_wconf 85' lang='grc' dir='ltr'><strong>εἰς</strong></span> <span class='ocrx_word' id='word_1_661' title='bbox 2607 4245 2698 4299; x_wconf 77' lang='grc' dir='ltr'><strong>τὴν</strong></span> <span class='ocrx_word' id='word_1_662' title='bbox 2771 4242 3085 4313; x_wconf 82' lang='grc' dir='ltr'>Ἐξαήμερον</span> <span class='ocrx_word' id='word_1_663' title='bbox 3151 4238 3210 4294; x_wconf 76' lang='grc' dir='ltr'><strong>δὲ</strong></span> <span class='ocrx_word' id='word_1_664' title='bbox 3267 4239 3429 4294; x_wconf 71' lang='grc' dir='ltr'>αὐτοῦ</span> <span class='ocrx_word' id='word_1_665' title='bbox 3492 4241 3624 4312; x_wconf 87' lang='grc' dir='ltr'>λόγοι</span> <span class='ocrx_word' id='word_1_666' title='bbox 3668 4234 3836 4304; x_wconf 53' lang='lat' dir='ltr'><strong>diuiso?“</strong></span> 
     </span>
    </p>
   </div>
   <div class='ocr_carea' id='block_1_98' title="bbox 2332 4322 3834 4403">
    <p class='ocr_par' dir='ltr' id='par_1_98' title="bbox 2332 4322 3834 4403">
     <span class='ocr_line' id='line_1_98' title="bbox 2332 4322 3834 4403; baseline -0.009 -20"><span class='ocrx_word' id='word_1_667' title='bbox 2332 4334 2587 4403; x_wconf 75' lang='grc' dir='ltr'>φέρονται.</span> <span class='ocrx_word' id='word_1_668' title='bbox 2637 4330 2809 4384; x_wconf 85' lang='grc' dir='ltr'>Πολλά</span> <span class='ocrx_word' id='word_1_669' title='bbox 2866 4327 2923 4383; x_wconf 71' lang='grc' dir='ltr'><strong>δὲ</strong></span> <span class='ocrx_word' id='word_1_670' title='bbox 2972 4333 2997 4382; x_wconf 93' lang='grc' dir='ltr'><strong>ό</strong></span> <span class='ocrx_word' id='word_1_671' title='bbox 3047 4330 3307 4402; x_wconf 82' lang='grc' dir='ltr'>εἰρημένος</span> <span class='ocrx_word' id='word_1_672' title='bbox 3359 4330 3601 4390; x_wconf 82' lang='grc' dir='ltr'>Ἀπελλῆς</span> <span class='ocrx_word' id='word_1_673' title='bbox 3645 4327 3748 4378; x_wconf 70' lang='grc' dir='ltr'>κατὰ</span> <span class='ocrx_word' id='word_1_674' title='bbox 3779 4322 3834 4369; x_wconf 72' lang='grc' dir='ltr'><strong>τοῦ</strong></span> 
     </span>
    </p>
   </div>
   <div class='ocr_carea' id='block_1_99' title="bbox 2332 4412 3830 4494">
    <p class='ocr_par' dir='ltr' id='par_1_99' title="bbox 2332 4412 3830 4494">
     <span class='ocr_line' id='line_1_99' title="bbox 2332 4412 3830 4494; baseline 0.001 -22"><span class='ocrx_word' id='word_1_675' title='bbox 2332 4426 2619 4472; x_wconf 77' lang='grc' dir='ltr'>Μωσαῐκοὺ</span> <span class='ocrx_word' id='word_1_676' title='bbox 2680 4419 3002 4494; x_wconf 81' lang='grc' dir='ltr'>παρετάξατο</span> <span class='ocrx_word' id='word_1_677' title='bbox 3058 4424 3237 4490; x_wconf 88' lang='grc' dir='ltr'>νόμου,</span> <span class='ocrx_word' id='word_1_678' title='bbox 3287 4419 3354 4480; x_wconf 72' lang='grc' dir='ltr'>εἲς</span> <span class='ocrx_word' id='word_1_679' title='bbox 3404 4419 3677 4490; x_wconf 74' lang='grc' dir='ltr'>ἀνατροπὴν</span> <span class='ocrx_word' id='word_1_680' title='bbox 3707 4412 3830 4464; x_wconf 47' lang='lat' dir='ltr'><strong>eum”</strong></span> 
     </span>
    </p>
   </div>
   <div class='ocr_carea' id='block_1_100' title="bbox 2331 4505 3831 4581">
    <p class='ocr_par' dir='ltr' id='par_1_100' title="bbox 2331 4505 3831 4581">
     <span class='ocr_line' id='line_1_100' title="bbox 2331 4505 3831 4581; baseline -0.008 -21"><span class='ocrx_word' id='word_1_681' title='bbox 2331 4508 2424 4560; x_wconf 78' lang='grc' dir='ltr'>οὐκ</span> <span class='ocrx_word' id='word_1_682' title='bbox 2472 4509 2759 4581; x_wconf 80' lang='grc' dir='ltr'>ἐλαχίστην</span> <span class='ocrx_word' id='word_1_683' title='bbox 2816 4505 3165 4580; x_wconf 78' lang='grc' dir='ltr'>ἐνδειξάμενος</span> <span class='ocrx_word' id='word_1_684' title='bbox 3218 4513 3311 4567; x_wconf 82' lang='grc' dir='ltr'>τὴν</span> <span class='ocrx_word' id='word_1_685' title='bbox 3373 4506 3623 4566; x_wconf 78' lang='grc' dir='ltr'>σπουδὴν.</span> <span class='ocrx_word' id='word_1_686' title='bbox 3683 4505 3831 4556; x_wconf 65' lang='grc' dir='ltr'>Τοιαῦτα</span> 
     </span>
    </p>
   </div>
   <div class='ocr_carea' id='block_1_101' title="bbox 2330 4587 3824 4672">
    <p class='ocr_par' dir='ltr' id='par_1_101' title="bbox 2330 4587 3824 4672">
     <span class='ocr_line' id='line_1_101' title="bbox 2330 4587 3824 4672; baseline -0.003 -24"><span class='ocrx_word' id='word_1_687' title='bbox 2330 4603 2418 4650; x_wconf 88' lang='grc' dir='ltr'>καὶ</span> <span class='ocrx_word' id='word_1_688' title='bbox 2449 4598 2518 4660; x_wconf 84' lang='grc' dir='ltr'>εἰς</span> <span class='ocrx_word' id='word_1_689' title='bbox 2569 4600 2636 4650; x_wconf 79' lang='grc' dir='ltr'><strong>τὰ</strong></span> <span class='ocrx_word' id='word_1_690' title='bbox 2680 4599 2815 4650; x_wconf 81' lang='grc' dir='ltr'>κατὰ</span> <span class='ocrx_word' id='word_1_691' title='bbox 2864 4602 2958 4655; x_wconf 77' lang='grc' dir='ltr'><strong>την</strong></span> <span class='ocrx_word' id='word_1_692' title='bbox 3011 4595 3274 4670; x_wconf 77' lang='grc' dir='ltr'>διαίρεσιν</span> <span class='ocrx_word' id='word_1_693' title='bbox 3322 4607 3414 4659; x_wconf 82' lang='grc' dir='ltr'><strong>τῆς</strong></span> <span class='ocrx_word' id='word_1_694' title='bbox 3443 4601 3716 4672; x_wconf 85' lang='grc' dir='ltr'>Μαρκίωνος</span> <span class='ocrx_word' id='word_1_695' title='bbox 3734 4587 3824 4645; x_wconf 65' lang='grc' dir='ltr'><strong>δοῖες</strong></span> 
     </span>
    </p>
   </div>
   <div class='ocr_carea' id='block_1_102' title="bbox 2336 4684 3059 4761">
    <p class='ocr_par' dir='ltr' id='par_1_102' title="bbox 2336 4684 3059 4761">
     <span class='ocr_line' id='line_1_102' title="bbox 2336 4684 3059 4761; baseline 0.004 -23"><span class='ocrx_word' id='word_1_696' title='bbox 2336 4691 2701 4761; x_wconf 84' lang='grc' dir='ltr'>συγγραφέντα</span> <span class='ocrx_word' id='word_1_697' title='bbox 2728 4695 2801 4757; x_wconf 86' lang='grc' dir='ltr'><strong>τῷ</strong></span> <span class='ocrx_word' id='word_1_698' title='bbox 2825 4684 3059 4741; x_wconf 81' lang='grc' dir='ltr'>Ῥόδωνι.</span> 
     </span>
    </p>
   </div>
   <div class='ocr_carea' id='block_1_103' title="bbox 569 4759 3822 4848">
    <p class='ocr_par' dir='ltr' id='par_1_103' title="bbox 569 4759 3822 4848">
     <span class='ocr_line' id='line_1_103' title="bbox 569 4759 3822 4848; baseline -0.004 -19"><span class='ocrx_word' id='word_1_699' title='bbox 569 4774 956 4846; x_wconf 89' lang='lat' dir='ltr'><strong>planaturum</strong></span> <span class='ocrx_word' id='word_1_700' title='bbox 1004 4771 1314 4844; x_wconf 89' lang='lat' dir='ltr'><strong>promittit.</strong></span> <span class='ocrx_word' id='word_1_701' title='bbox 1374 4775 1658 4828; x_wconf 87' lang='lat' dir='ltr'><strong>Feruntur</strong></span> <span class='ocrx_word' id='word_1_702' title='bbox 1685 4773 1861 4828; x_wconf 89' lang='lat' dir='ltr'><strong>etiam</strong></span> <span class='ocrx_word' id='word_1_703' title='bbox 1903 4773 2047 4828; x_wconf 89' lang='lat' dir='ltr'><strong>varii</strong></span> <span class='ocrx_word' id='word_1_704' title='bbox 2093 4775 2222 4843; x_wconf 85' lang='lat' dir='ltr'><strong>ejus</strong></span> <span class='ocrx_word' id='word_1_705' title='bbox 2267 4774 2400 4831; x_wconf 90' lang='lat' dir='ltr'><strong>libri</strong></span> <span class='ocrx_word' id='word_1_706' title='bbox 2452 4759 2509 4831; x_wconf 86' lang='lat' dir='ltr'><strong>in</strong></span> <span class='ocrx_word' id='word_1_707' title='bbox 2550 4779 2973 4832; x_wconf 83' lang='lat' dir='ltr'><strong>Hexaemeron.</strong></span> <span class='ocrx_word' id='word_1_708' title='bbox 3008 4775 3242 4847; x_wconf 85' lang='lat' dir='ltr'><strong>Apelles</strong></span> <span class='ocrx_word' id='word_1_709' title='bbox 3273 4779 3496 4846; x_wconf 90' lang='lat' dir='ltr'><strong>autem,</strong></span> <span class='ocrx_word' id='word_1_710' title='bbox 3542 4788 3700 4848; x_wconf 87' lang='lat' dir='ltr'><strong>quem</strong></span> <span class='ocrx_word' id='word_1_711' title='bbox 3737 4759 3822 4820; x_wconf 72' lang='lat' dir='ltr'><strong>dixi-</strong></span> 
     </span>
    </p>
   </div>
   <div class='ocr_carea' id='block_1_104' title="bbox 573 4853 3832 4935">
    <p class='ocr_par' dir='ltr' id='par_1_104' title="bbox 573 4853 3832 4935">
     <span class='ocr_line' id='line_1_104' title="bbox 573 4853 3832 4935; baseline -0.001 -16"><span class='ocrx_word' id='word_1_712' title='bbox 573 4879 729 4928; x_wconf 88' lang='lat' dir='ltr'><strong>mus,</strong></span> <span class='ocrx_word' id='word_1_713' title='bbox 763 4861 951 4918; x_wconf 88' lang='lat' dir='ltr'><strong>multa</strong></span> <span class='ocrx_word' id='word_1_714' title='bbox 979 4862 1160 4918; x_wconf 89' lang='lat' dir='ltr'><strong>etiam</strong></span> <span class='ocrx_word' id='word_1_715' title='bbox 1197 4865 1404 4917; x_wconf 89' lang='lat' dir='ltr'><strong>contra</strong></span> <span class='ocrx_word' id='word_1_716' title='bbox 1459 4863 1774 4917; x_wconf 82' lang='lat' dir='ltr'><strong>Mosaicam</strong></span> <span class='ocrx_word' id='word_1_717' title='bbox 1805 4862 2001 4930; x_wconf 88' lang='lat' dir='ltr'><strong>legem</strong></span> <span class='ocrx_word' id='word_1_718' title='bbox 2051 4865 2409 4934; x_wconf 87' lang='lat' dir='ltr'><strong>composuit,</strong></span> <span class='ocrx_word' id='word_1_719' title='bbox 2454 4865 2780 4935; x_wconf 88' lang='lat' dir='ltr'><strong>plurimum</strong></span> <span class='ocrx_word' id='word_1_720' title='bbox 2825 4865 3002 4921; x_wconf 88' lang='lat' dir='ltr'><strong>studii</strong></span> <span class='ocrx_word' id='word_1_721' title='bbox 3039 4864 3115 4920; x_wconf 89' lang='lat' dir='ltr'><strong>ad</strong></span> <span class='ocrx_word' id='word_1_722' title='bbox 3147 4881 3281 4922; x_wconf 90' lang='lat' dir='ltr'><strong>eam</strong></span> <span class='ocrx_word' id='word_1_723' title='bbox 3327 4864 3691 4921; x_wconf 82' lang='lat' dir='ltr'><strong>evertendam</strong></span> <span class='ocrx_word' id='word_1_724' title='bbox 3718 4853 3832 4912; x_wconf 68' lang='grc' dir='ltr'><strong>οοὶιο·</strong></span> 
     </span>
    </p>
   </div>
   <div class='ocr_carea' id='block_1_105' title="bbox 573 4950 2964 5026">
    <p class='ocr_par' dir='ltr' id='par_1_105' title="bbox 573 4950 2964 5026">
     <span class='ocr_line' id='line_1_105' title="bbox 573 4950 2964 5026; baseline 0 -18"><span class='ocrx_word' id='word_1_725' title='bbox 573 4967 742 5008; x_wconf 89' lang='lat' dir='ltr'><strong>cans.</strong></span> <span class='ocrx_word' id='word_1_726' title='bbox 771 4952 904 5007; x_wconf 84' lang='lat' dir='ltr'><strong>Haec</strong></span> <span class='ocrx_word' id='word_1_727' title='bbox 927 4950 1179 5009; x_wconf 83' lang='lat' dir='ltr'><strong>Rh’odon</strong></span> <span class='ocrx_word' id='word_1_728' title='bbox 1210 4950 1497 5007; x_wconf 88' lang='lat' dir='ltr'><strong>adversus</strong></span> <span class='ocrx_word' id='word_1_729' title='bbox 1524 4951 1884 5007; x_wconf 90' lang='lat' dir='ltr'><strong>divisionem</strong></span> <span class='ocrx_word' id='word_1_730' title='bbox 1923 4952 2236 5008; x_wconf 89' lang='lat' dir='ltr'><strong>Marcionis</strong></span> <span class='ocrx_word' id='word_1_731' title='bbox 2267 4954 2566 5024; x_wconf 90' lang='lat' dir='ltr'><strong>opinionis</strong></span> <span class='ocrx_word' id='word_1_732' title='bbox 2595 4953 2964 5026; x_wconf 88' lang='lat' dir='ltr'><strong>conscripsit.</strong></span> 
     </span>
    </p>
   </div>
   <div class='ocr_carea' id='block_1_106' title="bbox 647 5147 2202 5221">
    <p class='ocr_par' dir='ltr' id='par_1_106' title="bbox 647 5147 2202 5221">
     <span class='ocr_line' id='line_1_106' title="bbox 647 5147 2202 5221; baseline -0.003 -17"><span class='ocrx_word' id='word_1_733' title='bbox 647 5149 726 5221; x_wconf 82' lang='lat' dir='ltr'><strong>(l)</strong></span> <span class='ocrx_word' id='word_1_734' title='bbox 770 5147 985 5221; x_wconf 69' lang='lat' dir='ltr'><strong>Euseb.</strong></span> <span class='ocrx_word' id='word_1_735' title='bbox 1040 5147 1158 5221; x_wconf 84' lang='lat' dir='ltr'><strong>lib.</strong></span> <span class='ocrx_word' id='word_1_736' title='bbox 1199 5164 1256 5218; x_wconf 93' lang='lat' dir='ltr'><strong>v,</strong></span> <span class='ocrx_word' id='word_1_737' title='bbox 1285 5164 1417 5221; x_wconf 88' lang='lat' dir='ltr'><strong>cap.</strong></span> <span class='ocrx_word' id='word_1_738' title='bbox 1474 5149 1561 5216; x_wconf 85' lang='lat' dir='ltr'><strong>l3,</strong></span> <span class='ocrx_word' id='word_1_739' title='bbox 1587 5148 1892 5212; x_wconf 78' lang='grc' dir='ltr'>ἠλπικότας,</span> <span class='ocrx_word' id='word_1_740' title='bbox 1951 5147 2066 5202; x_wconf 88' lang='lat' dir='ltr'><strong>hoc</strong></span> <span class='ocrx_word' id='word_1_741' title='bbox 2096 5150 2202 5210; x_wconf 91' lang='lat' dir='ltr'><strong>est,</strong></span> 
     </span>
    </p>
   </div>
   <div class='ocr_carea' id='block_1_107' title="bbox 577 5220 2206 5294">
    <p class='ocr_par' dir='ltr' id='par_1_107' title="bbox 577 5220 2206 5294">
     <span class='ocr_line' id='line_1_107' title="bbox 577 5220 2206 5294; baseline -0.001 -19"><span class='ocrx_word' id='word_1_742' title='bbox 577 5220 903 5293; x_wconf 87' lang='lat' dir='ltr'><strong>sperantes.</strong></span> <span class='ocrx_word' id='word_1_743' title='bbox 933 5220 1099 5278; x_wconf 85' lang='lat' dir='ltr'><strong>Idem</strong></span> <span class='ocrx_word' id='word_1_744' title='bbox 1133 5220 1366 5293; x_wconf 82' lang='lat' dir='ltr'><strong>Apelles</strong></span> <span class='ocrx_word' id='word_1_745' title='bbox 1393 5221 1556 5287; x_wconf 82' lang='lat' dir='ltr'><strong>dixit,</strong></span> <span class='ocrx_word' id='word_1_746' title='bbox 1607 5235 1853 5294; x_wconf 89' lang='lat' dir='ltr'><strong>prorsus</strong></span> <span class='ocrx_word' id='word_1_747' title='bbox 1891 5234 2046 5291; x_wconf 90' lang='lat' dir='ltr'><strong>opus</strong></span> <span class='ocrx_word' id='word_1_748' title='bbox 2083 5234 2206 5274; x_wconf 90' lang='lat' dir='ltr'><strong>non</strong></span> 
     </span>
    </p>
   </div>
   <div class='ocr_carea' id='block_1_108' title="bbox 2225 5430 2293 5442">
    <p class='ocr_par' dir='ltr' id='par_1_108' title="bbox 2225 5430 2293 5442">
     <span class='ocr_line' id='line_1_108' title="bbox 2225 5430 2293 5442; baseline -0.044 0"><span class='ocrx_word' id='word_1_749' title='bbox 2225 5430 2293 5442; x_wconf 63' lang='lat'><strong>.—</strong></span> 
     </span>
    </p>
   </div>
   <div class='ocr_carea' id='block_1_109' title="bbox 2317 5148 3834 5222">
    <p class='ocr_par' dir='ltr' id='par_1_109' title="bbox 2317 5148 3834 5222">
     <span class='ocr_line' id='line_1_109' title="bbox 2317 5148 3834 5222; baseline -0.001 -20"><span class='ocrx_word' id='word_1_750' title='bbox 2317 5163 2451 5203; x_wconf 88' lang='lat' dir='ltr'><strong>esse</strong></span> <span class='ocrx_word' id='word_1_751' title='bbox 2477 5148 2769 5222; x_wconf 82' lang='lat' dir='ltr'><strong>rationem</strong></span> <span class='ocrx_word' id='word_1_752' title='bbox 2789 5149 2923 5205; x_wconf 90' lang='lat' dir='ltr'><strong>ﬁdei</strong></span> <span class='ocrx_word' id='word_1_753' title='bbox 2943 5149 3263 5222; x_wconf 89' lang='lat' dir='ltr'><strong>inquirere.</strong></span> <span class='ocrx_word' id='word_1_754' title='bbox 3286 5150 3389 5206; x_wconf 91' lang='lat' dir='ltr'><strong>sed</strong></span> <span class='ocrx_word' id='word_1_755' title='bbox 3411 5149 3834 5222; x_wconf 65' lang='lat' dir='ltr'><strong>insuaquemglle</strong></span> 
     </span>
    </p>
   </div>
   <div class='ocr_carea' id='block_1_110' title="bbox 2315 5213 3769 5293">
    <p class='ocr_par' dir='ltr' id='par_1_110' title="bbox 2315 5213 3769 5293">
     <span class='ocr_line' id='line_1_110' title="bbox 2315 5213 3769 5293; baseline -0.002 -19"><span class='ocrx_word' id='word_1_756' title='bbox 2315 5220 2705 5291; x_wconf 88' lang='lat' dir='ltr'><strong>persuasione</strong></span> <span class='ocrx_word' id='word_1_757' title='bbox 2733 5213 3114 5293; x_wconf 73' lang='lat' dir='ltr'><strong>perseverare</strong></span> <span class='ocrx_word' id='word_1_758' title='bbox 3135 5222 3375 5278; x_wconf 91' lang='lat' dir='ltr'><strong>debere.</strong></span> <span class='ocrx_word' id='word_1_759' title='bbox 3403 5221 3513 5293; x_wconf 92' lang='lat' dir='ltr'><strong>(1d.</strong></span> <span class='ocrx_word' id='word_1_760' title='bbox 3538 5213 3769 5282; x_wconf 87' lang='lat' dir='ltr'><strong>ibidem.)</strong></span> 
     </span>
    </p>
   </div>
  </div>
