4036 6288
135 327 166 381 1
175 325 308 381 049

781 453 1025 506 ΚΕΦΑΛ.
1059 450 1142 505 A'.

135 564 326 634 Περὶ
387 567 495 612 τοῦ
555 561 732 634 κατὰ,
789 558 1077 611 Βλάστον
1133 561 1250 633 καὶ
1320 557 1641 634 Φλωρξνον
1706 557 1762 634 ἒλν

221 629 429 704 Ῥώμη
492 633 873 704 γενομένουΔ
901 629 1284 704 σχίσματος
1310 649 1324 663 ⁸
1353 629 1475 682 καῖ
1505 632 1530 682 ὁ
1552 650 1630 683 σα
1668 629 1764 682 Εἰ-

221 698 782 775 ρηνάῗοςίαύτοίς
844 698 1210 774 διελέχθη·
1260 706 1368 755 καὶ
1433 707 1578 775 περὶ
1645 709 1765 754 τῶν

220 774 434 828 ἄλλων
475 774 674 827 αὐτοῦ
716 776 1264 848 συγγραμμάτων.

216 916 352 970 Τοῖς
396 905 454 961 δε
508 913 626 983 περὶ
675 908 926 982 Φλωρῖνον
971 913 1060 961 καὶ
1103 907 1331 980 βλάστον
1389 909 1526 960 κατὰ
1566 906 1766 979 Ῥώμην

131 1000 223 1060 εἰς
309 997 628 1060 ἀντιπάλους
702 1003 890 1070 μοίρας
968 994 1341 1072 διακριθεῖσιν,
1391 995 1467 1058 οἷς
1522 997 1653 1048 κατά
1716 1016 1769 1049 τι

137 1092 466 1161 σύμπτωμα
540 1094 632 1139 τοῦ
712 1087 1090 1160 πρεσϐυτερίου
1179 1083 1597 1148 διαπεπτωκόσι,
1677 1095 1768 1144 καὶ

132 1183 268 1235 ταῖς
321 1176 628 1248 Μαρκίωνος
667 1169 846 1235 δόξαις
908 1169 1002 1225 διὰ
1041 1171 1357 1234 ζηλοτυπίας
1405 1175 1570 1244 ἔρωτα
1620 1190 1764 1245 περι-

136 1264 487 1336 ειλουμένοις,
542 1266 634 1314 καὶ
687 1265 774 1314 τόν
823 1260 1258 1319 ἐκκλησιαστικὸν
1320 1263 1507 1333 θεσμὸν
1572 1279 1764 1334 πειρω-

132 1359 326 1426 μένοις
389 1353 841 1427 παραχαράττειν,
909 1351 1182 1424 Εἰρηναῖος
1247 1353 1324 1402 ἔτι
1405 1354 1615 1422 περιών,
1673 1355 1761 1401 καὶ

134 1445 313 1516 ἄμφω
394 1440 670 1501 ἐπιστολὰς
723 1443 914 1512 ἔπεμπε
943 1456 956 1469 ⁸
1023 1445 1114 1497 τὴν
1175 1442 1262 1511 μεν
1326 1443 1458 1514 πρός
1530 1437 1759 1491 Βλάστον

140 1531 464 1606 ἐπιγράψας
515 1534 641 1604 Περὶ
695 1534 1012 1602 σχίσματος,
1065 1534 1157 1588 τὴν
1212 1527 1272 1582 δὲ
1327 1532 1451 1603 πρὸς
1507 1528 1759 1602 Φλωρῖνον

141 1626 286 1696 Περὶ
319 1625 637 1694 μοναρχίας,
667 1619 697 1677 ἡ
732 1624 848 1693 περὶ
895 1625 988 1670 τοῦ
1019 1623 1090 1690 μὴ
1125 1615 1256 1670 εἶναι
1294 1620 1382 1670 τόν
1426 1621 1555 1671 Θεὸν
1601 1637 1760 1675 ποιη-

134 1715 243 1769 τὴν
296 1718 489 1763 κακῶν.
548 1712 929 1780 Προασπιστὴς
979 1710 1081 1781 γὰρ
1140 1707 1292 1767 οὗτος
1365 1715 1462 1768 τῆς
1512 1708 1758 1767 τοιαύτης

135 1797 318 1863 δόξης
357 1797 486 1851 εἶναι
539 1794 710 1850 ἐδόκει
745 1813 758 1826 ⁸
791 1793 864 1849 δι’
895 1797 946 1848 ὃν
995 1793 1144 1857 αὖθις
1172 1801 1260 1848 καὶ
1300 1798 1374 1848 ἔτι
1419 1803 1492 1866 τῷ
1541 1794 1758 1848 ἁσταθεῖ
1788 1837 1832 1893 Β

131 1897 244 1949 τῆς
294 1893 508 1959 γνώμης
546 1889 637 1938 καὶ
690 1885 762 1948 εἰς
815 1889 908 1943 τὴν
967 1885 1307 1938 Οὐαλεντίνου
1357 1881 1514 1947 δόξαν
1560 1885 1758 1936 ὑποσυ-

129 1983 364 2052 ρόμενον
421 1980 511 2028 καὶ
564 1977 732 2050 ἕτερον
770 1982 842 2045 τῷ
897 1974 1156 2047 Εἰρηναίῳ
1211 1971 1572 2034 σπουδάζεται
1626 1975 1758 2044 σύγ-

127 2087 392 2143 γραμμα,
460 2068 484 2117 ὁ
518 2069 642 2138 Περὶ
693 2072 791 2124 τῆς
831 2060 1096 2135 ὀγδοάδος
1157 2065 1271 2136 ἔχει
1328 2063 1618 2136 ἐπιγραφήν
1651 2080 1662 2091 ·
1708 2065 1756 2114 ἑν

133 2157 285 2228 ᾧπερ
321 2152 610 2220 δείκνυσιν,
644 2157 712 2217 ὡς
761 2162 852 2214 τῆς
889 2159 1103 2226 πρώτης
1155 2157 1244 2206 καὶ
1291 2152 1438 2212 οὗτος
1477 2161 1577 2203 τῶν
1618 2151 1754 2204 ἁπο-

136 2245 344 2300 στόλων
392 2242 689 2316 μετειλήφει
740 2236 1038 2314 διαδοχῆς.
1079 2242 1161 2296 Ἐν
1207 2239 1267 2295 δὲ
1305 2251 1376 2314 τῷ
1428 2245 1615 2316 πέρατι
1664 2248 1758 2293 τοῦ

135 2337 537 2408 συγγάμματος
617 2334 828 2386 ἀστείαν
902 2337 1019 2386 τινὰ
1116 2338 1552 2407 παρασημείωσιν
1624 2334 1758 2385 τίθε-

129 2447 249 2492 ται,
309 2425 370 2484 inv
427 2420 496 2482 δὴ
557 2428 647 2476 καὶ
708 2422 931 2475 ἐκθεῖναι
986 2429 1092 2483 τοῖς
1146 2422 1346 2483 λοιποῖς
1395 2422 1489 2474 ούκ
1550 2419 1756 2492 ἀπᾷδον

133 2516 486 2586 ἄλογισάμην.
544 2516 696 2584 Λέγει
749 2509 809 2564 δὲ
839 2512 996 2572 οὕτως
1030 2525 1045 2541 ⁸
1087 2533 1115 2561 ‹‹
1167 2511 1397 2585 Ὁρκίζω
1447 2530 1505 2564 σε
1544 2513 1631 2563 τὸν
1661 2529 1756 2582 με-

135 2603 550 2677 ταγραψάμενον
617 2606 676 2654 τό
735 2600 938 2675 βιϐλίον
989 2608 1140 2654 τοῦτο
1217 2603 1354 2653 κατὰ
1409 2607 1501 2652 τοῦ
1551 2602 1752 2673 Κυρίου

139 2695 299 2765 ἡμῶν
329 2692 506 2750 Ἰησοῦ
537 2699 795 2766 Χριστοῦ,
827 2696 916 2742 καὶ
954 2692 1092 2742 κατὰ
1138 2697 1231 2752 τῆς
1282 2686 1492 2751 ἐνδόξου
1547 2708 1751 2762 παρου-

155 2787 283 2843 σίας
321 2781 495 2848 αύτοῦ,
541 2781 599 2841 ἧς
650 2783 864 2854 ἔρχεται
920 2787 1092 2850 κρῖναι
1141 2779 1338 2841 ζῶντας
1389 2783 1480 2831 καὶ
1517 2781 1747 2852 νεκροὺς,

155 2873 245 2924 ἶνα
283 2869 619 2944 ἆντιϐάλῃςὸ
676 2869 1006 2943 μετεγράψω,
1083 2873 1173 2921 καὶ
1229 2870 1569 2941 κατορθώσῃς
1622 2868 1746 2919 αύτό

148 2964 277 3035 πρὸς
329 2964 385 3013 τό
443 2959 757 3032 ἀντίγραφον
799 2967 969 3023 τοῦτο,
1023 2959 1134 3011 ὅθεν
1182 2959 1510 3031 μετεγράψω,
1575 2957 1748 3029 ἐπιμε-

141 3050 246 3110 λῶς
287 3066 298 3080 ·
339 3054 428 3102 καὶ
483 3053 572 3101 τόν
627 3050 778 3122 ὅρκον
824 3056 1006 3101 τοῦτον
1055 3050 1243 3120 ὁμοίως
1296 3046 1624 3121 μεταγράψς,
1657 3049 1744 3098 καὶ

137 3141 328 3201 θήσεις
379 3139 427 3191 ἐν
468 3147 540 3209 τῷ
571 3136 892 3210 ἀντιγράφω.
929 3158 954 3188 ν
1018 3142 1119 3190 Καὶ
1157 3138 1302 3189 ταῦτ’
1357 3136 1416 3188 ού
1465 3139 1744 3208 περιέργως

142 3231 446 3302 παρεθέμην
479 3247 493 3260 ⁸
554 3226 661 3278 αλλ’
715 3227 798 3278 ἶνα
857 3226 924 3287 εἰς
1000 3222 1300 3298 ὑπόδειγμα
1347 3228 1549 3298 ἔχωμεν
1623 3229 1745 3285 τοὺς

144 3321 314 3393 ἱερούς
368 3317 588 3378 ἐκείνους
635 3322 727 3370 καὶ
770 3313 1099 3378 σπουδαίους
1155 3313 1364 3390 ἀνδρας,
1427 3317 1557 3374 ὅσην
1605 3316 1744 3368 ἑποι-

145 3417 300 3461 οῦντο
358 3405 662 3478 ἀσφάλειαν,
733 3403 827 3458 διὰ
881 3409 940 3458 τὸ
997 3410 1070 3478 μὴ
1120 3407 1631 3480 παραχαράττεσθαι
1679 3406 1747 3456 τὰ

143 3507 250 3551 τῶν
321 3495 559 3570 ἀρχαίων
618 3498 1031 3571 συγγράμματα.
1075 3503 1147 3568 Τῇ
1204 3491 1262 3547 δε
1307 3498 1438 3567 πρὸς
1492 3494 1744 3566 Φλωρῖνον

143 3585 609 3658 τούτου·ἐπιστολῇ⁹
669 3590 758 3638 καὶ
809 3586 903 3647 τῆς
958 3586 1089 3657 μετὰ
1141 3584 1485 3657 Πολυκάρπου
1541 3581 1746 3656 διατρι-

145 3675 245 3737 ϐῆς
302 3675 462 3726 αύτοῦ
517 3678 795 3746 μέμνηται,
853 3681 1035 3726 τοῦτον
1092 3675 1308 3746 ἱστορῶν
1365 3675 1453 3724 τὸν
1503 3676 1694 3747 τρόπον
1727 3688 1740 3701 ⁸

149 3790 178 3814 ‹‹
227 3771 404 3817 Ταῦτα
447 3765 513 3816 τὰ
577 3759 838 3836 δογματα,
917 3762 1156 3836 Φλωρίνε,
1243 3764 1326 3814 ἵνα
1397 3765 1744 3834 πεφεισμένως

149 3857 296 3919 εἴπω,
324 3853 417 3904 ούκ
456 3856 594 3906 ἔστιν
634 3861 814 3924 υγιοῡς
871 3859 1102 3924 γνώμης.
1160 3858 1338 3905 Ταῦτα
1394 3853 1461 3903 τιὰ
1499 3849 1746 3923 δόγματα

149 3942 436 4014 ἀσύμφωνά
478 3941 589 3995 ἐστι
632 3950 692 4014 τῇ
726 3941 1034 4014 Ἐκκλησία,
1068 3941 1140 4002 εἰς
1194 3945 1446 4012 μεγίστην
1500 3939 1743 3992 ἀσέϐειαν

150 4031 540 4104 περιϐάλλοντα,
583 4035 701 4093 τοὺς
754 4033 1107 4104 πειθομένους.
1156 4037 1337 4084 Ταῦτα
1378 4032 1442 4082 τὰ
1499 4026 1746 4101 δόγματα

149 4117 272 4174 ούδέ
337 4123 386 4173 οἰ
438 4121 532 4184 ἔξω
588 4129 684 4182 τῆς
749 4120 1060 4182 Ἐκκλησίας
1131 4121 1381 4192 αἱρετικοὶ
1450 4117 1743 4191 ἰτόλμησαν

149 4211 517 4282 ἀποφήνασθαί
562 4229 700 4263 ποτε.
745 4217 925 4262 Ταῦτα
971 4213 1037 4262 τὰ
1076 4207 1320 4281 δόγματα
1367 4211 1415 4261 οἱ
1445 4211 1545 4281 πρὸ
1595 4210 1742 4280 ἡμῶν

148 4298 508 4374 πρεσϐύτεροι,
563 4300 611 4351 οἱ
660 4303 749 4351 καὶ
804 4307 914 4361 τοῖς
964 4298 1275 4361 ἀποστόλοις
1344 4303 1738 4371 συμφοιτήσαν-

149 4407 246 4454 τες,
279 4387 336 4440 ού
365 4384 675 4464 παρέδωκάν
718 4407 822 4443 σοι.
869 4385 1023 4442 Εἶδον
1070 4390 1173 4464 γάρ
1218 4407 1274 4440 σε
1320 4394 1444 4448 παῖς
1476 4388 1543 4438 ὠν
1588 4389 1663 4439 ἔτι
1693 4389 1742 4439 ἓν

148 4485 210 4550 τῇ
276 4479 416 4529 κάτω
483 4475 640 4548 Ἀσίᾳ
688 4479 831 4552 παρὰ
897 4477 1220 4549 Πολυκάρπῳ
1277 4476 1521 4548 λαμπρῶς
1575 4479 1742 4550 πράσ-

1218 322 1780 383 ECCLESIASTICE
1819 323 2174 383 HISTORIE
2212 324 2350 382 LIB.
2391 326 2482 382 IV.

3393 325 3533 382 1050

2487 451 2718 509 CAPUT
2755 451 2913 509 XXX.

1871 561 1956 616 De
1985 559 2302 617 schismate
2330 567 2382 617 et
2407 560 2648 616 dissidio
2678 561 2870 616 Romw
2894 565 3147 631 propter
3175 559 3448 615 Blastum
3475 568 3530 616 et

1941 632 2258 688 Florinum
2272 639 2500 697 exorto,
2515 640 2570 688 et
2581 648 2710 704 quae
2723 633 2804 688 ad
2817 647 2911 689 eos
2925 633 3183 689 lrenwus
3199 632 3526 701 scripserit,

1944 709 2000 759 et
2030 705 2104 760 de
2131 705 2267 760 aliis
2297 705 2557 774 ejusdem
2589 705 2778 760 libris.

1948 910 2234 965 Caeterum
2266 907 2558 965 adversus
2592 908 2890 965 Florinum
2921 912 2978 965 et
3006 908 3290 973 Blastum,
3324 910 3528 963 Romae

1873 997 1958 1054 rei
1988 997 2399 1054 ecclesiasticae
2428 998 2628 1054 hostes
2654 998 2978 1070 judicatos,
3011 998 3113 1070 qui
3145 997 3225 1053 ob
3264 996 3530 1069 aliquem

1870 1087 2109 1160 lapsum
2143 1087 2493 1160 presbyterii
2519 1087 2714 1158 gradu
2743 1087 3024 1154 abdicati,
3057 1086 3354 1159 zelotypia
3380 1102 3534 1158 qua-

1871 1177 2013 1233 dam
2041 1183 2096 1233 et
2121 1177 2446 1233 mmulandi
2470 1176 2690 1244 studio,
2714 1178 3023 1233 Marcionis
3049 1178 3231 1232 errori
3255 1175 3528 1245 involuti,

1869 1271 1926 1322 et
1949 1267 2384 1323 ecclesiasticas
2415 1267 2753 1322 sanctiones
2782 1266 3111 1337 depravare
3141 1265 3339 1322 conati
3365 1269 3528 1320 sunt,

1867 1354 2124 1411 lrenaaus
2168 1356 2368 1412 adhuc
2407 1361 2710 1427 superstes
2754 1355 2907 1411 duas
2954 1354 3192 1427 scripsit
3225 1353 3530 1425 epistolas,

1866 1450 1922 1500 et
1961 1445 2209 1501 alteram
2248 1445 2325 1500 ad
2365 1445 2650 1509 Blastum,
2695 1444 2768 1499 de
2805 1445 3125 1500 schismate
3154 1449 3210 1498 et
3239 1443 3527 1509 dissidio;

1865 1532 2114 1590 alteram
2155 1533 2233 1590 ad
2273 1533 2575 1590 Florinum
2624 1533 2698 1589 de
2748 1533 3123 1599 monarchia,
3171 1533 3293 1588 sive
3340 1533 3530 1587 Deum

1866 1638 1987 1678 non
2027 1639 2159 1678 esse
2198 1627 2503 1679 auctorem
2547 1623 2869 1688 malorum,
2912 1621 3234 1693 inscripsit,
3275 1621 3439 1692 quod
3483 1621 3532 1675 is

1865 1716 2278 1784 propugnator
2317 1713 2448 1784 ejus
2488 1712 2704 1768 erroris
2740 1711 2927 1769 fuisse
2959 1713 3034 1766 sit
3062 1712 3245 1766 visus.
3280 1710 3390 1777 Qui
3431 1710 3530 1766 de-

1866 1801 2004 1856 inde
2047 1805 2292 1873 propter
2329 1801 2660 1857 variantem
2705 1801 3012 1857 sententia:
3053 1799 3525 1867 instabilitatem,

1867 1889 2048 1946 etiam
2098 1890 2158 1945 in
2207 1889 2500 1946 Valentini
2545 1890 2814 1946 haeresim
2866 1895 3222 1962 protractus,
3273 1905 3526 1945 causam

1866 1981 2088 2035 Irenaeo
2111 1979 2389 2051 praebuit,
2413 1983 2479 2034 ut
2499 1979 2549 2034 is
2569 1978 2728 2034 aliud
2751 1984 3137 2050 componeret
3157 1994 3332 2052 opus,
3355 1979 3526 2050 cujus

1867 2068 2068 2124 titulus
2127 2072 2238 2134 est,
2290 2068 2364 2124 de
2414 2067 2694 2139 Ogdoade
2740 2084 2845 2124 seu
2891 2069 3200 2124 octonario
3251 2069 3354 2123 :in
3403 2083 3526 2138 quo

1867 2174 2045 2230 opere
2078 2174 2138 2214 se
2177 2159 2434 2229 primam
2478 2157 2891 2230 apostolorum
2925 2158 3369 2214 successionem
3401 2157 3530 2213 atti-

1867 2248 2025 2318 gisse
2065 2247 2344 2303 ostendit.
2382 2247 2469 2302 Ad
2507 2246 2692 2302 ﬁnem
2733 2262 2877 2303 vero
2915 2247 3046 2318 ejus
3082 2246 3238 2312 libri,
3279 2245 3528 2302 adnota-

1867 2337 2089 2393 tionem
2120 2352 2264 2393 sane
2293 2353 2478 2409 quam
2509 2337 2714 2392 scitam
2759 2336 2998 2407 adjecit,
3029 2351 3213 2407 quam
3246 2335 3362 2391 hoc
3391 2334 3525 2391 loco

1866 2426 2082 2481 referre
2123 2441 2245 2481 non
2286 2426 2775 2498 intempestivum
2825 2440 2955 2480 esse
2991 2424 3278 2495 judicavi.
3331 2424 3525 2480 Verba

1865 2515 1995 2586 ejus
2023 2515 2152 2571 haec
2190 2520 2327 2571 sunt
2355 2532 2371 2570 :
2405 2536 2434 2565 ‹‹
2477 2515 2701 2586 Adjuro
2732 2518 2807 2580 te,
2840 2513 2941 2586 qui
2969 2515 3130 2569 hunc
3159 2513 3379 2570 librum
3422 2513 3526 2567 de-

1864 2605 2174 2676 scripsisti,
2197 2620 2303 2676 per
2326 2605 2644 2660 Dominum
2671 2609 2948 2661 nostrum
2972 2605 3172 2659 Jesum
3200 2603 3520 2666 Christum,

1861 2699 1918 2750 et
1948 2710 2053 2766 per
2077 2693 2402 2764 gloriosum
2427 2693 2756 2750 adventum
2787 2693 2940 2764 ejus,
2970 2708 3093 2765 quo
3122 2697 3410 2748 venturus
3434 2695 3524 2747 est

1855 2782 2123 2854 judicare
2151 2783 2320 2839 vivos
2347 2789 2399 2839 et
2429 2788 2720 2849 mortuos,
2755 2783 2936 2854 329
2969 2787 3030 2838 ut
3056 2781 3329 2837 conferas
3353 2778 3523 2852 quod

1860 2872 2306 2944 transcripsisti,
2338 2878 2396 2927 et
2432 2873 2684 2943 castiges
2713 2874 2790 2928 ad
2819 2871 3128 2943 exemplar
3155 2869 3314 2926 istud
3358 2869 3520 2925 unde

1856 2961 2242 3033 descripsisti,
2302 2965 2576 3018 accurate
2631 2977 2644 3015 :
2696 2965 2754 3017 et
2810 2961 3217 3031 juramentum
3269 2959 3407 3027 hoc,
3457 2962 3522 3014 ut

1853 3051 2054 3106 itidem
2094 3051 2426 3119 describas,
2459 3055 2516 3106 et
2545 3049 2823 3121 exemplo
2857 3055 2960 3106 tuo
2991 3064 3288 3121 apponas.
3321 3069 3350 3102 ι)
3392 3051 3521 3104 Non

1854 3142 2039 3197 otiose
2084 3155 2228 3197 sane
2272 3140 2388 3196 hoc
2431 3141 2518 3194 sic
2553 3139 2902 3210 adjecimus,
2952 3144 3016 3194 ut
3064 3138 3284 3194 scilicet
3327 3153 3520 3194 exem-

1855 3229 2019 3302 plum
2040 3229 2416 3302 propositum
2434 3227 2790 3295 habeamus,
2810 3243 2930 3301 qua
2961 3243 3104 3283 cura
3125 3232 3180 3282 et
3199 3225 3520 3299 providen-

1853 3318 1937 3374 tia
1987 3318 2142 3374 sacri
2200 3316 2283 3372 illi
2335 3322 2391 3373 et
2440 3317 2584 3372 boni
2636 3315 2749 3372 viri
2794 3315 3078 3380 caverint,
3128 3330 3202 3371 ne
3249 3325 3518 3370 veterum

1855 3406 2073 3477 scripta
2101 3406 2596 3478 depravarentur.
2637 3407 2700 3460 In
2743 3405 2995 3478 epistola
3036 3420 3177 3461 vero
3216 3403 3289 3461 ad
3333 3402 3521 3459 Flori-

1853 3511 2001 3551 num
2031 3495 2507 3551 conversationis
2538 3510 2660 3551 suae
2692 3511 2829 3550 cum
2866 3495 3195 3566 Polycarpo
3223 3491 3515 3556 meminit,

1855 3585 1934 3641 ad
1954 3585 2115 3641 hunc
2132 3585 2400 3639 scribens
2419 3584 2670 3640 modum
2693 3599 2705 3637 :
2737 3602 2765 3634 ‹‹
2783 3586 2913 3640 Haec
2934 3584 3243 3653 dogmata,
3264 3581 3517 3646 Florine,

1858 3681 1918 3730 ut
1941 3689 2116 3746 parce
2142 3679 2200 3729 et
2230 3673 2498 3729 modeste
2524 3673 2744 3737 dicam,
2774 3689 2896 3728 non
2924 3677 3063 3728 sunt
3088 3687 3252 3742 sanie
3281 3674 3519 3727 senten-

1853 3763 1968 3820 tite.
2011 3763 2148 3818 Haec
2177 3762 2465 3833 dogmata
2496 3761 2742 3817 dissona
2767 3767 2823 3818 et
2852 3761 3095 3816 diversa
3125 3764 3266 3816 sunt
3296 3759 3374 3816 ab
3414 3762 3517 3816 Ec-

1855 3852 2054 3917 clesia,
2097 3867 2233 3924 quae
2276 3851 2360 3906 eis
2400 3850 2798 3921 obsequentes
2838 3851 2900 3905 in
2950 3849 3278 3905 maximam
3325 3848 3516 3919 conji-

1855 3942 2017 3997 ciunt
2059 3939 2448 4012 impietatem.
2499 3940 2634 3995 Haec
2673 3939 2962 4008 dogmata
3004 3953 3078 3993 ne
3119 3937 3202 3993 illi
3243 3937 3512 4010 quidem,

1852 4031 1956 4104 qui
1981 4031 2058 4086 ab
2087 4028 2348 4085 Ecclesia
2373 4033 2509 4085 sunt.
2528 4027 2748 4085 exclusi
2778 4027 3057 4094 haeretici,
3085 4043 3352 4101 unquam
3379 4043 3516 4098 pro-

1853 4120 2125 4190 mulgare
2177 4123 2315 4174 sunt
2355 4118 2505 4175 ausi.
2549 4120 2681 4174 Haec
2720 4117 3026 4188 dogmata,
3069 4118 3173 4190 qui
3214 4122 3351 4173 ante
3403 4131 3516 4172 nos

1853 4209 2036 4276 fuere,
2055 4207 2277 4280 quique
2296 4224 2432 4264 cum
2453 4206 2738 4278 apostolis
2756 4206 3089 4263 conversati
3107 4211 3245 4262 sunt
3261 4205 3516 4278 presby-

1852 4298 1980 4363 teri,
2020 4299 2126 4353 tibi
2161 4312 2283 4353 non
2329 4295 2644 4352 tradidere.
2685 4295 2815 4352 Vidi
2860 4296 3018 4352 enim
3065 4300 3140 4361 te,
3183 4312 3320 4351 cum
3365 4310 3516 4366 puer

1851 4387 2050 4443 adhuc
2089 4387 2149 4442 in
2179 4386 2455 4442 inferiore
2497 4386 2636 4442 Asia
2665 4385 2831 4457 apud
2861 4385 3257 4458 Polycarpum
3299 4399 3514 4439 essem,

1851 4476 2234 4548 splendidum
2283 4475 2503 4531 habere
2551 4474 2753 4531 locum
2805 4475 2866 4530 in
2913 4473 3207 4546 imperiali
3252 4473 3412 4538 aula,
3460 4471 3518 4528 et

152 4585 307 4619 σοντα
335 4567 384 4618 ἓν
432 4566 496 4638 τῇ
533 4563 780 4639 βασιλικῇ
824 4566 977 4638 αὐλῇ,
1031 4572 1122 4618 καὶ
1179 4571 1488 4640 πειρμὼενον
1536 4563 1740 4618 εὐδοκι-

1861 4565 2081 4622 famam
2107 4564 2468 4636 laudemque
2500 4563 2665 4636 apud
2691 4579 2826 4619 eum
2855 4568 3278 4635 aucupantem.
3314 4561 3516 4617 Melius

149 4662 260 4728 μεῖν
288 4654 410 4730 παρ’
451 4655 610 4726 αύτῷ.
668 4655 870 4710 Μᾶλλον
913 4658 1012 4730 γὰρ
1062 4658 1130 4708 τὰ
1184 4659 1298 4708 τότε
1344 4653 1742 4726 διαμνημονεύω

150 4753 249 4797 τῶν
283 4747 505 4817 ἔναγχος
552 4750 845 4818 γινομένων.
889 4747 957 4800 Αἱ
1002 4748 1101 4819 γὰρ
1130 4749 1184 4798 ἐκ
1213 4742 1416 4798 παίδων
1459 4748 1736 4818 μαθήσεις,

153 4833 504 4897 συναύξουσαι
543 4843 603 4907 τῇ
655 4834 834 4908 ψυχῇ,
869 4834 1097 4888 ἐνοῦνται
1145 4835 1274 4908 αὐτῇ
1311 4856 1324 4868 ο
1357 4837 1492 4887 ὥστε
1545 4853 1609 4906 με
1649 4833 1742 4887 δύ-

150 4925 339 4975 νασθαι
379 4923 534 4976 εἰπεῖν
584 4927 791 4976 καὶτὸν
820 4928 975 4976 τόπον
1023 4923 1072 4976 ἓν
1126 4924 1164 4994 ᾧ
1208 4925 1538 4996 καθεόςμενος
1583 4921 1744 4977 διελέ-

151 5031 266 5084 γετο
309 5013 334 5064 ὁ
372 5015 630 5086 μακάριος
664 5011 1018 5086 Πολύκαρπος,
1071 5017 1162 5065 καὶ
1209 5016 1303 5075 τὰς
1339 5009 1596 5087 προόδους
1647 5013 1742 5065 αύ-

150 5108 239 5154 τοῦ
266 5104 474 5163 καὶτὰς
526 5099 782 5169 εἰσόδους,
822 5107 908 5154 καὶ
966 5105 1051 5154 τόν
1099 5110 1419 5176 χαρακτῆρα
1456 5110 1548 5154 τοῦ
1598 5100 1739 5174 βίου.

153 5195 239 5242 καὶ
274 5195 367 5250 τὴν
424 5198 517 5243 τοῦ
571 5197 815 5264 σώματος
870 5188 1032 5258 ἰδέαν,
1090 5197 1179 5244 καὶ
1236 5199 1324 5252 τάς
1374 5188 1626 5254 διαλέξεις
1680 5191 1742 5254 ἃς

155 5279 370 5334 ἐποιεῖτο
426 5283 551 5354 πρὸς
595 5284 652 5333 τὸ
726 5281 939 5347 πλῆθος,
1010 5286 1100 5334 καὶ
1159 5285 1253 5340 τὴν
1318 5301 1450 5354 μετα
1501 5281 1740 5335 Ἰωάννου

155 5369 476 5444 ἀναστροφὴν
528 5373 598 5432 ὡς
649 5368 955 5443 ἀπήγγελλε,
1005 5375 1096 5423 καὶ
1151 5375 1246 5430 τὴν
1282 5373 1414 5444 μετὰ
1491 5379 1591 5423 τῶν
1637 5370 1741 5424 λοι-

158 5468 259 5513 πῶν
309 5468 408 5512 τῶν
453 5459 748 5534 ἑωρακότων
801 5463 888 5513 τόν
941 5463 1130 5534 Κύριον
1169 5476 1184 5491 ⁸

155 5551 331 5622 μὸνευε
383 5553 503 5613 τοὺς
557 5549 742 5623 λόγους
793 5549 997 5603 αὐτῶν·
1063 5554 1153 5603 καὶ
1202 5554 1320 5623 περὶ
1374 5556 1465 5602 τοῦ
1524 5555 1740 5623 Κυρίου,

155 5643 267 5697 τίνα
296 5637 358 5699 ἦν
396 5639 431 5692 ἃ
480 5641 603 5713 παρ’
649 5643 848 5694 ἓκείνων
907 5643 1121 5700 ἠκηκόει
1148 5657 1166 5675 ⁸
1213 5643 1300 5693 καὶ
1348 5643 1467 5715 περὶ
1503 5647 1604 5692 τῶν
1644 5637 1744 5693 δυ-

1241 5464 1331 5513 καὶ
1392 5463 1461 5521 ὡς
1516 5459 1742 5533 ἀπεμνη-

1853 4669 2116 4726 namque
2158 4669 2260 4709 eas
2303 4670 2415 4720 res,
2448 4669 2636 4726 quam
2675 4668 2811 4725 qum
2843 4653 3114 4724 proxime
3146 4651 3515 4716 acciderunt,

1854 4743 2148 4799 memoria
2174 4749 2343 4798 teneo
2368 4760 2380 4798 :
2409 4742 2574 4814 quod
2595 4758 2689 4797 res
2710 4757 2864 4813 quas
2889 4757 2926 4797 a
2944 4742 3144 4812 pueris
3165 4739 3510 4806 didicimus,

1854 4848 1990 4888 cum
2019 4832 2222 4887 anima
2250 4831 2673 4896 coalescentes,
2704 4830 2895 4886 eidem
2923 4845 3172 4901 prorsus
3200 4828 3510 4884 uniuntur.

1852 4922 2062 4993 Itaque
2110 4921 2308 4976 dicere
2363 4936 2614 4993 possum
2656 4919 2856 4975 locum
2909 4919 2971 4974 in
3021 4934 3142 4991 quo
3193 4917 3511 4974 considens

1854 5011 2068 5067 beatus
2097 5009 2462 5082 Polycarpus
2499 5008 2777 5064 disseruit
2817 5027 2830 5067 :
2877 5023 3231 5080 progressus
3267 5021 3510 5079 quoque

1852 5105 1909 5156 et
1950 5100 2254 5170 ingressus
2305 5099 2456 5170 ejus,
2501 5097 2634 5153 vitae
2675 5097 2948 5166 modum,
2994 5101 3051 5152 et
3088 5094 3354 5167 corporis
3394 5095 3511 5151 for-

1851 5205 2052 5256 mam;
2087 5190 2386 5247 orationes
2419 5189 2599 5244 etiam
2630 5203 2782 5260 quas
2815 5187 2890 5242 ad
2924 5185 3367 5243 multitudinem
3400 5185 3508 5242 ha-

1848 5278 2016 5345 buit;
2047 5285 2336 5352 prasterea
2375 5277 2732 5334 familiarem
2772 5276 3288 5340 consuetudinem,
3335 5273 3505 5331 sicuti

1848 5370 1978 5440 ipse
2010 5368 2291 5432 narravit,
2327 5383 2463 5440 quae
2503 5367 2557 5423 ei
2589 5382 2727 5422 cum
2761 5368 2993 5423 Joanne
3026 5369 3082 5421 et
3116 5364 3364 5437 reliquis
3403 5364 3509 5437 qui

1851 5458 2171 5516 Dominum
2191 5457 2381 5514 oculis
2404 5457 2525 5512 suis
2551 5456 2771 5522 videre,
2804 5455 3129 5513 intercessit
3156 5471 3170 5522 ;
3196 5454 3507 5526 quomodo

1851 5549 2031 5605 etiam
2055 5548 2215 5605 dicta
2241 5563 2468 5612 eorum,
2495 5550 2551 5604 et
2577 5547 2718 5603 item
2746 5545 2981 5602 Domini
3012 5545 3225 5618 ipsiu,
3261 5559 3395 5617 quae
3427 5543 3510 5600 illi

1854 5655 1927 5697 ex
1944 5654 2016 5696 eo
2034 5637 2367 5703 audierant,
2391 5637 2668 5703 recitarit;
2687 5637 2848 5702 item,
2865 5651 3001 5709 quae
3018 5635 3093 5692 de
3111 5633 3428 5692 virtutibus
3452 5638 3510 5691 et
