4036 6288
508 259 642 316 1051

1810 261 2066 322 NICEPH
2076 261 2200 320 ORI
2236 262 2559 321 CALLISTI

3761 261 3885 318 105!

505 384 792 442 doctrinis
812 386 941 458 ejus
957 386 1201 447 dixerit:
1221 390 1285 444 ut
1299 388 1557 462 denique
1573 389 1934 463 Polycarpus
1950 390 2156 446 omnia

2266 391 2460 463 νάμεων
2489 389 2651 443 αὐτοῦ
2677 405 2692 420 ·
2747 393 2838 443 καὶ
2863 393 2982 462 περὶ
3019 397 3111 452 τῆς
3160 379 3519 453 διδασκαλίας
3553 407 3573 423 ⁸
3641 389 3715 448 ὣς
3757 390 3893 459 παρὰ

504 490 542 531 a
582 475 1016 546 spectatoribus
1046 477 1189 550 ipsis
1221 478 1354 534 vitae
1390 479 1564 536 Verbi
1602 483 1870 552 accepta,
1911 483 1966 536 et
2007 479 2152 535 Scri-

502 563 694 635 pturis
737 566 1129 622 consonantia
1175 569 1517 625 memoriter
1559 569 1775 625 referre
1817 568 2022 624 solitus
2059 568 2151 622 sit.

506 653 640 707 Haec
669 657 797 708 tum
828 669 932 725 per
965 671 1098 711 eam
1129 672 1264 728 qum
1297 657 1439 714 mihi
1469 673 1757 714 concessa
1785 663 1878 713 est
1905 657 2009 714 Dei
2041 656 2156 712 mi-

506 742 910 812 sericordiam,
943 744 1253 815 diligenter
1282 753 1338 802 et
1369 747 1636 802 studiose
1665 747 1890 812 audivi,
1923 761 2156 802 memo-

502 830 604 886 riae
636 832 934 888 mandans
973 849 1093 890 non
1133 835 1194 890 in
1233 837 1460 902 charta,
1507 839 1614 892 sed
1660 837 1721 892 in
1769 838 1948 892 corde
1984 851 2151 901 meo;

500 934 632 990 quae
658 918 990 977 etiamnum
1016 939 1253 996 semper
1282 941 1387 998 per
1417 926 1671 996 gratiam
1705 926 1804 981 Dei
1836 923 2064 980 sincere
2093 924 2154 980 in

499 1006 715 1064 intimo
763 1026 939 1066 verso
985 1017 1163 1085 atque
1210 1014 1453 1071 revolvo
1501 1016 1726 1072 animo.
1768 1017 1834 1070 Et
1887 1012 2155 1086 profecto

503 1096 805 1155 afﬁrmare
835 1106 892 1156 et
921 1103 1118 1158 testari
1148 1119 1398 1175 possum
1427 1104 1489 1160 in
1508 1110 1830 1175 conspectu
1853 1103 1970 1169 Dei,
1990 1102 2157 1174 quod

505 1185 554 1241 si
593 1188 740 1259 quid
784 1190 897 1246 tale
948 1193 1275 1250 audivisset
1311 1194 1524 1250 beatus
1561 1195 1656 1250 ille
1696 1201 1749 1250 et
1790 1192 2156 1266 apostolicus

501 1276 834 1348 presbyter,
865 1279 1230 1347 exclamans,
1259 1288 1314 1338 et
1337 1300 1512 1340 aures
1538 1284 1853 1349 obturans,
1883 1282 2158 1354 frequen-

503 1363 742 1438 tiusque
785 1377 1141 1440 usurpatum
1181 1372 1327 1428 illud
1367 1374 1480 1430 sibi
1521 1375 1770 1430 verbum
1800 1371 2155 1436 vociferans,

502 1452 748 1511 dixisset
777 1473 791 1511 :
826 1458 1004 1531 330
1037 1462 1079 1517 Ο
1109 1461 1267 1518 bone
1297 1463 1472 1532 Deus,
1503 1463 1565 1518 in
1595 1479 1731 1535 quas
1762 1467 2036 1532 tempora
2064 1475 2162 1514 me

504 1548 891 1612 conservasti,
925 1554 988 1603 ut
1025 1549 1155 1605 haec
1195 1551 1566 1608 sustineam?
1602 1569 1674 1609 ex
1709 1567 1779 1608 eo
1813 1551 1993 1606 etiam
2029 1563 2164 1620 pro-

501 1629 757 1704 fugisset
783 1635 937 1703 loco,
971 1637 1073 1694 ubi
1105 1638 1194 1695 vel
1224 1640 1460 1706 sedens,
1489 1641 1584 1698 vel
1615 1647 1783 1696 stans
1810 1634 2164 1709 hujusmodi

2263 486 2363 530 τῶν
2423 478 2692 531 αὐτοπτῶν
2742 486 2834 540 τῆς
2891 479 3027 539 ζωῆς
3075 486 3169 532 τοῦ
3242 483 3416 550 Λόγου
3480 475 3895 552 παρειληφὼςὸ

2263 567 2605 640 Πολύκαρπος
2660 565 2943 638 ἀπήγγειλε
3016 570 3189 621 πάντα
3258 570 3511 641 σύμφωνα
3577 573 3718 626 ταῖς
3779 571 3898 639 Γρα-

2263 664 2401 729 φαίς.
2435 663 2615 709 Ταῦτα
2643 661 2735 709 καὶ
2776 660 2892 708 τότε
2923 653 3018 708 διὰ
3054 659 3112 709 1'6
3151 656 3288 720 ἔλεος
3322 665 3417 710 τοῦ
3444 663 3596 711 Θεοῦ
3656 658 3726 707 τὸ
3759 674 3903 726 γεγο-

2262 749 2348 808 νὸς
2400 744 2476 798 ἐπ’
2527 749 2641 818 ἐμοὶ
2704 742 3007 806 σπουδαίως
3060 749 3252 804 ἤκουον
3318 744 3903 818 ὑποπνηματιζόμενος

2264 835 2398 887 αὖτά
2443 835 2538 887 οὐκ
2567 833 2616 887 ἓν
2662 836 2864 908 χάρτῃ,
2903 833 3010 887 ἀλλ’
3045 835 3092 887 ἐν
3131 844 3193 908 τῇ
3237 833 3331 909 ἐμῇ
3384 832 3604 909 καρδίᾳ
3642 851 3660 864 ⁸
3700 840 3802 887 καὶ
3832 836 3905 885 ἀεὶ

2265 921 2360 978 διὰ
2409 929 2504 983 τὴν
2555 925 2717 998 χάριν
2747 932 2837 977 τοῦ
2891 931 3026 978 Θεοῦ
3069 929 3298 996 γνησίως
3329 926 3464 978 αῦτά
3520 925 3906 1000 ἀναμαρυκᾶ-

2264 1034 2381 1083 μαι.
2442 1019 2545 1068 Καὶ
2598 1010 2830 1086 δύναμαι
2889 1011 3359 1088 διαμαρτύρασθαί
3434 1016 3770 1090 ἔμπροσθεν
3822 1020 3905 1064 τοῦ

2266 1109 2419 1170 Θεοῦ,
2455 1103 2535 1155 ὅτι
2588 1106 2631 1155 εἶ
2675 1123 2727 1155 τι
2755 1110 2988 1156 τοιοῦτον
3045 1102 3259 1161 ἀκηκόει
3305 1102 3496 1166 ἐκεῖνος
3546 1105 3581 1155 ὁ
3635 1103 3905 1176 μακάριος

2265 1196 2355 1245 καὶ
2435 1191 2782 1254 ἀποστολικός
2841 1191 3211 1267 πρεσϐύτερος,
3295 1191 3606 1265 ἀνακράξας
3698 1191 3768 1244 ἂν
3826 1199 3906 1242 καὶ

2267 1280 2532 1354 ἐμφράξας
2580 1283 2648 1333 τὰ
2696 1279 2804 1333 ὦτα
2850 1281 3032 1346 αὑτοῦ,
3067 1287 3156 1334 καὶ
3203 1284 3340 1334 κατά
3368 1284 3426 1333 τὸ
3460 1283 3721 1343 σύνηθες
3776 1279 3904 1350 αὐτῷ

2269 1370 2443 1438 εἰπὼν,
2477 1369 2546 1422 Ὢ.
2591 1368 2713 1422 καλε
2751 1373 2859 1436 Θεε,
2909 1370 2980 1433 εἰς
3010 1371 3152 1432 οἴους
3197 1390 3261 1442 με
3308 1374 3528 1445 καιροὺς
3560 1374 3906 1444 τετήρηκας,

2272 1461 2354 1513 ἱνα
2407 1462 2604 1512 τούτων
2652 1458 2970 1532 ἀνέχωμαι;
3030 1462 3276 1532 πεφεύγοι
3320 1459 3380 1511 ἆν
3425 1465 3523 1512 καὶ
3592 1463 3700 1512 τὸν
3756 1463 3910 1511 τόπον

2271 1548 2320 1602 ἐν
2477 1549 2814 1622 καθεζόμενος
2862 1550 2890 1609 ἦ
2951 1548 3132 1613 ἑστὼς,
3202 1551 3289 1600 τὸν
3341 1555 3587 1601 τοιοῦτον
3689 1547 3911 1605 ἀκηκόει

2270 1637 2442 1710 λόγον.
2487 1642 2585 1692 Καὶ
2617 1637 2673 1690 ἐκ
2713 1646 2814 1692 τῶν
2861 1637 3146 1691 ἐπιστολῶν
3201 1633 3262 1691 δὲ
3313 1637 3472 1691 αὐτοῦ
3530 1635 3612 1689 ὧν
3680 1635 3912 1690 ἐπέστει-

501 1722 829 1780 audivisset
853 1742 1212 1784 sermonem.
1241 1730 1354 1787 Sed
1381 1738 1437 1788 et
1457 1747 1528 1787 ex
1549 1730 1811 1804 epistolis
1838 1729 1888 1800 ej
1901 1744 1988 1792 us,
2007 1739 2158 1798 quas

2272 1727 2350 1780 λεν
2423 1731 2542 1787 ἤτοι
2587 1735 2696 1788 ταῖς
2751 1733 3084 1800 γειτνιώσαις
3171 1726 3477 1788 ἐκκλησίαις
3532 1726 3906 1799 ἐπιστηρςίων

505 1811 596 1866 vel
645 1813 720 1870 ad
772 1815 998 1872 vicinas
1029 1819 1333 1886 ecclesias,
1381 1835 1483 1877 eas
1529 1820 1914 1885 conﬁrmans,
1952 1815 2044 1872 vel
2087 1813 2166 1870 ad

499 1899 714 1957 fratres
752 1907 1073 1977 quosdam,
1109 1923 1213 1964 eos
1261 1909 1562 1966 instruens
1599 1915 1656 1965 et
1693 1909 1935 1973 docens,
1978 1895 2159 1968 dedit,

500 1992 730 2063 puritas
769 1994 1055 2051 doctrinae
1098 1997 1227 2066 ejus
1267 1998 1461 2070 colligi
1500 2003 1712 2070 potest.
1748 2019 1776 2049 »
1816 2001 1948 2054 Haec
1987 1997 2062 2053 de
2091 1997 2162 2051 iis

497 2081 604 2153 qui
626 2084 827 2139 Romae
843 2083 1166 2142 Ecclesiam
1189 2093 1641 2159 oppugnarunt,
1657 2089 1735 2145 ab
1752 2104 1824 2145 ea
1844 2088 2157 2160 segregati.

1113 2196 1340 2252 CAPUT
1373 2197 1554 2252 XXXI.

495 2296 583 2352 De
613 2297 946 2368 Hippolyto
977 2300 1194 2357 Portus
1231 2303 1398 2358 urbis
1436 2305 1634 2360 Romae
1671 2305 1960 2373 episcopo,
2003 2306 2056 2360 et
2085 2301 2158 2359 de

1047 2375 1286 2442 scriptis
1325 2375 1606 2444 ejusdem.

572 2476 962 2547 Temporibus
1031 2479 1228 2535 Severi
1295 2482 1642 2554 Hippolytus
1702 2483 1882 2538 etiam
1948 2485 2153 2539 Portus

499 2565 748 2620 Romani
787 2567 1105 2640 episcopus
1148 2568 1348 2626 ﬂoruit
1379 2589 1392 2624 :
1425 2572 1532 2643 qui
1563 2588 1701 2627 cum
1740 2571 1857 2628 alia
1895 2571 2156 2644 plurima

501 2654 726 2725 scripta
751 2656 1077 2726 prudenter
1099 2663 1158 2714 et
1185 2660 1356 2716 docte
1381 2660 1582 2726 edidit,
1609 2667 1732 2718 tum
1764 2662 1838 2717 de
1867 2662 2154 2718 Paschate

496 2742 714 2798 librum
755 2747 1113 2817 composuit,
1145 2748 1205 2803 in
1237 2765 1357 2822 quo
1383 2749 1783 2822 descriptione
1816 2757 2154 2822 temporum

499 2837 555 2888 et
599 2833 776 2888 veluti
817 2837 1122 2900 Fastorum
1165 2837 1327 2905 inita,
1361 2844 1418 2894 et
1457 2856 1686 2896 canone
1726 2856 2024 2896 annorum
2069 2857 2155 2896 se-

501 2921 697 2976 decim
722 2922 791 2976 de
818 2924 1106 2980 Paschate
1130 2929 1459 2998 proposito,
1489 2929 1780 2985 rationem
1811 2933 2153 3001 temporum

502 3027 696 3082 usque
717 3012 793 3068 ad
821 3018 1081 3085 primum
1105 3032 1330 3073 annum
1354 3019 1672 3074 Alexandri
1699 3019 1958 3075 deducit.
1989 3019 2154 3075 Cata-

2273 1817 2452 1884 αὐτάς,
2510 1818 2540 1877 ἣ
2587 1825 2686 1869 τῶν
2736 1813 2968 1890 ἀδελφῶν
3016 1836 3150 1883 τισι,
3203 1819 3452 1870 νουθετῶν
3540 1816 3767 1877 αὐτοὺς
3822 1819 3906 1867 καὶ

2271 1911 2701 1981 προτρεπόμενος,
2736 1903 2958 1959 δύναται
2991 1908 3365 1979 φανερωθῆναι.
3409 1928 3440 1957 ››
3494 1906 3678 1958 Ἀλλὰ
3739 1914 3905 1959 ταῦτα

2267 1999 2359 2070 μεν
2415 2001 2505 2050 καὶ
2559 2002 2677 2070 περὶ
2731 2003 2828 2048 τῶν
2880 1995 2928 2047 ἐν
2979 1999 3147 2069 Ῥώμῃ
3201 1995 3254 2058 ἐξ
3325 1997 3556 2058 ἐναντίας
3635 1992 3900 2070 διαφερο-

2266 2089 2452 2160 μένων.

2861 2195 3103 2247 ΚΕΦΔΛ.
3137 2192 3268 2248 AA’.

2267 2305 2418 2377 Περὶ
2454 2298 2840 2354 Ἱππολύτου
2880 2303 3138 2377 Πόρτου-
3183 2297 3425 2377 πόλεως
3463 2296 3683 2371 Ῥώμη
3710 2319 3735 2361 ς
3772 2295 3890 2350 καὶ

2584 2379 2704 2424 τῶν
2745 2370 3267 2443 συγγραμμάτων
3306 2370 3526 2426 αὐτοῦ.

2333 2483 2454 2539 Τοῖς
2511 2474 2570 2530 δὲ
2626 2479 2764 2530 κατά
2815 2485 3037 2553 Σευῆρον
3085 2475 3307 2552 χρόνοις
3354 2481 3448 2529 καὶ
3501 2476 3875 2538 Ἰππόλυτοςό

2265 2570 2465 2639 Πόρτου
2545 2575 2641 2629 τῆς
2693 2566 2891 2639 Ῥώμης
2955 2565 3239 2629 ἒπίσκοπος
3324 2570 3556 2638 γεγονὼς
3620 2565 3873 2639 ἀκμάζων

2262 2652 2347 2714 ἦν.
2407 2661 2506 2709 Καὶ
2535 2647 2628 2715 ¹δή
2661 2656 2857 2708 πολλῶν
2887 2657 3274 2729 ὑπομνημάτων
3322 2664 3550 2708 συνετῶν
3593 2656 3747 2727 αὐτῷ
3778 2673 3868 2726 γε-

2259 2750 2589 2818 γραμμένων,
2633 2750 2724 2798 καὶ
2769 2749 2826 2798 1'6
2863 2751 2981 2820 περὶ
3029 2753 3120 2798 τοῦ
3169 2746 3370 2817 Πάσχα
3425 2743 3700 2798 ἐκτίθεται
3743 2746 3864 2815 σύγ·

2259 2853 2500 2907 γραμμα,
2573 2832 2620 2885 ἒν
2767 2841 2868 2886 τῶν
2922 2837 3127 2905 χρόνων
3208 2831 3513 2908 ἀναγραφήν
3575 2835 3852 2905 ἐκθέμενος,

2260 2927 2351 2975 καὶ
2401 2942 2518 2975 τινα
2571 2926 2761 2975 κανόνα
2834 2919 3356 2996 ἑκκαιδεκαετηρίδος
3428 2926 3548 2995 περὶ
3609 2930 3696 2975 τοῦ
3745 2921 3847 2973 Πά-

2264 3031 2379 3084 σχα
2413 3013 2643 3086 προθεὶς,
2695 3010 2779 3064 ἐπὶ
2821 3014 2879 3064 τὸ
2918 3019 3120 3086 πρῶτον
3159 3013 3264 3072 ἔτος
3318 3007 3661 3085 Ἀλεξάνδρου
3698 3027 3830 3081 πεοι-

499 3099 674 3170 logus
707 3100 995 3159 librorum
1023 3106 1154 3176 ejus
1185 3107 1267 3161 sic
1298 3107 1480 3164 habet
1513 3125 1525 3162 :
1554 3109 1722 3163 Liber
1747 3110 1811 3164 in
1836 3109 2156 3165 Hexaeme-

2266 3103 2448 3175 γράφη
2497 3104 2614 3162 τοὺς
2665 3105 2910 3174 χρόνους.
2967 3102 3046 3154 Τά
3107 3120 3165 3172 γε
3220 3104 3317 3172 μὴν
3375 3099 3538 3152 αὐτοῦ
3583 3099 3828 3170 συγγράμ-

501 3204 653 3260 ron;
677 3194 734 3245 et
757 3191 904 3248 alter
923 3184 1058 3264 post
1085 3195 1516 3264 Hexaemeron,
1544 3198 1924 3254 refutatorius
1947 3203 2158 3254 contra

503 3279 895 3352 Marcionem;
946 3283 1020 3338 In
1063 3285 1374 3341 Canticum
1422 3289 1806 3354 canticorum,
1847 3288 1910 3342 in
1955 3291 2155 3356 partes

499 3367 844 3436 Ezechielis,
861 3371 933 3428 de
947 3371 1255 3439 Paschate,
1271 3390 1426 3445 opus
1447 3376 1672 3432 Contra
1692 3377 1934 3433 hareses
1947 3391 2158 3433 omnes

501 3456 675 3528 longe
707 3459 1112 3527 utilissimum,
1145 3464 1230 3519 De
1259 3465 1516 3521 adventu
1546 3466 1915 3532 Antichristi,
1953 3468 2038 3523 De
2073 3483 2160 3523 re-

501 3549 869 3605 surrectione
890 3567 910 3614 ;
940 3556 993 3606 et
1036 3551 1153 3608 alia
1192 3553 1453 3625 plurima
1487 3574 1500 3613 :
1533 3556 1604 3611 In
1644 3556 2032 3622 Zachariam,
2078 3559 2160 3613 De

501 3635 779 3704 Psalmis,
794 3639 858 3693 in
880 3639 1122 3706 Isaiam,
1137 3643 1200 3697 in
1225 3644 1528 3700 Danielem
1549 3645 1594 3713 (t
1610 3646 1643 3714 ),
1668 3646 1754 3701 De
1773 3646 2156 3716 Apocalypsi,

499 3725 588 3780 De
614 3727 975 3793 Proverbiis,
1017 3730 1100 3786 De
1139 3732 1292 3787 Saul
1332 3739 1386 3787 et
1433 3733 1736 3802 Pythone;
1768 3733 1851 3790 De
1881 3735 2158 3790 laudibus

499 3814 738 3870 Domini
776 3818 970 3872 nostri
1005 3819 1174 3875 Jesus
1213 3819 1454 3890 Christi,
1495 3822 1570 3877 de
1608 3823 1829 3894 quibus
1869 3829 2160 3894 prasente

503 3902 752 3972 Origene
784 3921 1124 3962 sermonem
1153 3907 1383 3966 habuit.
1412 3911 1702 3976 Quadam
1733 3927 1909 3983 porro
1941 3913 2162 3985 scripta

501 3991 631 4061 ejus
686 4008 825 4048 cum
872 3995 1333 4066 reprehensione
1380 4013 1503 4054 non
1553 4007 1815 4066 careant,
1873 4001 2160 4074 martyrio

496 4083 712 4150 postea
763 4097 870 4153 pro
920 4083 1130 4139 Christi
1172 4087 1415 4142 nomine
1461 4088 1757 4155 absoluto,
1808 4090 2159 4160 ignorantia

499 4167 628 4238 ejus
665 4170 966 4227 maculam
997 4172 1233 4228 detrivit
1264 4180 1444 4248 atque
1474 4177 1734 4234 detersit.
1769 4180 1934 4235 Unde
1966 4180 2162 4251 Orige-

499 4272 640 4313 nem
691 4259 856 4314 aiunt
915 4260 1150 4318 initium
1203 4263 1783 4322 Commentariorum
1839 4269 1900 4324 in
1953 4286 2159 4325 sacras

500 4346 835 4418 Scripturas
870 4349 1326 4408 scribendorum
1364 4355 1714 4426 sumpsisse.
1749 4356 1884 4413 Haec
1921 4358 1996 4414 de
2027 4359 2163 4432 Hip-

498 4437 706 4508 polyto
741 4438 842 4509 (2).

1003 4620 1174 4692 33],
1213 4623 1438 4682 CAPUT
1467 4626 1664 4684 XXXII.

497 4723 579 4780 De
598 4727 883 4808 Pantano
902 4730 948 4808 A_
960 4731 1318 4808 lea'andrino
1338 4735 1714 4808 philosopho,
1734 4737 1860 4793 viro
1883 4739 2163 4806 apostoli-

569 4812 654 4862 co,
688 4803 753 4875 et
799 4801 871 4875 de
907 4802 1106 4860 divino
1143 4801 1392 4875 prorsus
1441 4801 1755 4866 sacrarum
1797 4801 2160 4868 Litterarum
2214 4838 2217 4841 λ

570 4870 760 4926 studio
801 4873 951 4943 ejus.

569 4978 886 5033 Pantaenus
909 4981 1086 5038 etiam
1109 4984 1399 5056 sapientia
1420 4987 1638 5053 clarus,
1658 4987 1770 5044 sub
1800 4989 2156 5053 Commodo,

498 5064 720 5156 divinas
770 5071 933 5138 apud
980 5072 1403 5131 Alexandriam
1457 5077 1692 5147 praefuit
1737 5077 1980 5142 scholas,
2026 5078 2154 5149 jam

498 5156 640 5212 Inde
678 5159 758 5214 ab
796 5160 1044 5232 antiquo
1084 5178 1394 5220 sacrarum
1434 5165 1517 5220 ibi
1560 5167 1912 5223 Litterarum
1955 5167 2156 5223 studio

499 5245 771 5314 ﬂorenti;
806 5250 969 5320 quod
1006 5265 1148 5307 sane
1179 5252 1257 5308 ad
1292 5254 1479 5310 multa
1516 5254 1693 5311 etiam
1735 5255 1973 5312 duravit
2014 5262 2158 5312 tem-

498 5353 670 5408 pora,
713 5339 912 5395 multis
958 5340 1106 5397 inter
1143 5358 1207 5397 se
1247 5343 1306 5398 in
1343 5344 1508 5399 omni
1552 5359 1767 5414 genere
1809 5344 2158 5417 disciplina-

535 5497 652 5578 ⁸(ί)
697 5502 1048 5578 Hippolytus
1086 5503 1146 5578 in
1185 5503 1452 5578 visiones
1480 5503 1740 5578 Danielis
1779 5507 2156 5578 commenta-

500 5574 660 5629 rium
695 5576 945 5647 scripsit.
993 5579 1050 5631 et
1082 5575 1142 5632 in
1178 5575 1496 5634 Proverbia
1539 5574 1894 5634 Salomonis.
1940 5578 2154 5652 (Suid.)

2263 3209 2405 3262 ματα
2455 3192 2620 3242 ταῦτά
2649 3189 2752 3243 εἰσι
2784 3209 2797 3223 ·
2832 3189 3086 3243 Βιϐλίον
3128 3189 3232 3250 Εἰς
3269 3193 3386 3248 τὴν
3424 3189 3795 3260 Ἐξαήμερον
3821 3202 3834 3215 ·

2264 3280 2431 3353 ἕτερον
2487 3279 2592 3341 Εἰς
2652 3281 2727 3332 τὰ
2783 3281 2944 3352 μετά
3009 3277 3449 3351 Ἑξαήμερονο
3503 3277 3850 3353 ἀντιρρπικὸς

2264 3367 2390 3440 πρός
2411 3367 2838 3441 Μαρκίωνα.Εἰς
2874 3370 2944 3420 1'6
2982 3367 3195 3441 νᾼσμα
3235 3375 3357 3419 τῶν
3399 3364 3858 3439 ᾁσμάτων·Εἱς

2264 3461 2421 3531 μέρη
2462 3465 2573 3509 τοῦ
2611 3456 2954 3520 Ἰεζεκιήλο
2982 3461 3134 3531 Περὶ
3167 3463 3276 3508 τοῦ
3306 3457 3571 3528 Πάσχα·
3596 3459 3861 3527 σύνταγμα

2268 3551 2434 3618 Πρὸς
2472 3548 2689 3607 πάσας
2727 3548 2839 3607 τὰς
2877 3549 3165 3619 αἱρέσεις
3203 3543 3618 3619 βιωφελέστατον
3653 3564 3667 3577 '
3721 3547 3861 3618 Περὶ

2267 3645 2383 3697 τῆς
2419 3640 2790 3711 παρουσίας
2825 3643 2937 3688 τοῦ
2977 3635 3474 3709 Ἀντιχρίστουο
3503 3639 3663 3708 Περὶ
3696 3634 3860 3686 ἀνασ-

2267 3727 2518 3787 τάσεως
2548 3741 2560 3754 ·
2587 3729 2677 3776 καὶ
2705 3724 2833 3776 ἄλλα
2862 3724 3083 3776 πλεῖστα
3115 3741 3128 3753 ·
3162 3723 3270 3785 Εἰς
3305 3728 3653 3798 Ζαχαρίαν
3683 3743 3697 3756 ο
3722 3726 3860 3793 Περὶ

2267 3812 2538 3885 ψαλμῶν
2571 3834 2585 3848 ο
2636 3813 2736 3874 Εἰς
2774 3815 2888 3866 τὸν
2926 3812 3195 3864 Ἡσαΐαν
3246 3833 3261 3848 ο
3304 3812 3404 3872 Εἰς
3443 3815 3550 3864 τὸν
3594 3811 3859 3870 Δανιήλ⁸

2270 3907 2425 3977 Περὶ
2465 3902 2999 3973 Ἀποκαλύψεως⁹
3042 3907 3196 3974 Περὶ
3238 3907 3618 3976 Παροιμιῶν
3650 3920 3661 3932 ·
3719 3903 3860 3972 Περὶ

2269 3991 2476 4044 Σαοὺλ
2515 3996 2619 4044 καὶ
2661 3994 2954 4052 Πύθωνος
2987 4008 3001 4021 ⁸
3052 3995 3212 4064 Περὶ
3275 3993 3554 4044 ἐπαίνων
3614 3999 3722 4044 τοῦ
3760 3996 3863 4043 Κυ-

2267 4085 2411 4155 ρίου
2451 4082 2625 4153 ἠμῶν
2665 4081 2881 4139 Ἰησοῦ
2919 4088 3243 4156 Χριστοῦ·
3269 4077 3422 4142 ἓνοῖς
3448 4083 3710 4153 παρόντος
3735 4081 3861 4152 '39:-

2268 4173 2447 4242 γένους
2476 4170 2727 4242 ὡμίλησε.
2754 4173 2881 4223 Τινὰ
2909 4166 2946 4222 δ
2948 4175 2968 4223 ὲ
2997 4179 3094 4223 τῶν
3122 4171 3545 4242 συγγραμμάτων
3575 4167 3860 4240 ἐπιλήψιμα

2269 4261 2429 4330 ἔχων,
2461 4267 2533 4329 τῷ
2575 4260 2701 4332 ὑπὲρ
2729 4266 2966 4333 Χριστοῦ
2997 4263 3270 4332 μαρτυρίῳ
3300 4260 3432 4330 μετά
3476 4264 3649 4309 ταῦτα
3675 4257 3859 4310 τελειω-

2272 4348 2395 4413 θεὶς,
2424 4349 2512 4400 τὸν
2542 4355 2638 4410 τῆς
2681 4345 2892 4420 ἀγνοίας
2923 4346 3243 4419 ἀπετρίψατο
3272 4355 3470 4419 μῶμον.
3523 4345 3611 4408 Ἐξ
3641 4346 3713 4397 ὧν
3745 4362 3857 4418 φασι

2193 4476 2240 4534 D
2269 4440 2360 4488 καὶ
2399 4435 2668 4509 Ὠριγένην
2700 4436 2874 4510 ἀρχὴν
2906 4435 3195 4508 ἐσχηκέναι
3224 4442 3337 4498 ταῖς
3385 4437 3549 4498 θείαις
3577 4433 3853 4488 ἕπιϐάλλειν

2273 4530 2520 4598 Γραφαῖς.
2551 4532 2798 4578 Τοσαῦτα
2835 4523 2895 4578 δὲ
2933 4530 3023 4578 καὶ
3051 4528 3117 4577 τὰ
3150 4523 3476 4579 Ἱππολύτου.

2857 4633 3079 4687 ΚΕΦΑΛ
3092 4677 3105 4689 .
3155 4631 3280 4686 ΛΒ’.

2273 4745 2436 4816 Περὶ
2475 4747 2585 4794 τοῦ
2625 4742 2681 4794 ἓν
2725 4737 3181 4816 Ἀλεξανδρείᾳ
3218 4742 3584 4816 Πανταίνου
3626 4744 3732 4816 τοῦ
3771 4753 3845 4806 φι-

2341 4807 2642 4885 λόσόφου,
2709 4807 3167 4885 ἀποστολέκοῦ
3238 4807 3516 4885 ἀνδρός⁶
3581 4815 3689 4885 καί
3753 4815 3849 4866 τῆς

2344 4878 2673 4959 περὶ’τοῦς
2708 4883 2938 4956 λόγους
2977 4884 3191 4936 ἐνθέου
3232 4878 3432 4936 αὐτοῦ
3475 4878 3793 4942 σπουδῆς.

2344 4995 2445 5046 Καὶ
2502 4993 2527 5044 ὁ
2579 4990 2735 5051 πολὺς
2786 4989 2845 5044 δὲ
2890 4996 2985 5050 τὴν
3045 4995 3192 5044 σοίαν
3236 4991 3518 5051 Πάνταινος
3569 4987 3655 5042 ἐπὶ
3708 4989 3857 5060 K6116-

2272 5078 2368 5134 δου
2402 5089 2491 5141 τῆς
2537 5081 2652 5132 κατ’
2709 5076 3098 5154 ἈΑεξάνδρειαν
3149 5081 3289 5142 θείας
3337 5081 3510 5150 ἡγεῖτο
3562 5074 3852 5153 διατριϐῆς,

2271 5172 2372 5222 ἔθει
2419 5169 2629 5243 ἀρχαίῳ
2679 5170 2814 5243 ἱεροῦ
2870 5166 3242 5222 διδασκαλείου
3284 5168 3450 5221 ἐκεῖσε
3498 5164 3568 5226 δὴ
3615 5170 3856 5220 συνεστῶ-

2267 5278 2354 5319 τος
2385 5275 2400 5289 ⁸
2462 5259 2487 5310 ὃ
2526 5262 2615 5311 καὶ
2667 5260 2746 5310 ἐπὶ
2792 5258 2920 5312 πολὺ
2979 5265 3071 5311 τοῦ
3160 5262 3356 5330 χρόνου
3408 5261 3701 5329 προήνεγκε
3781 5263 3854 5314 τῆς

2267 5351 2384 5422 περὶ
2434 5344 2557 5409 τοὺς
2603 5346 2781 5418 λόγους
2831 5343 3092 5413 σπουδῆς,
3131 5347 3330 5400 πολλῶν
3384 5345 3608 5399 ἐνταῦθα
3659 5347 3852 5418 τιθεμέ-

2338 5508 2414 5579 (2)
2455 5508 2641 5579 Hujus
2663 5507 3009 5581 passionem
3041 5508 3273 5581 hymno
3301 5505 3621 5580 prolixiora
3649 5522 3848 5580 prose-

2268 5586 2440 5638 cutus
2469 5585 2562 5638 est
2583 5579 2956 5638 Prudentius.
