4036 6288
75 319 224 375 1053

65 466 163 497 νων
196 449 282 503 τὴν
333 443 572 516 ἅμιλλαν.
614 444 702 498 Ἐν
756 441 815 497 δὲ
851 450 958 507 τοῖς
989 450 1196 499 πώποτε
1223 451 1313 499 καὶ
1353 454 1533 500 τοῦτον
1586 443 1654 506 δὴ
1691 447 1737 504 Α

67 530 281 608 σφόδρα
306 530 755 607 διαθρυλληθῆναι
785 533 954 605 λόγος,
1002 535 1081 587 ἆτ’
1123 534 1178 587 ἐκ
1227 546 1318 597 τῆς
1365 545 1464 588 τῶν
1505 544 1659 588 Στωῐ-

63 632 167 674 κῶν
239 621 515 695 φιλοσόφου
592 618 868 696 διατριϐῆς
947 623 1030 676 ἐπὶ
1091 627 1231 677 τοῦτ’
1286 624 1656 679 ἀποκλίναντα.

61 713 340 769 Τοσαύτην
401 707 460 763 δέ
503 731 631 783 φασι
679 709 918 771 σπουδήν
965 713 1358 786 εἰσενέγκασθαι
1397 718 1483 767 τὸν
1527 716 1658 767 θεῖον

61 801 361 862 ἐπαυξῆσαι
406 800 577 871 λόγον,
623 803 692 863 ὡς
743 807 833 854 καὶ
887 808 1095 875 κήρυκα
1141 811 1246 864 τοῖς
1285 803 1363 856 ἐπ’
1409 803 1660 865 ἀνατολῆς

61 893 235 943 ἔθνεσι
290 898 380 942 τοῦ
437 898 671 963 Χριστοῦ
737 901 1082 962 καταστῆναι,
1169 899 1258 946 καὶ
1322 898 1416 952 τήν
1467 898 1660 968 μέχρις

63 977 246 1034 Ἰνδῶν
289 979 612 1032 στείλασθαι.
647 980 830 1033 Πολλοὶ
866 984 968 1056 γὰρ
1028 986 1117 1034 καὶ
1169 980 1420 1041 τηνικάδε
1451 979 1661 1056 διέπρε-

61 1088 156 1121 πον
211 1071 458 1141 πρόθεσιν
521 1071 600 1121 ὅτι
649 1069 881 1141 μάλιστα
948 1075 1186 1142 γενναίαν
1259 1071 1660 1146 προϐεϐλημένοι

61 1157 144 1210 ἐπὶ
176 1157 442 1230 καταϐολῇ
475 1163 565 1211 καὶ
598 1158 817 1222 αὐξήσει
859 1168 949 1212 τοῦ
1007 1163 1143 1214 θείου
1191 1167 1282 1214 καὶ
1324 1161 1659 1233 εὐαγγελικοῦ

63 1249 288 1320 σπόρου.
341 1248 435 1300 ⁷Ων
490 1249 563 1309 εἰς
607 1253 698 1300 καὶ
749 1250 774 1300 6
823 1257 910 1300 νῦν
958 1252 1083 1322 ἡμῖν
1131 1256 1462 1324 προκείμενος
1510 1270 1661 1322 γεγο-

59 1340 179 1401 νὼς,
223 1341 313 1388 καὶ
363 1339 558 1410 μεχρις
614 1333 792 1389 Ἰνδῶν
853 1341 1095 1409 γενέσθαι
1150 1341 1346 1398 ἣκιστα
1404 1344 1655 1398 ὤκνησεν.

58 1427 244 1497 Εὑρεῖν
284 1429 458 1497 μέντοι
504 1428 669 1478 ἐκεῖσε
720 1429 778 1479 τό
813 1430 948 1480 κατά
996 1429 1264 1483 Ματθαῖον
1323 1431 1454 1504 ἱερόν
1485 1428 1661 1500 Εὐαγ-

56 1515 228 1586 γέλιον
286 1517 486 1589 ἱστορεῖ
519 1523 662 1589 παρά
700 1535 812 1568 τισι
849 1525 950 1569 τῶν
993 1527 1213 1584 πιστῶν,
1255 1520 1355 1572 ὑπὸ
1407 1518 1658 1593 Βαρθολοο

56 1609 220 1675 μαίου
267 1601 507 1678 Ἐϐραΐδι
569 1601 824 1676 διαλέκτῳ
878 1610 1292 1679 προσφωνηθένο
1342 1610 1414 1671 ὡς
1466 1612 1555 1660 καὶ
1608 1607 1660 1670 ἒς

56 1695 265 1766 μακρὸν
317 1693 580 1765 προελθεῖν
637 1701 728 1746 τοῦ
775 1697 970 1770 χρόνου
1022 1703 1114 1748 τοῦ
1156 1703 1375 1772 πρώτως
1417 1697 1658 1772 γράψαν-

59 1802 142 1844 τος
199 1781 437 1854 ἀκριϐεῖς
473 1780 740 1844 διασῶζον
797 1788 913 1845 τοὺς
950 1794 1318 1858 χαρακτῆρας.
1353 1785 1567 1849 Πολλοῖς
1599 1784 1659 1840 δι
1691 1797 1734 1853 Β

57 1874 438 1946 κατορθώμασι
490 1869 797 1944 διαλάμψας
834 1874 970 1949 ἄχρι
1025 1871 1094 1933 δὴ
1139 1880 1226 1928 καὶ
1263 1878 1314 1937 ἐς
1369 1875 1532 1940 τέλος,
1563 1884 1660 1939 τῆς

59 1961 172 2012 κατ’
262 1957 654 2035 Ἀλεξάνδρειαν
732 1964 869 2036 ἱερᾶς
951 1965 1126 2034 ἠγεῖτο
1207 1961 1507 2037 διατριϐῆς,
1568 1969 1658 2017 καὶ

64 2050 207 2122 ζώσῃ
290 2049 507 2123 γλώσσῃ
567 2055 655 2104 καὶ
714 2059 892 2124 σοφοῖς
965 2054 1306 2126 ὑπομνήμασι
1361 2063 1460 2108 τῶν
1512 2056 1658 2107 θείων

65 2136 346 2210 δογμάτων
385 2142 473 2200 τάς
501 2142 698 2214 Γραφάς
729 2139 1102 2200 ἀναπτύσσων,

672 2321 914 2374 ΚΕΦΑΛ.
944 2319 1064 2376 ΛΓ.

67 2429 213 2497 Περὶ
280 2424 646 2499 Κλήμεντος
683 2432 796 2499 τοῦ
863 2429 1316 2499 Στρωματέως,
1359 2430 1465 2480 καὶ
1542 2435 1660 2479 τῶν

139 2498 667 2571 συγγραμμάτων
716 2497 966 2550 αὐτοῦλ
1026 2497 1134 2550 καὶ
1189 2499 1309 2550 ὅσα
1363 2503 1508 2571 περὶ
1544 2507 1660 2550 τῶν

138 2567 325 2620 θείων
356 2567 528 2639 λέγει
569 2575 850 2642 Γραφῶν.

136 2681 208 2747 Τῇ
244 2671 292 2726 δ’
327 2675 458 2747 αὐτῇ
501 2683 593 2727 τοῦ
630 2680 827 2750 χρόνου
879 2681 1012 2748 φορᾷ
1051 2680 1140 2730 καὶ
1192 2676 1404 2748 Κλήμης
1441 2676 1665 2748 πρεσϐύ-

71 2783 235 2834 τερος,
286 2763 338 2824 ὃς
387 2769 722 2839 Στρωματεὺς
781 2763 1060 2829 ἐπεκλήθη,
1126 2765 1210 2819 ἰπὶ
1275 2775 1366 2826 τῆς
1421 2765 1663 2829 Ἀλεξαν-

77 2847 252 2926 δρείας
300 2858 387 2905 καὶ
449 2853 607 2914 αὐτὸς
666 2857 1079 2926 συνασκούμενος
1137 2852 1196 2913 ἦν
1260 2875 1330 2926 τῳ
1377 2861 1664 2928 Πανταίνῳ,

79 2944 165 2992 καὶ
210 2945 293 2993 τόν
345 2945 453 2994 ἴσον
513 2939 707 3014 δρόμον
769 2945 940 3014 ἓκείνῳ
1003 2949 1089 2995 καὶ
1140 2947 1234 3002 τὴν
1291 2941 1531 3003 σπουδήν
1584 2945 1668 2998 ἐπὶ

76 3027 244 3103 διαίτῃ
298 3036 386 3083 καὶ
434 3039 495 3103 τῇ
555 3029 802 3105 διατριϐῆ
853 3036 1195 3104 κεκτημένος.
1231 3039 1331 3086 Καὶ
1386 3039 1584 3109 πατέρα
1608 3031 1668 3087 δί

69 3127 160 3170 τῶν
226 3119 392 3192 λόγων
461 3123 510 3174 ἓν
580 3129 696 3183 ταῖς
770 3121 929 3174 αὑτοῦ
1013 3124 1210 3176 οὑτωσὶ
1280 3128 1666 3197 γεγραμμέναις
1699 3155 1741 3212 C

68 3216 547 3263 ’Υποτυπώσεσι
580 3213 667 3262 τόν
722 3213 1017 3264 Πάνταινον
1068 3214 1308 3285 ἱστορεῖ·
1365 3218 1454 3265 καὶ
1505 3215 1554 3265 ἓν
1592 3221 1664 3285 τῷ

69 3305 239 3371 πρώτῳ
267 3297 332 3353 δὲ
373 3307 471 3351 τῶν
503 3303 941 3372 Στρωματέων
974 3308 1154 3353 τοῦτον
1186 3297 1332 3354 δοκεῖ
1368 3322 1458 3373 μοι
1497 3303 1665 3356 αἰνίτ-

67 3391 232 3442 τεσθαι
262 3408 275 3419 ’
326 3390 409 3442 ὅτε
455 3393 579 3450 τοὺς
616 3392 864 3461 ἐμφανεῖς
895 3399 994 3442 τῶν
1029 3389 1330 3443 ἀποστόλων
1366 3388 1666 3463 διαδόχους

65 3477 368 3552 ἀπαριθμεῖ,
417 3481 627 3553 γράφων
666 3479 826 3540 οὖτως
860 3494 874 3508 ⁸
925 3477 1122 3536 «Ἤδη
1172 3476 1231 3532 δε
1274 3480 1333 3532 οὐ
1384 3485 1557 3552 γραφή
1592 3482 1663 3543 εἰς

62 3565 312 3632 ἐπίδειξιν
370 3572 778 3639 τετεχνασμένη,
842 3567 970 3620 ἀλλά
1029 3589 1119 3640 μοι
1175 3571 1528 3642 ὑπομνήματα
1590 3571 1661 3632 εἰς

59 3666 213 3730 γῆρας
329 3649 728 3727 θησαυρίζεται,
815 3657 977 3718 λήθης
1071 3660 1360 3731 φάρμακον,

57 3749 282 3820 ἐναργῶς
330 3752 420 3800 καὶ
471 3751 798 3819 σκιαγραφία
848 3756 948 3799 τῶν
995 3747 1220 3821 ἐναργῶν
1261 3752 1347 3800 καὶ
1402 3747 1657 3819 ἕμψύχων

59 3833 274 3901 ἐκείνων,
337 3835 403 3886 ὧν
478 3835 810 3898 κατηξιώθην
888 3834 1181 3888 ἐπακοῦσαι
1240 3835 1403 3907 λόγων
1468 3855 1522 3888 τε
1568 3841 1657 3890 καὶ

1449 3656 1658 3711 εἴδωλον

59 3921 280 3998 ἀνδρῶν,
329 3928 596 3997 μακαρίων
634 3928 723 3976 καὶ
779 3933 851 3996 τῷ
899 3928 1005 3977 ὄντι
1047 3924 1347 3996 ἀξιολόγων.
1393 3927 1598 3978 Τούτων
1629 3927 1655 3978 ό

55 4014 140 4080 μὲν
177 4011 263 4066 ἐπὶ
327 4019 420 4074 τῆς
470 4009 722 4074 Ἑλλάδος
751 4014 776 4064 6
826 4014 1073 4078 Ἰωνικὸς,
1107 4015 1132 4064 6
1161 4010 1220 4066 δὲ
1263 4014 1350 4066 ἐπὶ
1379 4022 1469 4075 τῆς
1501 4017 1657 4086 μεγά-

55 4099 144 4160 λης
193 4097 451 4163 Ἑλλάδος
483 4118 495 4130 ⁸
531 4109 626 4164 τῆς
687 4101 870 4162 Κοίλης
938 4104 1145 4177 θάτερος
1222 4102 1390 4155 αὐτῶν
1469 4107 1654 4177 Συρίας

56 4185 114 4246 ἧν
143 4209 155 4222 ·
190 4191 216 4242 ό
248 4187 319 4243 δὲ
349 4188 435 4242 ἀπ’
485 4190 751 4262 Αἰγύπτου
786 4210 800 4223 ⁸
833 4191 978 4244 οῖλλοὶ
1004 4187 1063 4244 δὲ
1103 4190 1198 4244 ἀνά
1235 4195 1327 4251 τὴν
1359 4189 1609 4250 ἀνατολήν
1637 4211 1649 4221 ·

52 4284 138 4330 καὶ
196 4281 396 4341 ταύτης
451 4280 476 4330 6
515 4283 605 4350 μέν
655 4299 738 4340 τις
801 4288 892 4341 τῆς
939 4280 1264 4355 Ἀσσυρίων,
1297 4282 1324 4332 ό
1374 4277 1433 4333 δὲ
1487 4283 1535 4333 ἓν
1587 4289 1651 4354 τῇ

56 4367 383 4440 Παλαιστίνη
457 4367 695 4440 Ἑϐραῖος
769 4367 1030 4423 ἀνέκαθεν.
1104 4369 1336 4440 ’Υστάτῳ
1414 4365 1472 4422 δε
1515 4389 1656 4442 περι-

59 4463 250 4528 τυχὼν,
301 4453 523 4528 δυνάμει
564 4453 623 4510 δε
666 4458 770 4530 ἄρα
817 4466 1017 4530 πρῶτος
1068 4455 1150 4522 ἦν,
1202 4457 1574 4530 ἀνεπαυσάμην
1606 4462 1656 4512 ἓν

53 4545 336 4618 Αἰγύπτῳ,
399 4547 638 4619 θηράσας
683 4546 950 4604 λεληθότα.
999 4546 1136 4600 Ἀλλ’
1186 4550 1234 4599 οἱ
1264 4551 1354 4617 μεν
1405 4552 1498 4607 τὴν
1533 4547 1656 4606 ἀλή-

56 4635 190 4686 θειαν
237 4641 344 4696 τῆς
396 4636 534 4697 θείας
605 4638 857 4698 σώζοντες
924 4631 1299 4702 διδασκαλίας,
1359 4633 1658 4711 παράδοσιν

55 4722 195 4784 εὐθὺς
244 4727 358 4776 ἀπὸ
414 4728 610 4799 Πέτρου
661 4729 751 4778 καὶ
811 4724 1085 4791 Ἰακώϐου,
1161 4725 1400 4778 Ἰωάννου
1461 4744 1514 4778 τε
1569 4730 1659 4778 καὶ

55 4814 290 4884 Παύλου,
319 4821 418 4866 τῶν
462 4812 622 4884 ἁγίων
663 4813 983 4879 ἀποστόλων,
1032 4820 1156 4876 παῖς
1197 4817 1392 4887 πατρὸν
1446 4811 1659 4876 ίκδεξά-

55 4920 217 4971 μενος,
276 4901 446 4972 ὀλίγοι
500 4899 559 4954 δε
611 4904 660 4954 οἱ
711 4904 972 4974 πατράσιν
1026 4903 1218 4974 ὅμοιοι,
1269 4903 1393 4961 ἧκον
1444 4898 1511 4959 δή
1565 4906 1658 4954 σὺν

58 4994 162 5060 Θεῷ
207 4995 303 5044 καὶ
357 4991 424 5051 εἰς
493 4993 651 5062 ἡμᾶς,
707 4994 774 5043 τὰ
824 4994 1111 5064 προγονικὰ
1169 4993 1335 5044 ἓκεῖνα
1393 4996 1484 5043 καὶ
1528 4989 1658 5043 ἀπο-

61 5079 280 5133 στολικά
319 5082 660 5151 καταθέμενοι
692 5084 986 5152 σπέρματα.
1039 5102 1068 5133 ››
1115 5084 1214 5132 Τὸν
1273 5076 1332 5133 δὲ
1381 5081 1659 5133 Πάνταινον

61 5168 279 5239 Κλήμης
335 5165 730 5241 διαδεξάμενος,
801 5178 895 5232 τῆς
969 5166 1252 5244 διατριϐῆς
1329 5171 1655 5239 καθηγεῖτο’

60 5259 122 5316 ως
152 5258 272 5311 κατ’
308 5257 468 5310 ἐκεῖνο
515 5265 605 5310 τοῦ
655 5266 840 5331 καιροῦ
897 5263 986 5310 καὶ
1031 5261 1116 5310 τὸν
1169 5257 1438 5330 Ὠριγένην
1488 5253 1661 5309 παῖδα

62 5349 184 5397 ὄντα
212 5345 338 5421 παρ’
372 5347 513 5419 αὐτῷ
543 5355 814 5419 φοιτῆσαι.
863 5353 974 5398 Τῶν
1007 5342 1065 5399 δὲ
1088 5349 1512 5421 Στρωματέων
1563 5350 1657 5404 τὴν

63 5432 244 5504 βίϐλον
295 5438 533 5510 ἱστορῶν,
588 5439 646 5488 τό
694 5443 898 5509 πρῶτον
949 5437 1271 5508 σύγγραμμα
1318 5434 1384 5496 εἰς
1436 5437 1529 5493 τὴν
1563 5440 1658 5487 Κο-

60 5520 231 5594 μόδου
300 5524 535 5583 τελευτὴν
581 5526 906 5601 περιγράφει,
961 5525 1031 5586 ὡς
1085 5522 1146 5575 ἀν
1203 5527 1457 5598 χρονικήν
1507 5525 1657 5575 ἴστο-

63 5614 178 5685 ρίαν
220 5615 557 5693 συγγράφων.
618 5613 785 5668 Ὀκτὼ
839 5610 897 5668 δὲ
943 5613 993 5667 οὶ
1020 5614 1203 5674 πάντες
1232 5611 1336 5666 εἰσὶ
1369 5619 1655 5686 Στρωμα-

1134 317 1709 378 ECCLESIASTICE
1749 317 2104 376 HISTORIIE
2143 319 2276 376 LIB.
2317 320 2410 378 IV.

3287 317 3428 375 1054

1767 460 1901 501 rum
1921 445 2303 503 aemulatione
2324 447 2826 504 concertantibus.
2855 447 3010 503 Inter
3036 449 3263 502 veteres
3295 444 3426 500 illos

1767 534 2120 610 Pantaenum
2147 535 2307 591 hunc
2338 536 2398 590 in
2431 537 2637 608 primis
2667 535 2962 592 celebrem
2994 535 3179 590 fuisse
3208 534 3427 596 ferunt,

1767 623 1871 695 qui
1913 623 2132 680 scilicet
2171 641 2242 680 ex
2284 626 2618 681 Stoicorum
2659 625 3159 698 philosophorum
3195 621 3426 679 familia

1767 712 1844 768 ad
1873 718 2137 769 nostram
2157 715 2452 769 transierit
2471 714 2927 787 professionem.
2948 713 3095 768 Tam
3113 711 3424 767 studiosus

1767 806 1966 857 autem
1998 802 2379 874 propagandi
2410 803 2596 859 divini
2640 803 2804 859 verbi
2847 802 2976 871 fuit,
3018 807 3080 856 ut
3120 801 3423 857 Christum

1766 891 1946 946 etiam
2007 891 2402 947 Orientalibus
2449 891 2687 964 populis
2751 891 3186 964 praedicaverit,
3235 899 3293 944 et
3342 888 3423 945 ad

1768 979 1950 1035 Indos
1984 995 2173 1052 usque
2205 982 2553 1052 pervenerit.
2584 980 2865 1036 Permulti
2884 996 3027 1036 sane
3054 995 3125 1035 eo
3153 983 3424 1050 tempore

1769 1069 2118 1124 exstiterunt
2143 1069 2248 1125 viri
2281 1071 2584 1140 generosis
2607 1086 2854 1142 prorsus
2879 1068 3118 1133 animis,
3151 1069 3256 1140 qui
3288 1083 3427 1123 cum

1768 1173 1994 1227 magna
2023 1157 2200 1214 laude
2246 1157 2451 1214 divino
2487 1165 2542 1214 et
2579 1159 2925 1228 evangelico
2959 1158 3174 1213 semini
3204 1157 3427 1228 ubique

1769 1251 2059 1303 terrarum
2081 1248 2334 1304 serendo
2356 1253 2410 1302 et
2439 1248 2870 1319 ampliﬁcando
2897 1247 3320 1303 incubuerunt.
3358 1247 3422 1300 In

1767 1335 1987 1407 quibus
2013 1341 2070 1391 et
2108 1335 2204 1392 hic
2235 1342 2436 1392 noster
2471 1336 2597 1404 fuit,
2639 1337 2741 1409 qui
2784 1341 2908 1392 tam
2947 1336 3192 1405 longam
3243 1338 3426 1405 atque

1765 1423 2068 1480 difﬁcilem
2093 1425 2517 1496 profectionem
2548 1427 2726 1482 etiam
2754 1426 2832 1480 ad
2863 1425 3042 1480 Indos
3073 1440 3263 1498 usque
3300 1438 3425 1478 non

1765 1513 2130 1570 detrectavit.
2164 1514 2354 1571 Refert
2393 1515 2462 1581 is,
2496 1515 2661 1586 apud
2701 1515 2999 1587 quosdam
3029 1513 3234 1570 ﬁdeles
3287 1515 3424 1570 Mat-

1766 1602 1904 1658 thaai
1958 1603 2345 1674 Evangelium
2375 1603 2458 1659 ibi
2489 1604 2795 1661 inventum
2848 1620 3000 1669 esse,
3041 1620 3078 1660 a
3123 1602 3426 1659 Bartholo~

1766 1706 1922 1746 mmo
1955 1692 2240 1748 Hebraico
2268 1708 2545 1749 sermone
2559 1697 2926 1765 expositum:
2956 1692 3123 1766 quod
3144 1692 3205 1747 in
3238 1690 3428 1748 multa

1766 1784 2039 1852 tempora
2086 1781 2310 1837 formas
2357 1782 2687 1838 litterarum
2718 1783 2868 1852 ejus,
2908 1781 3013 1854 qui
3053 1782 3116 1838 id
3159 1780 3422 1852 primum

1767 1869 2022 1940 scripsit,
2063 1868 2280 1926 illaesas
2328 1871 2718 1926 conservarit.
2754 1871 2856 1926 Hic
2905 1869 3108 1926 multis
3139 1869 3423 1942 praeclare

1765 1957 1844 2014 ad
1868 1957 2052 2014 ﬁnem
2085 1974 2272 2030 usque
2303 1959 2434 2014 vitae
2463 1959 2608 2015 actis
2651 1958 2913 2028 illustris,
2956 1975 3142 2015 sacras
3173 1958 3423 2015 Alexan-

1765 2046 1954 2102 drinae
1992 2047 2212 2103 scholae
2245 2048 2452 2119 prasiit,
2495 2047 2797 2120 simulque
2884 2054 2941 2104 et
2997 2048 3136 2103 viva
3166 2064 3311 2103 voce
3367 2051 3424 2104 et

1765 2135 1955 2192 doctis
1967 2137 2413 2192 commentariis
2427 2137 2768 2193 divinorum
2781 2137 3136 2208 dogmatum
3157 2137 3423 2209 Scriptu-

1766 2239 1866 2281 ras
1895 2225 2200 2298 explicuit.

2353 2317 2576 2372 CAPUT
2615 2315 2832 2372 XXXIII.

1770 2420 2157 2494 DeClemenle
2169 2427 2600 2487 contextore,et
2613 2423 2887 2490 operibus
2915 2423 3042 2490 ejus
3068 2441 3088 2478 :
3119 2426 3174 2480 et
3206 2435 3337 2494 qua:
3351 2421 3423 2478 de

2096 2493 2313 2550 divinis
2342 2495 2673 2564 Scripturis
2705 2495 2808 2551 ille
2837 2495 3083 2551 dixerit.

1844 2669 2067 2726 Eodem
2089 2674 2429 2742 temporum
2461 2670 2760 2730 curriculo
2791 2676 2845 2728 et
2867 2671 3142 2728 Clemens
3173 2670 3424 2744 presby-

1772 2762 1879 2828 ter,
1910 2759 2012 2832 qui
2062 2764 2398 2833 Στρωματεύς
2441 2777 2546 2816 seu
2600 2764 2919 2818 Contextor
2961 2761 3426 2829 cognominatus

1773 2853 1880 2914 est,
1920 2848 2290 2905 Alexandria:
2318 2850 2510 2906 eidem
2543 2851 2740 2906 studio
2770 2867 2909 2906 cum
2945 2853 3224 2906 Pantaeno
3257 2849 3427 2904 incu-

1773 2936 1922 3002 buit,
1953 2938 2356 3011 eumdemque
2387 2956 2628 2994 cursum
2673 2945 2730 2996 et
2770 2940 3003 2995 vivendi
3051 2940 3315 2994 instituto
3368 2943 3427 2992 et

1775 3026 2030 3083 docendi
2072 3028 2506 3084 consuetudine
2537 3030 2742 3084 tenuit.
2791 3032 3017 3086 Patrem
3043 3033 3199 3084 certe
3240 3026 3424 3083 libro-

1774 3131 1907 3170 rum
1942 3132 2213 3181 suorum,
2246 3116 2306 3172 in
2339 3118 2830 3186 Dispositionibus
2859 3134 3012 3190 quas
3054 3121 3244 3181 vocat,
3277 3116 3422 3182 suis,

1773 3207 2120 3261 Pantmnum
2149 3211 2458 3262 memorat.
2489 3207 2626 3262 Etin
2654 3207 2848 3278 primo
2871 3206 3022 3262 libro
3050 3207 3424 3280 Στρωματὶωυ,

1776 3309 1882 3348 seu
1915 3295 2360 3360 Contextorum,
2385 3295 2638 3351 obscure
2669 3295 2829 3350 hunc
2855 3294 3331 3364 mihidesignare
3345 3292 3428 3348 vi-

1772 3382 1966 3448 detur,
2018 3400 2155 3441 cum
2209 3384 2529 3456 praeclaros
2576 3385 2990 3456 apostolorum
3049 3397 3426 3439 successores

1771 3478 2102 3538 enumerat,
2150 3473 2231 3527 sic
2263 3474 2570 3532 scribens:
2616 3494 2644 3525 «
2699 3473 2849 3528 Libri
2902 3488 3081 3544 porro
3108 3473 3214 3544 qui
3258 3487 3294 3526 a
3331 3485 3427 3526 me

1771 3563 2130 3630 scribuntur,
2174 3578 2294 3618 non
2342 3567 2478 3618 sunt
2523 3563 2600 3618 ad
2637 3563 3100 3618 ostentationem
3151 3559 3425 3625 instituti,

1771 3651 1947 3723 332
1973 3650 2078 3706 sed
2100 3657 2493 3706 monumenta
2512 3652 2814 3706 memoriae
2844 3651 3036 3720 gratia
3063 3650 3139 3705 ad
3162 3652 3428 3704 senectu-

1769 3746 1887 3796 tem
1910 3741 2265 3811 composita,
2294 3745 2357 3795 ut
2377 3739 2497 3794 sint
2517 3740 2835 3795 oblivionis
2856 3739 3212 3802 remedium,
3239 3737 3426 3792 simu-

1765 3827 2116 3902 lacrumque
2142 3829 2407 3892 evidens.
2438 3834 2494 3884 et
2518 3828 2901 3885 adumbratio
2931 3827 3210 3884 dilucidus
3253 3831 3310 3882 et
3339 3825 3430 3881 vi-

1766 3917 1916 3973 vidae
1948 3917 2101 3973 illius
2139 3917 2448 3982 doctrinae,
2478 3933 2664 3990 quam
2696 3917 3044 3986 dignatione
3087 3916 3187 3972 Dei
3219 3913 3426 3972 audivi

1765 4014 1822 4062 et
1845 4006 2025 4062 didici
2050 4023 2086 4062 a
2124 4006 2317 4062 beatis
2348 4006 2462 4061 illis
2491 4011 2548 4061 et
2592 4006 3014 4077 prastantibus
3055 4005 3199 4062 viris
3232 4025 3246 4062 :
3278 4020 3430 4077 quo-

1763 4111 1900 4152 rum
1955 4095 2200 4168 quidem
2233 4095 2385 4151 alius
2439 4095 2499 4150 in
2552 4095 2778 4151 Graecia
2829 4095 3064 4151 Ionicus
3111 4094 3240 4160 fuit,
3272 4094 3428 4150 alius

1765 4190 1965 4241 autem
1996 4185 2056 4240 in
2096 4200 2319 4255 magna
2346 4184 2591 4247 Graecia.
2621 4184 2773 4240 alius
2804 4200 3041 4240 rursum
3070 4185 3132 4238 in
3164 4183 3423 4256 leesy-

1762 4275 1870 4338 ria,
1917 4274 2068 4329 alius
2116 4290 2253 4330 vero
2284 4275 2344 4330 in
2375 4277 2648 4346 Egypto,
2678 4275 2776 4330 alii
2818 4290 2996 4346 porro
3049 4274 3110 4330 in
3144 4273 3376 4329 Oriente
3411 4291 3425 4340 ;

1763 4350 1967 4436 ibique
1994 4363 2147 4419 alius
2180 4364 2240 4418 in
2271 4365 2536 4434 Assyria,
2569 4363 2720 4420 alius
2747 4364 2804 4419 in
2841 4363 3158 4420 Palaastina
3185 4362 3429 4419 Judaeus

1767 4469 1805 4508 a
1849 4453 2177 4523 majoribus
2221 4453 2362 4507 suis.
2402 4454 2466 4508 In
2512 4453 2787 4508 ultimum
2826 4452 3042 4508 deinde
3076 4451 3277 4518 incidi,
3324 4451 3431 4523 qui

1765 4542 2131 4614 reliquorum
2162 4542 2435 4597 omnium
2467 4542 2518 4597 vi
2564 4547 2743 4614 atque
2770 4542 2978 4598 virtute
3005 4542 3288 4614 princeps
3323 4540 3430 4596 fuit

1767 4623 1828 4686 in
1859 4635 2134 4702 .Egypto,
2163 4635 2344 4702 atque
2373 4630 2478 4697 ibi,
2521 4646 2656 4702 quae
2689 4635 2865 4686 antea
2909 4631 3205 4686 latuerant
3236 4645 3432 4700 reper-

1771 4720 1863 4784 tis,
1909 4721 2027 4775 alia
2069 4719 2368 4791 inquirere
2427 4719 2594 4775 desii.
2630 4719 2718 4774 Illi
2781 4719 3080 4791 siquidem
3120 4718 3429 4774 veritatem

1769 4809 1986 4864 divinm
2015 4807 2295 4863 doctrinas
2324 4813 2771 4873 conservarunt,
2801 4813 2858 4863 et
2896 4809 3280 4863 traditionem
3313 4813 3428 4864 sta-

1771 4898 1874 4955 tim
1897 4915 1933 4954 a
1971 4899 2136 4952 Petro
2167 4902 2224 4951 et
2268 4897 2491 4952 Iacobo
2523 4903 2578 4952 et
2610 4898 2840 4953 Joanne
2882 4902 2940 4952 et
2971 4898 3170 4964 Paulo,
3207 4897 3427 4953 sanctis

1768 4988 1880 5044 illis
1910 4985 2226 5059 apostolis,
2250 4985 2410 5041 velut
2437 4985 2539 5041 ﬁlii
2563 4987 2885 5058 apatribus
2920 4987 3298 5043 successione
3321 5002 3426 5058 per

1771 5093 1986 5133 manus
2015 5080 2404 5146 acceperunt;
2441 5076 2614 5145 pauci
2654 5080 2856 5131 autem
2887 5082 3026 5132 sunt
3054 5075 3325 5147 patribus
3353 5075 3430 5130 si-

1770 5165 1960 5229 miles,
1986 5163 2385 5236 eamdemque
2414 5164 2532 5218 Deo
2585 5164 2856 5236 ducente,
2889 5165 2968 5220 ad
3017 5180 3129 5220 nos
3177 5179 3422 5236 quoque

1770 5253 2244 5320 transmiserunt,
2277 5252 2441 5319 apud
2463 5268 2574 5307 nos
2603 5252 2806 5308 itidem
2833 5253 3135 5324 majorum
3167 5269 3418 5310 suorum

1768 5344 2159 5415 ipsorumque
2215 5342 2627 5414 apostolorum
2679 5343 2912 5398 semina
2957 5342 3344 5414 deponentes.
3386 5363 3414 5394 »

1767 5435 2045 5488 Pantaeno
2075 5430 2345 5488 Clemens
2375 5430 2700 5487 succedens
2730 5430 3000 5490 scholam
3033 5431 3199 5495 rexit,
3229 5447 3418 5503 quam

1765 5521 1946 5579 etiam
1975 5535 2046 5576 eo
2075 5525 2341 5591 tempore
2363 5518 2644 5589 Origenes
2676 5519 2874 5576 adhuc
2898 5535 3046 5593 puer
3076 5519 3413 5591 frequenta-

1763 5610 1864 5667 vit.
1895 5611 1959 5667 In
1987 5607 2287 5667 volumine
2316 5607 2742 5667 Contextorum
2771 5611 3037 5682 primum
3057 5607 3277 5666 librum
3315 5624 3410 5665 us-
