4036 6288
667 255 814 315 1055

2014 255 2406 316 NICEPHORI
2445 254 2768 313 CALLISTI
3813 267 3894 324 ωδε

669 408 790 466 que
811 393 888 450 ad
905 393 1218 452 Commodi
1240 393 1472 450 obitum
1485 393 1746 461 deducit,
1760 397 2051 467 tanquam
2069 392 2263 450 annali

2301 409 2318 448 3
2349 397 2400 454 Α
2424 399 2576 454 τοῖς.
2612 392 2894 464 Ισάριθμόι
2951 388 3012 444 δὲ
3058 395 3266 453 τούτοις
3312 397 3400 446 καὶ
3429 392 3515 456 ούς
3547 392 3895 460 ’Υποτυπώσιις

665 483 1070 539 conscribens.
1110 483 1536 540 Contextorum
1576 499 1718 540 vero
1759 491 1893 540 octo
1935 489 2074 539 sunt
2111 482 2247 538 libri
2298 499 2314 540 :

667 572 934 636 totidem,
966 588 1123 644 quos
1157 573 1644 642 Dispositionum,
1685 590 1790 630 seu
1818 572 2316 630 informationum

666 666 860 726 vocat,
893 661 994 717 ubi
1018 663 1294 731 magistri
1325 662 1439 728 sui,
1464 663 1636 719 sicuti
1656 662 1883 719 dictum
1909 668 2020 730 est,
2051 660 2315 718 Pantasni

667 751 1033 806 mentionem
1065 751 1222 821 facit,
1254 751 1481 808 dictata
1501 753 1780 824 quaedam
1813 753 1942 823 ejus
1969 757 2026 807 et
2055 751 2317 808 traditio-

664 855 772 895 nes
818 856 1157 896 recensens.
1212 841 1453 913 Scripsit
1502 857 1746 914 quoque
1789 841 1868 898 ad
1921 844 2151 897 Graecos
2192 841 2316 895 sive

667 934 872 998 gentes
897 929 1117 986 librum
1151 931 1643 996 exhortatorium,
1673 937 1729 987 et
1762 937 1878 988 tres
1918 931 2068 987 alios
2109 930 2313 995 libros,

663 1018 1186 1090 quosPavdagogos
1208 1020 2025 1076 nominat.Aliumitemlectu
2037 1019 2312 1088 dignum,

665 1111 726 1161 et
749 1108 924 1163 docte
949 1109 1370 1179 compositum,
1405 1109 1577 1180 cujus
1599 1109 1802 1165 titulus
1821 1114 1909 1165 est
1941 1129 1956 1164 :
1991 1109 2128 1174 Quis
2155 1109 2316 1164 dives

663 1198 868 1252 salvus
913 1197 1040 1265 ﬁat.
1099 1201 1383 1254 Praeterea
1431 1200 1720 1269 scriptum
1755 1197 1938 1264 aliud,
1983 1199 2044 1252 in
2087 1212 2210 1270 quo
2241 1197 2315 1252 de

665 1284 952 1342 Paschate
988 1285 1244 1342 disserit.
1293 1288 1436 1342 Item
1479 1287 1760 1342 homilias
1820 1287 1894 1343 de
1941 1287 2190 1358 jejunio,
2240 1285 2315 1340 de

663 1374 1111 1430 obtrectatione.
1159 1378 1414 1431 Rursum
1460 1375 1941 1433 Cohortationem
1980 1375 2059 1431 ad
2090 1375 2318 1446 patien-

667 1462 837 1520 tiam.
868 1464 1066 1519 Alium
1091 1481 1334 1537 quoque
1377 1465 1458 1520 ad
1489 1481 1696 1521 recens
1728 1465 2114 1521 illuminatos.
2152 1469 2317 1520 Insu-

665 1567 774 1624 per
800 1568 938 1608 eum
957 1553 1060 1625 qui
1094 1555 1546 1611 Ecclesiasticus
1575 1571 1768 1611 canon
1799 1555 1876 1610 ab
1909 1570 1979 1610 eo
2003 1565 2090 1609 est
2110 1552 2318 1609 inscri-

666 1650 828 1714 ptus,
854 1648 909 1698 et
938 1659 1119 1714 quem
1164 1650 1371 1700 contra
1405 1644 1778 1714 judaizantes
1807 1645 1887 1699 ad
1915 1643 2316 1699 Alexandrum

666 1732 1022 1802 episcopum
1046 1732 1247 1788 edidit.
1264 1733 1326 1788 ln
1345 1734 1770 1790 Contextorum
1786 1732 1954 1788 libris
1979 1748 2098 1788 non
2119 1732 2316 1788 solum
2346 1755 2391 1812 Β

668 1821 958 1893 pleraque
1006 1838 1080 1877 ex
1135 1821 1354 1877 divinis
1399 1823 1623 1878 Litteris
1684 1823 1890 1878 sternit
1940 1827 2120 1894 atque
2175 1836 2313 1876 con-

665 1909 821 1975 texit,
867 1926 1076 1966 verum
1107 1911 1285 1967 etiam
1325 1912 1370 1966 si
1403 1913 1550 1984 quid
1579 1912 1742 1984 apud
1774 1915 2004 1968 Grmcos
2043 1916 2136 1966 est
2165 1909 2316 1965 scitu

662 2000 936 2071 dignum,
967 1999 1138 2056 affert
1171 2017 1184 2066 ;
1215 2005 1272 2055 et
1301 2001 1482 2056 simul
1513 2003 1850 2057 Graecorum
1884 2007 2064 2074 atque
2097 1999 2316 2056 Barba-

662 2104 869 2144 rorum
898 2089 1206 2158 dogmata,
1241 2105 1349 2145 nec
1375 2105 1496 2146 non
1527 2090 1675 2146 falso
1702 2091 2029 2146 nominata:
2059 2089 2316 2146 scientia:

661 2177 1195 2234 haeresiarcharum
1211 2184 1265 2234 et
1280 2179 1779 2251 philosophorum
1801 2179 2117 2251 opiniones
2137 2178 2314 2250 333

664 2267 993 2338 explicans,
1053 2266 1430 2339 multijugam
1475 2268 1672 2324 omnis
1738 2269 1971 2339 generis
2023 2268 2312 2324 doctrinas

661 2355 898 2412 exhibet
917 2356 1374 2412 institutionem.
1399 2361 1774 2430 Quapropter
1789 2374 1862 2414 ex
1889 2359 2172 2414 varietate
2192 2374 2315 2414 ma-

664 2446 822 2501 teriae
868 2447 1077 2502 merito
1111 2445 1194 2501 illi
1224 2446 1402 2502 talem
1439 2447 1626 2502 sortiti
1659 2454 1798 2503 sunt
1840 2447 2311 2518 inscriptionem.

663 2536 849 2591 Utitur
895 2535 955 2590 in
994 2535 1078 2590 eis
1111 2535 1460 2591 testimoniis
1500 2536 1895 2594 Ecclesiastici
1943 2536 2171 2605 Sirach,
2205 2551 2314 2591 nec

660 2639 784 2680 non
839 2625 1144 2690 Barnabas,
1180 2630 1236 2680 et
1274 2624 1590 2681 Clementis
1634 2626 1922 2696 epistolae.
1957 2627 2315 2682 Mentionem

661 2713 840 2769 etiam
887 2713 1026 2769 facit
1066 2712 1200 2768 libri
1239 2714 1464 2769 Tatiani
1496 2715 1575 2770 ad
1627 2717 1880 2781 Graecos,
1924 2720 1981 2770 et
2024 2713 2311 2779 Cassiani,

660 2805 764 2874 qui
789 2807 845 2857 et
862 2802 992 2874 ipse
1005 2801 1250 2858 annales
1278 2807 1740 2875 temporumque
1766 2806 2023 2860 rationes
2049 2803 2312 2875 scripsit:

661 2892 830 2947 sicuti
876 2892 1057 2946 etiam
1099 2891 1382 2955 Philonis,
1423 2896 1482 2948 et
1519 2893 1856 2957 Aristobuli,
1891 2899 1948 2948 et
1972 2893 2214 2965 Iosephi
2261 2899 2318 2949 et

659 2980 952 3044 Demetrii,
993 2984 1050 3035 et
1105 2979 1433 3050 Eupolemi,
1490 2982 1875 3038 Judaicorum
1931 2981 2312 3054 scriptorum.

2425 479 2570 532 καλεῖ
2620 479 2802 550 λόγους
2849 479 3031 534 αὐτοῦ.
3082 479 3246 534 Ἐνθα
3301 477 3365 540 δὴ
3412 485 3480 544 ὡς
3533 485 3710 555 εἴρηται
3751 490 3817 537 καὶ
3847 497 3898 539 τού

2426 566 2758 622 διδασκάλου
2808 574 3097 622 Πανταίνου
3157 575 3332 643 μνείαν
3383 580 3618 637 ποιεῖται,
3671 570 3842 645 έχδοχίς
3873 596 3903 628 τι

2424 659 2585 711 αὐτοῦ
2659 663 2749 711 καὶ
2830 655 3153 733 παραδόσεις
3231 662 3646 732 παρατιθέμενος,
3710 668 3787 714 Καὶ
3829 669 3904 735 πρὸς

2421 747 2671 808 Ἕλληνας
2711 744 2770 801 δε
2809 748 2951 800 αὐτῶ
3001 748 3153 819 λόγος
3211 747 3402 821 ἐγράφη
3461 757 3818 823 προτρεπτικόςο
3853 774 3904 805 ιιι

2421 843 2554 908 τρεῖς
2601 838 2785 911 ἕτεροί,
2845 837 2933 899 οὓς
2975 835 3469 910 Παιδαγωγούς
3510 838 3744 910 ὀνομάζει.
3780 840 3904 912 Ἕτερα

2426 923 2484 978 δὲ
2505 926 2646 996 αὐτῷ
2664 923 2906 988 σπουδῆς
2926 926 3210 993 οἷξιος,Τίς
3237 929 3262 979 ό
3287 928 3642 999 σωζόμενος
3675 928 3902 992 πλούσιος,

2423 1018 2713 1089 ἐπιγραφὴν
2773 1018 2909 1088 ἔχων
2942 1033 2957 1046 ·
2999 1021 3091 1068 καὶ
3146 1019 3466 1090 σύγγραμμά
3515 1035 3565 1068 τι
3613 1023 3717 1089 περὶ
3755 1026 3821 1069 τσῦ
3851 1024 3903 1070 lla}

2427 1125 2542 1175 σχα
2571 1101 2764 1166 διεξιόν
2797 1123 2811 1137 ·
2863 1104 3067 1176 ὁμιλίαι
3113 1125 3169 1157 τε
3215 1111 3332 1180 περὶ
3362 1110 3597 1168 νηστείας
3625 1123 3640 1140 ο
3674 1108 3739 1159 ἔτι
3761 1103 3806 1159 δὲ
3828 1114 3904 1159 uis

2423 1198 2542 1268 περὶ
2594 1193 2913 1255 καταλαλιᾶς
2951 1209 2965 1222 '
3003 1199 3094 1247 καὶ
3147 1193 3198 1255 ὃς
3244 1199 3507 1267 ὑπομονὴν
3553 1199 3904 1269 προτρέπεται·ἐ

2423 1287 2551 1357 πρὸς
2608 1287 2726 1345 τοὺς
2782 1288 2970 1336 νεωστὶ
3035 1285 3386 1356 φωτισθέντας
3420 1303 3432 1316 ·
3491 1287 3617 1356 πρός
3657 1287 3834 1350 τούτοις,

2427 1377 2642 1426 Κανὼν
2682 1371 2872 1430 ἐκκλη
2890 1391 2923 1424 σ
2941 1376 3205 1425 ιαστικό
3225 1393 3247 1434 ς
3283 1372 3654 1446 ἐπιγέγραπται
3678 1389 3689 1402 ·
3713 1379 3784 1426 καὶ
3803 1376 3821 1425 ὁ
3839 1379 3909 1444 πρὸς

2424 1458 2834 1528 Ἰουδαῖζοντας,
2891 1461 2946 1513 ὃν
2983 1459 3308 1535 Ἀλεξάνδρῳ
3356 1463 3428 1532 τῷ
3469 1464 3717 1533 ἕπεο-κόπῳ
3753 1482 3911 1534 προσφω-

2424 1558 2517 1606 νεῖ.
2554 1551 2645 1606 Ἐν
2686 1555 2777 1622 μεν
2824 1546 2912 1602 οὖν
2971 1557 3078 1611 τοῖς
3123 1557 3615 1624 Στρωματεῡσιν
3651 1551 3702 1603 ού
3741 1557 3850 1622 μόνον
3877 1571 3912 1602 τι

2425 1647 2521 1702 τῆς
2575 1640 2711 1700 θείας
2759 1645 2969 1711 Γραφῆς
3026 1657 3507 1712 καταστρωννυσιν,
3561 1638 3678 1692 ἀλλὰ
3723 1644 3792 1692 καὶ
3830 1643 3857 1691 ii
3885 1659 3912 1690 τι

2423 1737 2530 1791 τοῖς
2584 1727 2808 1786 Ἐλλησι
2857 1724 3344 1800 περισπούδαστον,
3407 1725 3711 1786 διατίθησι.
3751 1734 3826 1781 Καὶ
3852 1736 3910 1779 τιξ-

2422 1840 2512 1871 νυν
2579 1827 2677 1872 τῶν
2749 1817 2874 1891 παρ’
2948 1816 3169 1876 Ἕλλησι
3224 1822 3312 1870 καὶ
3375 1815 3652 1891 βαρϐαροις
3707 1814 3906 1889 δογμάτων,

2422 1913 2514 1961 καὶ
2570 1915 2671 1959 τῶν
2722 1905 2778 1959 ἐκ
2832 1914 2925 1968 τῆς
2979 1903 3328 1978 ψευδωνύμου
3381 1913 3612 1978 γνώσεως
3658 1910 3904 1982 αἰρεσιαρχίτ

2423 2002 2513 2050 καὶ
2566 1996 2857 2069 φιλοσόφων
2927 1996 3298 2062 ἀναπτύσσων,
3360 1996 3551 2055 πολλὴν
3601 2016 3705 2048 τινα
3753 1993 3906 2053 παιδίας

2422 2089 2693 2140 ὑπόθεισιν
2761 2090 3033 2160 παρέχει·
3102 2086 3314 2148 εἰκότως
3370 2083 3423 2138 δ’
3472 2106 3526 2138 εχ
3585 2094 3669 2146 τῆς
3715 2087 3906 2142 ὑποθέσεως

2423 2181 2512 2230 καὶ
2552 2185 2648 2239 τῆς
2696 2179 2948 2238 τοιαύτης
2994 2179 3183 2247 ἔτυχον
3236 2185 3562 2251 προγραφῆς.
3608 2171 3905 2249 Μαρτυρίειςδι

2423 2275 2627 2339 χρῆται
2675 2267 2725 2318 ἂν
2757 2268 2962 2326 τούτοις
3003 2263 3059 2317 ἐκ
3086 2284 3140 2317 τε
3170 2272 3260 2318 τοῦ
3294 2268 3487 2339 Σιρὰχ,
3524 2269 3608 2317 καὶ
3644 2272 3724 2326 τῆς
3757 2260 3906 2334 Batava"?!

2422 2361 2512 2408 καὶ
2575 2355 2864 2428 Κλήμεντος
2936 2353 3234 2416 ἐπιστολῆς.
3296 2357 3566 2426 Μέμνηται
3624 2349 3670 2406 δ’
3707 2352 3746 2404 έν
3785 2355 3907 2407 τούτοις

2422 2453 2514 2498 τοῦ
2546 2449 2674 2518 πρὸς
2722 2443 2968 2504 Ἕλληνας
3015 2446 3274 2501 Τατιανοῦ
3330 2443 3512 2515 λόγου,
3558 2449 3639 2496 καὶ
3685 2447 3904 2504 Κασσιοοῡ,

2424 2537 2492 2596 ὡς
2572 2538 2778 2606 χρόνων
2833 2538 2924 2586 καὶ
2999 2533 3161 2586 αὐτοῦ
3247 2536 3556 2594 ἐπιστασίας
3613 2532 3906 2600 καταλέγοντος

2423 2627 2548 2697 πρός
2600 2620 2659 2676 δὲ
2719 2623 2936 2684 Φίλωνος
2997 2627 3087 2675 καὶ
3143 2621 3573 2695 Ἀριστοϐούλου,
3642 2622 3830 2677 Ἰωσήπου
3871 2634 3904 2667 τι

2423 2718 2514 2766 καὶ
2565 2717 2867 2786 Δημητρίου
2926 2716 3016 2764 καὶ
3083 2711 3409 2784 Εὐπολέμου,
3465 2707 3705 2765 Ἰουδαίων
3750 2723 3900 2778 M791-

2423 2806 2552 2876 φίων
2586 2821 2599 2835 ο
2651 2801 2704 2864 έξ
2759 2802 2827 2853 ὧν
2893 2805 3192 2873 παρίστησι
3267 2805 3468 2854 Μωσέα
3542 2797 3808 2873 πρεσϐύτερον
3840 2800 3898 2852 τες

2422 2893 2545 2965 παρ’
2587 2890 2836 2948 Ἕλλησιν
2898 2889 3297 2965 ἀρχαιολογίας.
3354 2890 3560 2952 Πολλῆς
3603 2886 3652 2942 δὲ
3689 2901 3891 2959 Lattma-

2426 2984 2566 3043 θείας
2619 2982 2748 3034 είσὶν
2805 2982 2855 3033 οἱ
2910 2988 3002 3033 τοῦ
3056 2977 3245 3054 ἀνδρὸς
3302 2979 3454 3051 λόγοι
3511 2978 3686 3053 ἓμπλιεν,
3723 2972 3882 3035 Anim:

661 3071 740 3125 Ex
775 3069 996 3140 quibus
1026 3070 1242 3125 astruit
1285 3075 1341 3125 et
1371 3073 1606 3140 probat,
1643 3073 1843 3127 Mosen
1884 3070 2255 3141 antiquissim

2289 3087 2314 3125 s
2356 3076 2526 3150 ρμὴδ
2579 3069 2628 3123 έν
2686 3078 2759 3142 τῷ
2811 3075 3001 3144 πρώτῳ
3049 3073 3116 3132 ὡς
3165 3071 3393 3141 ἔγγιστα
3446 3078 3543 3131 τῆς
3584 3058 3877 3120 inmaduit???

659 3157 1001 3230 quibusque
1057 3157 1400 3215 Graecorum
1448 3161 1828 3216 vetustiorem
1885 3175 2035 3215 esse.
2097 3159 2314 3216 Omnes

661 3251 815 3302 certe
861 3246 997 3301 libri
1047 3247 1157 3302 viri
1216 3247 1342 3318 ejus
1390 3248 1724 3305 eruditione
1772 3253 1827 3304 et
1876 3249 2149 3304 doctrina
2191 3247 2314 3303 utili

661 3339 798 3390 sunt
849 3334 1063 3392 referti.
1111 3337 1336 3392 lndicat
1383 3353 1627 3410 quoque
1681 3338 1740 3393 in
1789 3338 1944 3394 libro
1995 3339 2208 3409 primo,
2249 3352 2314 3393 se

659 3423 933 3494 proxime
958 3423 1036 3481 ad
1056 3425 1464 3496 apostolorum
1493 3427 1931 3483 successionem
1963 3427 2310 3494 accessisse,

659 3519 715 3569 et
741 3513 919 3569 simul
958 3515 1432 3571 Commentarios
1474 3531 1537 3571 se
1566 3516 1626 3571 in
1659 3517 1935 3572 Genesim
1968 3515 2313 3572 relicturum

660 3600 986 3672 pollicetur.
1014 3603 1077 3658 I'n
1110 3603 1262 3659 libro
1302 3605 1385 3661 De
1415 3605 1708 3662 Paschate
1733 3610 2010 3662 coactum
2041 3621 2102 3660 se
2129 3621 2165 3660 a
2185 3605 2315 3676 qui-

661 3689 923 3746 busdam
976 3691 1137 3760 dicit,
1171 3698 1234 3748 ut
1279 3710 1432 3765 quas
1486 3711 1523 3750 a
1569 3693 1903 3750 senioribus
1951 3693 2314 3766 presbyteris

658 3785 970 3852 acceperat
1011 3781 1290 3838 historias
1326 3789 1382 3839 et
1421 3784 1786 3849 traditiones,
1821 3784 1901 3840 ibi
1941 3792 2262 3855 exponeret
2295 3800 2309 3840 :

658 3869 987 3926 Helitonem
1007 3872 1348 3937 nominans,
1380 3873 1692 3938 Irneaeum,
1725 3879 1780 3928 et
1819 3873 1966 3929 alios
1988 3871 2309 3945 quosdam,

659 3971 917 4027 quorum
943 3959 1122 4015 etiam
1153 3961 1475 4016 sententias
1503 3961 1806 4033 quasdam
1826 3961 1936 4017 sibi
1963 3962 2152 4017 dictas
2179 3977 2313 4032 pro-

659 4048 847 4119 ponit.
888 4050 950 4104 In
998 4049 1163 4105 libris
1213 4067 1356 4107 vero
1406 4052 1874 4123 Dispositionum
1931 4053 2109 4108 totius
2155 4051 2312 4107 Scri-

659 4143 847 4207 ptura;
895 4140 1476 4196 testamentariorum
1506 4141 1627 4197 sive
1657 4142 2086 4197 canonicorum
2129 4139 2312 4197 libro-

658 4241 814 4291 rum,
845 4233 907 4280 ut
947 4227 1200 4283 breviter
1246 4228 1465 4294 dicam,
1517 4231 2012 4300 compendiosam
2058 4231 2312 4288 instituit

659 4315 1173 4372 enumerationem
1209 4336 1221 4373 :
1251 4334 1373 4373 non
1394 4319 1849 4391 praetermittens
1865 4319 2068 4384 etiam,
2087 4320 2310 4392 quibus

657 4404 1102 4470 contradicitur,
1133 4408 1500 4478 Scripturas;
1526 4414 1588 4464 ut
1609 4409 1753 4465 Petri
1785 4409 2230 4482 Apocalypsim,
2255 4414 2311 4466 et

661 4493 947 4550 Barnabas
984 4495 1322 4566 epistolam.
1364 4497 1688 4569 Epistolam
1725 4515 1869 4554 sane
1910 4499 1989 4554 ad
2026 4499 2307 4555 Hebraeos

657 4582 819 4638 Pauli
885 4600 1013 4638 esse
1075 4592 1292 4652 censet,
1355 4587 1610 4643 Hebraeis
1680 4587 1987 4644 Hazbraico
2033 4604 2310 4645 sermone

661 4673 944 4745 scriptam
969 4690 981 4725 :
1010 4689 1046 4730 a
1069 4675 1226 4730 Luca
1255 4681 1455 4731 autem
1496 4677 1816 4733 ambitiosa
1849 4677 2160 4748 splendide
2185 4694 2311 4733 ver-

661 4779 794 4818 sam
822 4762 1052 4834 lingua,
1081 4765 1293 4821 Grascis
1331 4781 1465 4821 esse
1489 4766 1845 4838 expositam.
1875 4771 1956 4822 Ac
1993 4774 2148 4824 recte
2175 4767 2310 4840 q-ui-

660 4852 801 4908 dem
843 4852 1013 4909 illum
1053 4853 1212 4921 dicit,
1245 4855 1348 4928 qui
1380 4871 1513 4911 mos
1553 4857 1606 4911 ei
1647 4857 1709 4911 in
1740 4856 1870 4912 aliis
1897 4857 2109 4923 fuerat,
2145 4857 2313 4914 Pauli

660 4957 881 4997 nomen
922 4942 1186 5014 epistolae
1217 4945 1268 4999 ei
1300 4959 1421 5000 non
1446 4944 1790 5016 prmﬁxisse.
1823 4945 1994 5012 Quod
2025 4947 2184 5002 enim
2209 4949 2312 5003 Ju-

660 5030 774 5086 daei
815 5036 938 5087 tum
965 5034 1435 5104 praesumptione
1465 5034 1732 5106 quadam
1780 5041 2125 5107 suspectum
2173 5052 2312 5092 eum

657 5119 966 5186 haberent,
1004 5137 1078 5177 ne
1127 5124 1326 5179 statim
1357 5123 1415 5178 in
1452 5123 1586 5194 ipsa
1625 5124 1972 5196 praefatione
2007 5125 2244 5182 illorum
2277 5142 2314 5183 a

658 5210 907 5267 lectione
941 5212 1568 5278 absterreretanimos,
1597 5213 1920 5285 prudenter
1945 5214 2175 5282 fecisse,
2208 5216 2312 5288 qui

662 5315 882 5356 nomen
918 5317 1095 5356 suum
1125 5301 1582 5373 prmtermiserit.
1623 5304 1991 5375 Quapropter
2030 5305 2312 5361 eumdem

659 5404 792 5444 esse
833 5390 1027 5462 inquit
1064 5391 1351 5448 orationis
1397 5392 1646 5448 ductum
1695 5393 1756 5448 in
1807 5393 2064 5465 Epistola
2093 5393 2172 5450 ad
2205 5397 2314 5451 He-

662 5478 874 5546 braeos,
903 5485 960 5536 et
989 5480 1049 5535 in
1083 5481 1494 5551 apostolorum
1518 5483 1700 5537 Actis.
1730 5481 1884 5538 Alibi
1905 5499 2147 5557 quoque
2177 5485 2313 5540 scri-

665 5565 790 5624 bit:
821 5589 851 5620 ‹‹
879 5569 1060 5626 Porro
1082 5569 1255 5626 sicuti
1282 5569 1496 5629 beatus
1520 5571 1663 5630 dixit
1691 5571 2021 5645 presbyter,
2061 5574 2312 5647 quando

2426 3155 2720 3232 διαδοχῆς.
2758 3157 3120 3231 Ὑπισχνεῐται
3151 3154 3209 3210 δι
3254 3162 3344 3210 καὶ
3375 3158 3453 3221 εἰς
3501 3162 3591 3216 τὴν
3623 3159 3754 3208 Pium
3778 3164 3889 3198 κατοι-

2422 3247 2588 3301 λιπεῖν
2617 3249 2997 3320 ύπομνήματα.
3045 3245 3436 3306 Ἐκϐιασθῆναι
3468 3245 3530 3301 δέ
3573 3264 3677 3318 φησι
3697 3246 3760 3292 καὶ
3793 3237 3895 3288 ὲντῶ

2423 3334 2534 3390 τοῦ
2573 3339 2812 3408 Πάσχα
2847 3336 2984 3407 λόγῳ
3015 3339 3159 3410 παρά
3188 3355 3359 3401 τινων,
3408 3337 3473 3400 οἷς
3497 3339 3657 3406 ἔτυχεν
3682 3326 3789 3387 εἰδὼς
3808 3323 3902 3394 παρὰ

2422 3434 2522 3479 τῶν
2553 3424 2918 3497 πρεσϐυτέρων
2973 3427 3205 3498 ἱστορίας
3255 3429 3345 3477 καὶ
3400 3421 3698 3499 παραδόσεις
3727 3415 3901 3468 ἐκθέσθαι.

2423 3517 2504 3569 Ἐν
2546 3515 2688 3583 αύτῷ
2734 3520 2910 3588 μνείαν
2949 3521 3179 3568 ποιεῖται
3243 3513 3540 3576 Μελίτωνος
3579 3515 3654 3564 καὶ
3699 3507 3901 3579 Etyma“.

2422 3610 2511 3658 καί
2567 3625 2717 3657 τινων
2765 3605 2948 3678 ἐτέρων
2996 3601 3064 3656 ὧν
3120 3608 3209 3656 καὶ
3253 3607 3319 3656 τὰ
3374 3604 3612 3676 εἰρημένα
3657 3599 3762 3666 αὐτῷ
3801 3609 3904 3660 παρα·

2421 3697 2642 3747 τίθεται.
2699 3693 2758 3746 Ἡ
2819 3690 2878 3746 δε
2925 3700 3024 3745 τῶν
3077 3692 3576 3746 ’Υποτυπώσεων
3624 3687 3812 3760 πρόθεσις
3846 3684 3902 3734 τῖς

2422 3781 2740 3842 ἐνδιαθήχου
2798 3784 2978 3843 πάσης
3038 3787 3268 3854 Γραφῆς,
3323 3784 3394 3843 ὡς
3450 3783 3497 3834 ἓν
3554 3780 3749 3844 συντόμῳ
3790 3769 3900 3824 εἰπεῖν.

2421 3873 2734 3926 εὐσύνοπτον
2791 3879 3018 3924 ποιεῖται
3067 3867 3344 3943 διήγησιν,
3406 3874 3479 3943 μὴ
3546 3867 3820 3942 παρατρέχων
3850 3873 3902 3904 και

2421 3965 2516 4024 τάς
2569 3960 2956 4034 ἀντιλεγομέναις
3028 3968 3127 4013 τῶν
3192 3966 3409 4033 Γραφῶν
3435 3979 3449 3992 ·
3507 3956 3604 4011 οἷον
3660 3957 3735 4012 τὴν
3777 3951 3900 4018 Hirpi?

2421 4050 2797 4123 Ἀποκάλυψιν,
2844 4055 2934 4103 καὶ
2976 4054 3070 4108 τὴν
3134 4047 3373 4123 Βαρνάϐα
3428 4046 3701 4102 ἐπιστολήν.
3749 4041 3818 4092 Καὶ

2418 4146 2548 4215 πρὸς
2586 4140 2864 4217 Ἑϐραίους
2917 4135 2976 4192 δε
3029 4138 3237 4192 Παύλου
3295 4142 3386 4211 μὲν
3445 4135 3572 4192 εἶναί
3614 4135 3734 4222 φησι,
3769 4129 3896 4222 rei“;

2415 4230 2675 4306 Ἑϐραίοις
2724 4225 2965 4305 Ἐϐραΐδι
3039 4231 3335 4302 γεγράφθαι
3421 4234 3557 4300 φωνῇ
3586 4242 3598 4255 -
3641 4221 3829 4294 φιλοτίμῳ

2416 4321 2620 4394 γλώττῃ
2669 4323 2759 4372 τὸν
2820 4323 3026 4372 Λουκᾶν
3085 4317 3598 4390 μεταγλωττίσαντα,
3641 4311 3809 4364 ἐκθεῖναι
3839 4312 3905 4396 τοις

2415 4410 2650 4469 Ἕλλησι.
2711 4413 2810 4462 Καὶ
2859 4408 3066 4468 εἰκότως
3121 4405 3180 4460 δε
3237 4406 3390 4478 λέγει,
3450 4402 3587 4478 μηδὲ
3633 4403 3692 4462 ὡς
3731 4397 3808 4451 ἔθος
3846 4405 3901 4440 π’

2421 4500 2628 4553 Παῦλο
2647 4520 2668 4560 ς
2727 4498 2914 4558 κλῆσιν
2966 4499 3232 4573 προθεῖναι
3261 4514 3274 4527 ⁸
3331 4497 3447 4549 κατ’
3519 4497 3690 4546 ἑκείνου
3739 4485 3806 4556 γὰρ
3833 4491 3900 4577 τιθίῖ

2419 4587 2697 4649 Ἰουδαίοις
2773 4586 3035 4661 πρόληψιν
3094 4589 3333 4658 ἔχουσιν,
3393 4587 3465 4646 ὡς
3518 4584 3717 4637 ὕποπτος
3751 4574 3804 4631 ὦ’⁸ο
3843 4574 3896 4666 ξπ

2421 4685 2492 4754 μὴ
2535 4680 2592 4732 ἐκ
2641 4682 2928 4754 προοιμίων
2981 4675 3268 4749 ἀποτρέ-φοι
3320 4678 3528 4740 αὐτούς,
3562 4674 3748 4724 συνιτύς
3778 4670 3892 4709 καθ’*

2421 4777 2626 4843 παρῆκε
2673 4773 2766 4826 τὴν
2816 4766 3022 4826 κλῆσιν.
3085 4766 3172 4818 Διό
3205 4783 3338 4836 φησι
3394 4769 3484 4816 καὶ
3530 4765 3612 4813 τόν
3660 4761 3745 4809 ἴσον
3778 4757 3899 4845 ιρις-ι

2424 4856 2554 4912 εἶναι
2599 4865 2690 4910 τοῦ
2739 4855 2896 4927 λόγου
2945 4863 3040 4917 τῆς
3091 4874 3146 4907 τε
3194 4857 3324 4928 πρὸς
3390 4851 3648 4926 Ἑϐραίους
3692 4847 3902 4928 Ἐπιστολῆς

2422 4953 2513 5002 καὶ
2551 4956 2647 5001 τῶν
2707 4914 2973 5020 Πράξεων.
3025 4914 3137 4997 *Καὶ
3171 4914 3332 5004 ἄλλως
3365 4939 3423 4995 δέ
3475 4914 3646 5012 pacm,
3679 4957 3702 4981 ‹‹
3740 4921 3839 5020 Ἤδη
3867 4914 3898 4968 δὴ

2425 5043 2490 5100 ὡς
2554 5039 2579 5089 ὁ
2636 5017 2894 5110 μακάριος
2956 5034 3094 5106 ἔλεγε
3150 5031 3516 5104 πρεσϐύτερος,
3570 5030 3670 5081 ἐπεὶ
3709 5023 3728 5072 ό
3762 5017 3888 5084 Κύριεε·

2425 5126 2711 5189 ἀπόστολος
2770 5126 2838 5177 ὢν
2912 5131 3004 5177 τοῦ
3068 5125 3505 5197 παντοκράτορος,
3563 5110 3887 5202 ἀπεστάλεὶπξεὶ

2420 5217 2704 5290 Ἐϐραίους,
2751 5211 2845 5268 διὰ
2896 5231 3209 5286 μετριότητα
3263 5213 3289 5264 ό
3341 5209 3538 5271 Παῦλος
3588 5209 3646 5266 ὡς
3696 5200 3750 5290 δι’.
3784 5200 3884 5290 fit“

2596 5281 3002 5374 ἀπεσταλμένος,
3055 5301 3150 5353 οὐκ
3539 5295 3701 5349 ἑαυτὸν

2423 5393 2710 5448 ἀπόστολον
2760 5389 2852 5445 διά
2898 5410 2954 5444 τε
3002 5393 3095 5450 τὴν
3137 5392 3268 5462 πρὸς
3318 5393 3404 5442 τόν
3432 5389 3633 5460 ’Κύριον
3678 5377 3880 5468 τιμὺνινέδ

2419 5505 2476 5538 π
2528 5488 2586 5538 τὸ
2645 5483 2702 5536 ἐκ
2752 5484 3058 5553 περιουσίας
3109 5485 3198 5532 καὶ
3237 5485 3346 5541 τοῖς
3394 5475 3641 5549 Ἑϐραίοις
3686 5465 3879 5564 itif“?

2422 5575 2578 5630 ἐθνῶν
2631 5578 2838 5646 κήρυκα
2888 5575 2980 5623 καὶ
3037 5567 3324 5624 ἀπόστολον
3371 5571 3506 5622 ὄντα.
3548 5587 3576 5615 ››
3617 5562 3729 5630 Περὶ
3772 5552 3879 5603 δὶτῖί
