  <div class='ocr_page' id='page_1' title='image "/cluster/home/n/w/nwhite01/storage/ocr_20150623/145/mdp.39015061167048/536.png"; bbox 0 0 4036 6288; ppageno 0'>
   <div class='ocr_carea' id='block_1_1' title="bbox 77 318 253 374">
    <p class='ocr_par' dir='ltr' id='par_1_1' title="bbox 77 318 253 374">
     <span class='ocr_line' id='line_1_1' title="bbox 77 318 253 374; baseline 0.006 -1"><span class='ocrx_word' id='word_1_1' title='bbox 77 318 253 374; x_wconf 84' lang='grc'><strong>1057</strong></span> 
     </span>
    </p>
   </div>
   <div class='ocr_carea' id='block_1_2' title="bbox 1164 315 2462 377">
    <p class='ocr_par' dir='ltr' id='par_1_2' title="bbox 1164 315 2462 377">
     <span class='ocr_line' id='line_1_2' title="bbox 1164 315 2462 377; baseline 0.002 -2"><span class='ocrx_word' id='word_1_2' title='bbox 1164 315 1616 377; x_wconf 61' lang='lat' dir='ltr'><strong>ECCLESIACxE</strong></span> <span class='ocrx_word' id='word_1_3' title='bbox 1654 317 2127 377; x_wconf 70' lang='lat' dir='ltr'><strong>HISTISTORI/E</strong></span> <span class='ocrx_word' id='word_1_4' title='bbox 2185 319 2322 376; x_wconf 90' lang='lat' dir='ltr'><strong>LIB.</strong></span> <span class='ocrx_word' id='word_1_5' title='bbox 2361 320 2462 377; x_wconf 88' lang='lat' dir='ltr'><strong>IV.</strong></span> 
     </span>
    </p>
   </div>
   <div class='ocr_carea' id='block_1_3' title="bbox 3343 323 3480 378">
    <p class='ocr_par' dir='ltr' id='par_1_3' title="bbox 3343 323 3480 378">
     <span class='ocr_line' id='line_1_3' title="bbox 3343 323 3480 378; baseline 0 0"><span class='ocrx_word' id='word_1_6' title='bbox 3343 323 3480 378; x_wconf 73' lang='grc'><strong>1058</strong></span> 
     </span>
    </p>
   </div>
   <div class='ocr_carea' id='block_1_4' title="bbox 73 439 1726 521">
    <p class='ocr_par' dir='ltr' id='par_1_4' title="bbox 73 439 1720 519">
     <span class='ocr_line' id='line_1_4' title="bbox 73 439 1720 519; baseline 0.002 -24"><span class='ocrx_word' id='word_1_7' title='bbox 73 453 205 496; x_wconf 83' lang='grc' dir='ltr'><strong>τῶν</strong></span> <span class='ocrx_word' id='word_1_8' title='bbox 268 443 596 516; x_wconf 78' lang='grc' dir='ltr'><strong>Εὖαγγελίων</strong></span> <span class='ocrx_word' id='word_1_9' title='bbox 649 439 862 513; x_wconf 69' lang='grc' dir='ltr'><strong>τάξεως,</strong></span> <span class='ocrx_word' id='word_1_10' title='bbox 916 447 985 507; x_wconf 83' lang='grc' dir='ltr'><strong>ὡς</strong></span> <span class='ocrx_word' id='word_1_11' title='bbox 1037 445 1230 518; x_wconf 70' lang='grc' dir='ltr'><strong>εἰλήφει</strong></span> <span class='ocrx_word' id='word_1_12' title='bbox 1277 447 1420 519; x_wconf 80' lang='grc' dir='ltr'><strong>παρὰ</strong></span> <span class='ocrx_word' id='word_1_13' title='bbox 1470 451 1564 504; x_wconf 83' lang='grc' dir='ltr'><strong>τὴν</strong></span> <span class='ocrx_word' id='word_1_14' title='bbox 1621 454 1720 498; x_wconf 85' lang='grc' dir='ltr'><strong>τῶν</strong></span> 
     </span>
    </p>
   </div>
   <div class='ocr_carea' id='block_1_5' title="bbox 1837 439 3484 521">
    <p class='ocr_par' dir='ltr' id='par_1_5' title="bbox 1837 447 3484 521">
     <span class='ocr_line' id='line_1_5' title="bbox 1837 447 3484 521; baseline 0.002 -19"><span class='ocrx_word' id='word_1_15' title='bbox 1837 447 2076 521; x_wconf 82' lang='lat' dir='ltr'><strong>quidem</strong></span> <span class='ocrx_word' id='word_1_16' title='bbox 2102 448 2412 513; x_wconf 85' lang='lat' dir='ltr'><strong>Dominus,</strong></span> <span class='ocrx_word' id='word_1_17' title='bbox 2437 447 2747 519; x_wconf 86' lang='lat' dir='ltr'><strong>apostolus</strong></span> <span class='ocrx_word' id='word_1_18' title='bbox 2775 447 3229 520; x_wconf 90' lang='lat' dir='ltr'><strong>Omnipotentis,</strong></span> <span class='ocrx_word' id='word_1_19' title='bbox 3264 449 3340 504; x_wconf 90' lang='lat' dir='ltr'><strong>ad</strong></span> <span class='ocrx_word' id='word_1_20' title='bbox 3372 451 3484 505; x_wconf 84' lang='lat' dir='ltr'><strong>He-</strong></span> 
     </span>
    </p>
   </div>
   <div class='ocr_carea' id='block_1_6' title="bbox 71 530 1720 610">
    <p class='ocr_par' dir='ltr' id='par_1_6' title="bbox 71 530 1720 610">
     <span class='ocr_line' id='line_1_6' title="bbox 71 530 1720 610; baseline 0 -24"><span class='ocrx_word' id='word_1_21' title='bbox 71 531 497 607; x_wconf 78' lang='grc' dir='ltr'><strong>πρεσϐυτέρων,</strong></span> <span class='ocrx_word' id='word_1_22' title='bbox 584 530 801 596; x_wconf 73' lang='grc' dir='ltr'><strong>διέξεισι</strong></span> <span class='ocrx_word' id='word_1_23' title='bbox 874 534 1054 606; x_wconf 84' lang='grc' dir='ltr'><strong>λέγων,</strong></span> <span class='ocrx_word' id='word_1_24' title='bbox 1135 537 1530 610; x_wconf 75' lang='grc' dir='ltr'><strong>προγεγράφθαι</strong></span> <span class='ocrx_word' id='word_1_25' title='bbox 1620 543 1720 587; x_wconf 86' lang='grc' dir='ltr'><strong>τῶν</strong></span> 
     </span>
    </p>
   </div>
   <div class='ocr_carea' id='block_1_7' title="bbox 79 621 1722 698">
    <p class='ocr_par' dir='ltr' id='par_1_7' title="bbox 79 621 1722 698">
     <span class='ocr_line' id='line_1_7' title="bbox 79 621 1722 698; baseline 0 -21"><span class='ocrx_word' id='word_1_26' title='bbox 79 621 448 694; x_wconf 80' lang='grc' dir='ltr'><strong>Εὑαγγελίων</strong></span> <span class='ocrx_word' id='word_1_27' title='bbox 498 625 564 675; x_wconf 83' lang='grc' dir='ltr'><strong>τὰ</strong></span> <span class='ocrx_word' id='word_1_28' title='bbox 614 627 928 698; x_wconf 83' lang='grc' dir='ltr'><strong>περιέχοντα</strong></span> <span class='ocrx_word' id='word_1_29' title='bbox 981 627 1074 686; x_wconf 80' lang='grc' dir='ltr'><strong>τὰς</strong></span> <span class='ocrx_word' id='word_1_30' title='bbox 1132 624 1479 696; x_wconf 69' lang='grc' dir='ltr'><strong>γενεαλογίας.</strong></span> <span class='ocrx_word' id='word_1_31' title='bbox 1534 628 1603 678; x_wconf 91' lang='lat' dir='ltr'><em>T6</em></span> <span class='ocrx_word' id='word_1_32' title='bbox 1663 621 1722 677; x_wconf 73' lang='grc' dir='ltr'><strong>δὲ</strong></span> 
     </span>
    </p>
   </div>
   <div class='ocr_carea' id='block_1_8' title="bbox 77 708 1721 786">
    <p class='ocr_par' dir='ltr' id='par_1_8' title="bbox 77 708 1721 786">
     <span class='ocr_line' id='line_1_8' title="bbox 77 708 1721 786; baseline 0.001 -22"><span class='ocrx_word' id='word_1_33' title='bbox 77 713 248 764; x_wconf 75' lang='grc' dir='ltr'><strong>κατά</strong></span> <span class='ocrx_word' id='word_1_34' title='bbox 297 713 512 786; x_wconf 84' lang='grc' dir='ltr'><strong>Μάρκον</strong></span> <span class='ocrx_word' id='word_1_35' title='bbox 542 708 692 770; x_wconf 71' lang='grc' dir='ltr'><strong>τόνδ’</strong></span> <span class='ocrx_word' id='word_1_36' title='bbox 747 712 1034 784; x_wconf 72' lang='grc' dir='ltr'><strong>ἐσχηκέναι</strong></span> <span class='ocrx_word' id='word_1_37' title='bbox 1085 719 1180 772; x_wconf 82' lang='grc' dir='ltr'><strong>τὴν</strong></span> <span class='ocrx_word' id='word_1_38' title='bbox 1233 714 1526 786; x_wconf 79' lang='grc' dir='ltr'><strong>οἰκονομίαν</strong></span> <span class='ocrx_word' id='word_1_39' title='bbox 1560 730 1572 743; x_wconf 92' lang='grc'><strong>·</strong></span> <span class='ocrx_word' id='word_1_40' title='bbox 1618 720 1721 767; x_wconf 88' lang='grc' dir='ltr'><strong>Τοῦ</strong></span> 
     </span>
    </p>
   </div>
   <div class='ocr_carea' id='block_1_9' title="bbox 83 802 1720 878">
    <p class='ocr_par' dir='ltr' id='par_1_9' title="bbox 83 802 1720 878">
     <span class='ocr_line' id='line_1_9' title="bbox 83 802 1720 878; baseline 0 -24"><span class='ocrx_word' id='word_1_41' title='bbox 83 805 316 874; x_wconf 77' lang='grc' dir='ltr'><strong>Πέτρου</strong></span> <span class='ocrx_word' id='word_1_42' title='bbox 345 804 402 854; x_wconf 88' lang='grc' dir='ltr'><strong>τό</strong></span> <span class='ocrx_word' id='word_1_43' title='bbox 450 802 760 874; x_wconf 80' lang='grc' dir='ltr'><strong>Εὑαγγέλιον</strong></span> <span class='ocrx_word' id='word_1_44' title='bbox 809 802 946 874; x_wconf 84' lang='grc' dir='ltr'><strong>λόγῳ</strong></span> <span class='ocrx_word' id='word_1_45' title='bbox 985 803 1326 878; x_wconf 78' lang='grc' dir='ltr'><strong>κηρύξαντος,</strong></span> <span class='ocrx_word' id='word_1_46' title='bbox 1365 806 1486 864; x_wconf 81' lang='grc' dir='ltr'><strong>τοὺς</strong></span> <span class='ocrx_word' id='word_1_47' title='bbox 1536 808 1720 856; x_wconf 85' lang='grc' dir='ltr'><strong>συνόν-</strong></span> 
     </span>
    </p>
   </div>
   <div class='ocr_carea' id='block_1_10' title="bbox 82 890 1723 967">
    <p class='ocr_par' dir='ltr' id='par_1_10' title="bbox 82 890 1723 967">
     <span class='ocr_line' id='line_1_10' title="bbox 82 890 1723 967; baseline 0.001 -25"><span class='ocrx_word' id='word_1_48' title='bbox 82 910 219 956; x_wconf 84' lang='grc' dir='ltr'><strong>τας,</strong></span> <span class='ocrx_word' id='word_1_49' title='bbox 275 890 499 954; x_wconf 88' lang='grc' dir='ltr'><strong>πολλοῦς</strong></span> <span class='ocrx_word' id='word_1_50' title='bbox 556 896 721 958; x_wconf 81' lang='grc' dir='ltr'><strong>ὄντας,</strong></span> <span class='ocrx_word' id='word_1_51' title='bbox 782 892 1145 967; x_wconf 79' lang='grc' dir='ltr'><strong>παρακαλέσαι</strong></span> <span class='ocrx_word' id='word_1_52' title='bbox 1209 896 1295 945; x_wconf 85' lang='grc' dir='ltr'><strong>τόν</strong></span> <span class='ocrx_word' id='word_1_53' title='bbox 1360 896 1593 966; x_wconf 85' lang='grc' dir='ltr'><strong>Μάρκον,</strong></span> <span class='ocrx_word' id='word_1_54' title='bbox 1654 895 1723 954; x_wconf 85' lang='grc' dir='ltr'><strong>ὡς</strong></span> 
     </span>
    </p>
   </div>
   <div class='ocr_carea' id='block_1_11' title="bbox 87 979 1722 1058">
    <p class='ocr_par' dir='ltr' id='par_1_11' title="bbox 87 979 1722 1058">
     <span class='ocr_line' id='line_1_11' title="bbox 87 979 1722 1058; baseline 0.001 -26"><span class='ocrx_word' id='word_1_55' title='bbox 87 981 159 1032; x_wconf 80' lang='grc' dir='ltr'><strong>ἄν</strong></span> <span class='ocrx_word' id='word_1_56' title='bbox 214 980 504 1034; x_wconf 78' lang='grc' dir='ltr'><strong>ἀκόλουθον</strong></span> <span class='ocrx_word' id='word_1_57' title='bbox 555 985 646 1034; x_wconf 84' lang='grc' dir='ltr'><strong>καὶ</strong></span> <span class='ocrx_word' id='word_1_58' title='bbox 685 980 740 1033; x_wconf 71' lang='grc' dir='ltr'><strong>ἐκ</strong></span> <span class='ocrx_word' id='word_1_59' title='bbox 777 982 968 1035; x_wconf 90' lang='grc' dir='ltr'><strong>πολλοῦ</strong></span> <span class='ocrx_word' id='word_1_60' title='bbox 1020 991 1121 1035; x_wconf 87' lang='grc' dir='ltr'><strong>τῶν</strong></span> <span class='ocrx_word' id='word_1_61' title='bbox 1174 983 1451 1058; x_wconf 70' lang='grc' dir='ltr'><strong>εἰρημένων</strong></span> <span class='ocrx_word' id='word_1_62' title='bbox 1489 988 1581 1040; x_wconf 80' lang='grc' dir='ltr'><strong>τὴν</strong></span> <span class='ocrx_word' id='word_1_63' title='bbox 1630 979 1722 1034; x_wconf 86' lang='grc' dir='ltr'><strong>δύ-</strong></span> 
     </span>
    </p>
   </div>
   <div class='ocr_carea' id='block_1_12' title="bbox 87 1067 1722 1145">
    <p class='ocr_par' dir='ltr' id='par_1_12' title="bbox 87 1067 1722 1145">
     <span class='ocr_line' id='line_1_12' title="bbox 87 1067 1722 1145; baseline 0.001 -25"><span class='ocrx_word' id='word_1_64' title='bbox 87 1089 265 1141; x_wconf 76' lang='grc' dir='ltr'><strong>ναμιν</strong></span> <span class='ocrx_word' id='word_1_65' title='bbox 317 1067 610 1140; x_wconf 81' lang='grc' dir='ltr'><strong>έσχηκότα,</strong></span> <span class='ocrx_word' id='word_1_66' title='bbox 649 1068 954 1144; x_wconf 70' lang='grc' dir='ltr'><strong>ἀναγράψαι</strong></span> <span class='ocrx_word' id='word_1_67' title='bbox 991 1073 1058 1123; x_wconf 80' lang='grc' dir='ltr'><strong>τὰ</strong></span> <span class='ocrx_word' id='word_1_68' title='bbox 1087 1071 1329 1145; x_wconf 85' lang='grc' dir='ltr'><strong>εἰρημένα</strong></span> <span class='ocrx_word' id='word_1_69' title='bbox 1362 1093 1376 1106; x_wconf 93' lang='grc'><strong>·</strong></span> <span class='ocrx_word' id='word_1_70' title='bbox 1434 1077 1524 1124; x_wconf 83' lang='grc' dir='ltr'><strong>καὶ</strong></span> <span class='ocrx_word' id='word_1_71' title='bbox 1572 1077 1722 1123; x_wconf 92' lang='grc' dir='ltr'><strong>τοῦτο</strong></span> 
     </span>
    </p>
   </div>
   <div class='ocr_carea' id='block_1_13' title="bbox 87 1155 1721 1234">
    <p class='ocr_par' dir='ltr' id='par_1_13' title="bbox 87 1155 1721 1234">
     <span class='ocr_line' id='line_1_13' title="bbox 87 1155 1721 1234; baseline 0 -24"><span class='ocrx_word' id='word_1_72' title='bbox 87 1165 434 1224; x_wconf 81' lang='grc' dir='ltr'><strong>ποιήσαντα,</strong></span> <span class='ocrx_word' id='word_1_73' title='bbox 484 1155 666 1210; x_wconf 84' lang='grc' dir='ltr'><strong>δοῦναι</strong></span> <span class='ocrx_word' id='word_1_74' title='bbox 695 1166 807 1219; x_wconf 88' lang='grc' dir='ltr'><strong>τοῖς</strong></span> <span class='ocrx_word' id='word_1_75' title='bbox 860 1159 1149 1222; x_wconf 81' lang='grc' dir='ltr'><strong>ἁξιώσασιν</strong></span> <span class='ocrx_word' id='word_1_76' title='bbox 1183 1179 1194 1192; x_wconf 89' lang='grc'>·</span> <span class='ocrx_word' id='word_1_77' title='bbox 1230 1160 1256 1212; x_wconf 88' lang='grc' dir='ltr'><strong>ὃ</strong></span> <span class='ocrx_word' id='word_1_78' title='bbox 1313 1157 1379 1217; x_wconf 80' lang='grc' dir='ltr'><strong>δὴ</strong></span> <span class='ocrx_word' id='word_1_79' title='bbox 1409 1158 1460 1221; x_wconf 84' lang='grc' dir='ltr'><strong>ἐς</strong></span> <span class='ocrx_word' id='word_1_80' title='bbox 1506 1160 1721 1234; x_wconf 79' lang='grc' dir='ltr'><strong>ὕστερον</strong></span> 
     </span>
    </p>
   </div>
   <div class='ocr_carea' id='block_1_14' title="bbox 88 1247 1723 1321">
    <p class='ocr_par' dir='ltr' id='par_1_14' title="bbox 88 1247 1723 1321">
     <span class='ocr_line' id='line_1_14' title="bbox 88 1247 1723 1321; baseline 0.001 -21"><span class='ocrx_word' id='word_1_81' title='bbox 88 1251 192 1300; x_wconf 82' lang='grc' dir='ltr'><strong>τόν</strong></span> <span class='ocrx_word' id='word_1_82' title='bbox 260 1251 452 1320; x_wconf 83' lang='grc' dir='ltr'><strong>Πέτρον</strong></span> <span class='ocrx_word' id='word_1_83' title='bbox 508 1249 764 1320; x_wconf 79' lang='grc' dir='ltr'><strong>μαθόντα,</strong></span> <span class='ocrx_word' id='word_1_84' title='bbox 809 1247 930 1320; x_wconf 78' lang='grc' dir='ltr'><strong>μήτ’</strong></span> <span class='ocrx_word' id='word_1_85' title='bbox 989 1247 1228 1320; x_wconf 80' lang='grc' dir='ltr'><strong>ἐμποδὼν</strong></span> <span class='ocrx_word' id='word_1_86' title='bbox 1276 1251 1538 1319; x_wconf 85' lang='grc' dir='ltr'><strong>γενέσθαι,</strong></span> <span class='ocrx_word' id='word_1_87' title='bbox 1591 1253 1723 1321; x_wconf 82' lang='grc' dir='ltr'><strong>μήτε</strong></span> 
     </span>
    </p>
   </div>
   <div class='ocr_carea' id='block_1_15' title="bbox 87 1334 1720 1410">
    <p class='ocr_par' dir='ltr' id='par_1_15' title="bbox 87 1334 1720 1410">
     <span class='ocr_line' id='line_1_15' title="bbox 87 1334 1720 1410; baseline -0.001 -20"><span class='ocrx_word' id='word_1_88' title='bbox 87 1336 533 1410; x_wconf 84' lang='grc' dir='ltr'><strong>προτρέψασθαι.</strong></span> <span class='ocrx_word' id='word_1_89' title='bbox 565 1340 662 1390; x_wconf 88' lang='grc' dir='ltr'><strong>Τόν</strong></span> <span class='ocrx_word' id='word_1_90' title='bbox 704 1334 764 1390; x_wconf 76' lang='grc' dir='ltr'><strong>δε</strong></span> <span class='ocrx_word' id='word_1_91' title='bbox 809 1337 1048 1397; x_wconf 83' lang='grc' dir='ltr'><strong>Ἰωάννην</strong></span> <span class='ocrx_word' id='word_1_92' title='bbox 1080 1339 1305 1391; x_wconf 79' lang='grc' dir='ltr'><strong>ὕστατον</strong></span> <span class='ocrx_word' id='word_1_93' title='bbox 1345 1337 1575 1404; x_wconf 74' lang='grc' dir='ltr'><strong>ἐλθόντα,</strong></span> <span class='ocrx_word' id='word_1_94' title='bbox 1631 1342 1720 1390; x_wconf 83' lang='grc' dir='ltr'><strong>καὶ</strong></span> 
     </span>
    </p>
   </div>
   <div class='ocr_carea' id='block_1_16' title="bbox 94 1424 1720 1500">
    <p class='ocr_par' dir='ltr' id='par_1_16' title="bbox 94 1424 1720 1500">
     <span class='ocr_line' id='line_1_16' title="bbox 94 1424 1720 1500; baseline 0 -22"><span class='ocrx_word' id='word_1_95' title='bbox 94 1424 303 1479; x_wconf 80' lang='grc' dir='ltr'><strong>ἰδόντα</strong></span> <span class='ocrx_word' id='word_1_96' title='bbox 357 1427 436 1478; x_wconf 87' lang='grc' dir='ltr'><strong>ὅτι</strong></span> <span class='ocrx_word' id='word_1_97' title='bbox 482 1429 548 1478; x_wconf 84' lang='grc' dir='ltr'><strong>τὰ</strong></span> <span class='ocrx_word' id='word_1_98' title='bbox 590 1430 866 1499; x_wconf 81' lang='grc' dir='ltr'><strong>σωματικὰ</strong></span> <span class='ocrx_word' id='word_1_99' title='bbox 903 1435 1014 1490; x_wconf 86' lang='grc' dir='ltr'><strong>τοῖς</strong></span> <span class='ocrx_word' id='word_1_100' title='bbox 1050 1428 1380 1500; x_wconf 73' lang='grc' dir='ltr'><strong>Εὑαγγελίοις</strong></span> <span class='ocrx_word' id='word_1_101' title='bbox 1433 1424 1720 1486; x_wconf 83' lang='grc' dir='ltr'><strong>δεδήλωται</strong></span> 
     </span>
    </p>
   </div>
   <div class='ocr_carea' id='block_1_17' title="bbox 91 1514 1724 1590">
    <p class='ocr_par' dir='ltr' id='par_1_17' title="bbox 91 1514 1724 1590">
     <span class='ocr_line' id='line_1_17' title="bbox 91 1514 1724 1590; baseline 0.001 -21"><span class='ocrx_word' id='word_1_102' title='bbox 91 1520 242 1589; x_wconf 82' lang='grc' dir='ltr'><strong>πρὸς</strong></span> <span class='ocrx_word' id='word_1_103' title='bbox 303 1535 454 1568; x_wconf 85' lang='grc' dir='ltr'><strong>τινων</strong></span> <span class='ocrx_word' id='word_1_104' title='bbox 503 1519 703 1590; x_wconf 72' lang='grc' dir='ltr'><strong>ἑτέρων,</strong></span> <span class='ocrx_word' id='word_1_105' title='bbox 761 1517 933 1588; x_wconf 86' lang='grc' dir='ltr'><strong>πολλῷ</strong></span> <span class='ocrx_word' id='word_1_106' title='bbox 980 1514 1040 1570; x_wconf 73' lang='grc' dir='ltr'><strong>δε</strong></span> <span class='ocrx_word' id='word_1_107' title='bbox 1083 1518 1238 1571; x_wconf 82' lang='grc' dir='ltr'><strong>εἰπεῖν</strong></span> <span class='ocrx_word' id='word_1_108' title='bbox 1288 1521 1547 1590; x_wconf 84' lang='grc' dir='ltr'><strong>Πνεύματι</strong></span> <span class='ocrx_word' id='word_1_109' title='bbox 1606 1520 1724 1588; x_wconf 88' lang='grc' dir='ltr'><strong>θείῳ</strong></span> 
     </span>
    </p>
   </div>
   <div class='ocr_carea' id='block_1_18' title="bbox 89 1605 1724 1680">
    <p class='ocr_par' dir='ltr' id='par_1_18' title="bbox 89 1605 1724 1680">
     <span class='ocr_line' id='line_1_18' title="bbox 89 1605 1724 1680; baseline 0.001 -23"><span class='ocrx_word' id='word_1_110' title='bbox 89 1608 467 1677; x_wconf 76' lang='grc' dir='ltr'><strong>κεκινημένον,</strong></span> <span class='ocrx_word' id='word_1_111' title='bbox 508 1609 854 1678; x_wconf 82' lang='grc' dir='ltr'><strong>πνευματικὸν</strong></span> <span class='ocrx_word' id='word_1_112' title='bbox 920 1611 1008 1658; x_wconf 78' lang='grc' dir='ltr'><strong>καὶ</strong></span> <span class='ocrx_word' id='word_1_113' title='bbox 1064 1608 1186 1660; x_wconf 84' lang='grc' dir='ltr'><strong>ὅσον</strong></span> <span class='ocrx_word' id='word_1_114' title='bbox 1257 1607 1522 1679; x_wconf 80' lang='grc' dir='ltr'><strong>θεολογίας</strong></span> <span class='ocrx_word' id='word_1_115' title='bbox 1578 1605 1724 1680; x_wconf 79' lang='grc' dir='ltr'><strong>ἀκρί-</strong></span> 
     </span>
    </p>
   </div>
   <div class='ocr_carea' id='block_1_19' title="bbox 97 1695 1012 1766">
    <p class='ocr_par' dir='ltr' id='par_1_19' title="bbox 97 1695 1012 1766">
     <span class='ocr_line' id='line_1_19' title="bbox 97 1695 1012 1766; baseline 0.001 -19"><span class='ocrx_word' id='word_1_116' title='bbox 97 1695 260 1747; x_wconf 76' lang='grc' dir='ltr'><strong>ϐειαν</strong></span> <span class='ocrx_word' id='word_1_117' title='bbox 329 1701 613 1766; x_wconf 84' lang='grc' dir='ltr'><strong>παριστᾶν,</strong></span> <span class='ocrx_word' id='word_1_118' title='bbox 679 1703 903 1754; x_wconf 82' lang='grc' dir='ltr'><strong>ποιῆσαι</strong></span> <span class='ocrx_word' id='word_1_119' title='bbox 954 1699 1012 1748; x_wconf 91' lang='grc' dir='ltr'><strong>τό</strong></span> 
     </span>
    </p>
   </div>
   <div class='ocr_carea' id='block_1_20' title="bbox 99 1781 735 1855">
    <p class='ocr_par' dir='ltr' id='par_1_20' title="bbox 99 1781 735 1855">
     <span class='ocr_line' id='line_1_20' title="bbox 99 1781 735 1855; baseline 0.003 -19"><span class='ocrx_word' id='word_1_120' title='bbox 99 1781 180 1843; x_wconf 73' lang='grc' dir='ltr'><strong>δὴ</strong></span> <span class='ocrx_word' id='word_1_121' title='bbox 218 1786 399 1836; x_wconf 80' lang='grc' dir='ltr'><strong>καὶτὰ</strong></span> <span class='ocrx_word' id='word_1_122' title='bbox 427 1783 735 1855; x_wconf 75' lang='grc' dir='ltr'><strong>Κλήμεντος.</strong></span> 
     </span>
    </p>
   </div>
   <div class='ocr_carea' id='block_1_21' title="bbox 1089 1696 1726 1768">
    <p class='ocr_par' dir='ltr' id='par_1_21' title="bbox 1089 1696 1726 1768">
     <span class='ocr_line' id='line_1_21' title="bbox 1089 1696 1726 1768; baseline -0.006 -19"><span class='ocrx_word' id='word_1_123' title='bbox 1089 1696 1422 1768; x_wconf 81' lang='grc' dir='ltr'><strong>Εὑαγγέλιον.</strong></span> <span class='ocrx_word' id='word_1_124' title='bbox 1479 1703 1726 1749; x_wconf 83' lang='grc' dir='ltr'><strong>Τοσαῦτα</strong></span> 
     </span>
    </p>
   </div>
   <div class='ocr_carea' id='block_1_22' title="bbox 1828 536 3484 606">
    <p class='ocr_par' dir='ltr' id='par_1_22' title="bbox 1828 536 3484 606">
     <span class='ocr_line' id='line_1_22' title="bbox 1828 536 3484 606; baseline 0.001 -14"><span class='ocrx_word' id='word_1_125' title='bbox 1828 536 2022 592; x_wconf 87' lang='lat' dir='ltr'><strong>braos</strong></span> <span class='ocrx_word' id='word_1_126' title='bbox 2053 542 2140 593; x_wconf 90' lang='lat' dir='ltr'><strong>est</strong></span> <span class='ocrx_word' id='word_1_127' title='bbox 2176 537 2416 602; x_wconf 90' lang='lat' dir='ltr'><strong>missus,</strong></span> <span class='ocrx_word' id='word_1_128' title='bbox 2448 536 2779 592; x_wconf 90' lang='lat' dir='ltr'><strong>humilioris</strong></span> <span class='ocrx_word' id='word_1_129' title='bbox 2809 538 3252 594; x_wconf 86' lang='lat' dir='ltr'><strong>summissionis</strong></span> <span class='ocrx_word' id='word_1_130' title='bbox 3292 539 3484 606; x_wconf 80' lang='lat' dir='ltr'><strong>gratia</strong></span> 
     </span>
    </p>
   </div>
   <div class='ocr_carea' id='block_1_23' title="bbox 1831 625 3486 698">
    <p class='ocr_par' dir='ltr' id='par_1_23' title="bbox 1831 625 3486 698">
     <span class='ocr_line' id='line_1_23' title="bbox 1831 625 3486 698; baseline 0.001 -18"><span class='ocrx_word' id='word_1_131' title='bbox 1831 625 2076 691; x_wconf 84' lang='lat' dir='ltr'><strong>Paulus,</strong></span> <span class='ocrx_word' id='word_1_132' title='bbox 2111 631 2174 682; x_wconf 88' lang='lat' dir='ltr'><strong>ut</strong></span> <span class='ocrx_word' id='word_1_133' title='bbox 2201 627 2304 698; x_wconf 90' lang='lat' dir='ltr'><strong>qui</strong></span> <span class='ocrx_word' id='word_1_134' title='bbox 2336 627 2412 682; x_wconf 88' lang='lat' dir='ltr'><strong>ad</strong></span> <span class='ocrx_word' id='word_1_135' title='bbox 2445 632 2649 696; x_wconf 77' lang='lat' dir='ltr'><strong>gentes</strong></span> <span class='ocrx_word' id='word_1_136' title='bbox 2671 626 2905 696; x_wconf 80' lang='lat' dir='ltr'><strong>legatus</strong></span> <span class='ocrx_word' id='word_1_137' title='bbox 2932 632 3104 692; x_wconf 85' lang='lat' dir='ltr'><strong>esset,</strong></span> <span class='ocrx_word' id='word_1_138' title='bbox 3129 643 3249 683; x_wconf 92' lang='lat' dir='ltr'><strong>non</strong></span> <span class='ocrx_word' id='word_1_139' title='bbox 3282 627 3486 682; x_wconf 84' lang='lat' dir='ltr'><strong>scribit</strong></span> 
     </span>
    </p>
   </div>
   <div class='ocr_carea' id='block_1_24' title="bbox 1830 715 3480 788">
    <p class='ocr_par' dir='ltr' id='par_1_24' title="bbox 1830 715 3480 788">
     <span class='ocr_line' id='line_1_24' title="bbox 1830 715 3480 788; baseline 0.001 -18"><span class='ocrx_word' id='word_1_140' title='bbox 1830 732 1896 771; x_wconf 90' lang='lat' dir='ltr'><strong>se</strong></span> <span class='ocrx_word' id='word_1_141' title='bbox 1939 715 2317 771; x_wconf 86' lang='lat' dir='ltr'><strong>Hebraorum</strong></span> <span class='ocrx_word' id='word_1_142' title='bbox 2360 715 2723 787; x_wconf 80' lang='lat' dir='ltr'><strong>apostolum,</strong></span> <span class='ocrx_word' id='word_1_143' title='bbox 2771 723 2896 771; x_wconf 90' lang='lat' dir='ltr'><strong>tum</strong></span> <span class='ocrx_word' id='word_1_144' title='bbox 2936 716 3101 788; x_wconf 91' lang='lat' dir='ltr'><strong>quod</strong></span> <span class='ocrx_word' id='word_1_145' title='bbox 3140 732 3211 772; x_wconf 90' lang='lat' dir='ltr'><strong>eo</strong></span> <span class='ocrx_word' id='word_1_146' title='bbox 3250 717 3480 772; x_wconf 85' lang='lat' dir='ltr'><strong>honore</strong></span> 
     </span>
    </p>
   </div>
   <div class='ocr_carea' id='block_1_25' title="bbox 1829 805 3487 876">
    <p class='ocr_par' dir='ltr' id='par_1_25' title="bbox 1829 805 3487 876">
     <span class='ocr_line' id='line_1_25' title="bbox 1829 805 3487 876; baseline 0 -16"><span class='ocrx_word' id='word_1_147' title='bbox 1829 805 2084 860; x_wconf 91' lang='lat' dir='ltr'><strong>Domino</strong></span> <span class='ocrx_word' id='word_1_148' title='bbox 2111 805 2302 868; x_wconf 87' lang='lat' dir='ltr'><strong>cedat,</strong></span> <span class='ocrx_word' id='word_1_149' title='bbox 2335 809 2459 860; x_wconf 92' lang='lat' dir='ltr'><strong>tum</strong></span> <span class='ocrx_word' id='word_1_150' title='bbox 2487 805 2648 874; x_wconf 91' lang='lat' dir='ltr'><strong>quod</strong></span> <span class='ocrx_word' id='word_1_151' title='bbox 2678 819 2748 860; x_wconf 85' lang='lat' dir='ltr'><strong>ex</strong></span> <span class='ocrx_word' id='word_1_152' title='bbox 2779 805 3132 871; x_wconf 84' lang='lat' dir='ltr'><strong>abundanti,</strong></span> <span class='ocrx_word' id='word_1_153' title='bbox 3166 822 3303 861; x_wconf 89' lang='lat' dir='ltr'><strong>cum</strong></span> <span class='ocrx_word' id='word_1_154' title='bbox 3340 821 3487 876; x_wconf 90' lang='lat' dir='ltr'><strong>gen-</strong></span> 
     </span>
    </p>
   </div>
   <div class='ocr_carea' id='block_1_26' title="bbox 1829 893 3485 965">
    <p class='ocr_par' dir='ltr' id='par_1_26' title="bbox 1829 893 3485 965">
     <span class='ocr_line' id='line_1_26' title="bbox 1829 893 3485 965; baseline 0 -16"><span class='ocrx_word' id='word_1_155' title='bbox 1829 895 1978 949; x_wconf 90' lang='lat' dir='ltr'><strong>tium</strong></span> <span class='ocrx_word' id='word_1_156' title='bbox 2029 909 2225 965; x_wconf 85' lang='lat' dir='ltr'><strong>praco</strong></span> <span class='ocrx_word' id='word_1_157' title='bbox 2279 898 2332 949; x_wconf 92' lang='lat' dir='ltr'><strong>et</strong></span> <span class='ocrx_word' id='word_1_158' title='bbox 2380 893 2686 965; x_wconf 83' lang='lat' dir='ltr'><strong>apostolus</strong></span> <span class='ocrx_word' id='word_1_159' title='bbox 2727 895 2824 960; x_wconf 87' lang='lat' dir='ltr'><strong>sit,</strong></span> <span class='ocrx_word' id='word_1_160' title='bbox 2867 893 3046 949; x_wconf 89' lang='lat' dir='ltr'><strong>etiam</strong></span> <span class='ocrx_word' id='word_1_161' title='bbox 3087 895 3162 950; x_wconf 90' lang='lat' dir='ltr'><strong>ad</strong></span> <span class='ocrx_word' id='word_1_162' title='bbox 3205 895 3485 952; x_wconf 86' lang='lat' dir='ltr'><strong>Hebraos</strong></span> 
     </span>
    </p>
   </div>
   <div class='ocr_carea' id='block_1_27' title="bbox 1831 982 3484 1054">
    <p class='ocr_par' dir='ltr' id='par_1_27' title="bbox 1831 982 3484 1054">
     <span class='ocr_line' id='line_1_27' title="bbox 1831 982 3484 1054; baseline 0.001 -16"><span class='ocrx_word' id='word_1_163' title='bbox 1831 982 2151 1054; x_wconf 89' lang='lat' dir='ltr'><strong>Epistolam</strong></span> <span class='ocrx_word' id='word_1_164' title='bbox 2181 983 2389 1049; x_wconf 84' lang='lat' dir='ltr'><strong>mittat,</strong></span> <span class='ocrx_word' id='word_1_165' title='bbox 2425 985 2500 1038; x_wconf 91' lang='lat' dir='ltr'><strong>De</strong></span> <span class='ocrx_word' id='word_1_166' title='bbox 2529 982 2984 1053; x_wconf 86' lang='lat' dir='ltr'><strong>Evangeliorum</strong></span> <span class='ocrx_word' id='word_1_167' title='bbox 3017 984 3225 1039; x_wconf 89' lang='lat' dir='ltr'><strong>ordine</strong></span> <span class='ocrx_word' id='word_1_168' title='bbox 3257 990 3484 1050; x_wconf 88' lang='lat' dir='ltr'><strong>autem,</strong></span> 
     </span>
    </p>
   </div>
   <div class='ocr_carea' id='block_1_28' title="bbox 1833 1071 3484 1145">
    <p class='ocr_par' dir='ltr' id='par_1_28' title="bbox 1833 1071 3484 1145">
     <span class='ocr_line' id='line_1_28' title="bbox 1833 1071 3484 1145; baseline 0.002 -19"><span class='ocrx_word' id='word_1_169' title='bbox 1833 1071 2007 1126; x_wconf 89' lang='lat' dir='ltr'><strong>sicuti</strong></span> <span class='ocrx_word' id='word_1_170' title='bbox 2048 1087 2083 1127; x_wconf 90' lang='lat' dir='ltr'><strong>a</strong></span> <span class='ocrx_word' id='word_1_171' title='bbox 2119 1071 2544 1127; x_wconf 82' lang='lat' dir='ltr'><strong>vetustioribus</strong></span> <span class='ocrx_word' id='word_1_172' title='bbox 2586 1071 2835 1142; x_wconf 90' lang='lat' dir='ltr'><strong>accepit,</strong></span> <span class='ocrx_word' id='word_1_173' title='bbox 2879 1071 3057 1145; x_wconf 67' lang='grc'><strong>334</strong></span> <span class='ocrx_word' id='word_1_174' title='bbox 3098 1074 3362 1144; x_wconf 88' lang='lat' dir='ltr'><strong>primum</strong></span> <span class='ocrx_word' id='word_1_175' title='bbox 3413 1089 3484 1129; x_wconf 89' lang='lat' dir='ltr'><strong>ea</strong></span> 
     </span>
    </p>
   </div>
   <div class='ocr_carea' id='block_1_29' title="bbox 1831 1160 3481 1234">
    <p class='ocr_par' dir='ltr' id='par_1_29' title="bbox 1831 1160 3481 1234">
     <span class='ocr_line' id='line_1_29' title="bbox 1831 1160 3481 1234; baseline 0.002 -19"><span class='ocrx_word' id='word_1_176' title='bbox 1831 1160 1991 1216; x_wconf 90' lang='lat' dir='ltr'><strong>edita</strong></span> <span class='ocrx_word' id='word_1_177' title='bbox 2028 1176 2162 1216; x_wconf 87' lang='lat' dir='ltr'><strong>esse</strong></span> <span class='ocrx_word' id='word_1_178' title='bbox 2203 1160 2363 1227; x_wconf 90' lang='lat' dir='ltr'><strong>dicit,</strong></span> <span class='ocrx_word' id='word_1_179' title='bbox 2419 1175 2554 1233; x_wconf 83' lang='lat' dir='ltr'><strong>qua</strong></span> <span class='ocrx_word' id='word_1_180' title='bbox 2603 1161 2987 1231; x_wconf 86' lang='lat' dir='ltr'><strong>genealogias</strong></span> <span class='ocrx_word' id='word_1_181' title='bbox 3028 1167 3481 1234; x_wconf 68' lang='lat' dir='ltr'><strong>persequuntur</strong></span> 
     </span>
    </p>
   </div>
   <div class='ocr_carea' id='block_1_30' title="bbox 1831 1249 3484 1323">
    <p class='ocr_par' dir='ltr' id='par_1_30' title="bbox 1831 1249 3484 1323">
     <span class='ocr_line' id='line_1_30' title="bbox 1831 1249 3484 1323; baseline 0.002 -19"><span class='ocrx_word' id='word_1_182' title='bbox 1831 1250 2008 1306; x_wconf 82' lang='lat' dir='ltr'><strong>Marci</strong></span> <span class='ocrx_word' id='word_1_183' title='bbox 2062 1255 2263 1305; x_wconf 91' lang='lat' dir='ltr'><strong>autem</strong></span> <span class='ocrx_word' id='word_1_184' title='bbox 2315 1249 2706 1320; x_wconf 89' lang='lat' dir='ltr'><strong>Evangelium</strong></span> <span class='ocrx_word' id='word_1_185' title='bbox 2757 1250 3055 1321; x_wconf 88' lang='lat' dir='ltr'><strong>ejusmodi</strong></span> <span class='ocrx_word' id='word_1_186' title='bbox 3095 1251 3484 1323; x_wconf 89' lang='lat' dir='ltr'><strong>dispositione</strong></span> 
     </span>
    </p>
   </div>
   <div class='ocr_carea' id='block_1_31' title="bbox 1833 1339 3480 1411">
    <p class='ocr_par' dir='ltr' id='par_1_31' title="bbox 1833 1339 3480 1411">
     <span class='ocr_line' id='line_1_31' title="bbox 1833 1339 3480 1411; baseline 0.002 -17"><span class='ocrx_word' id='word_1_187' title='bbox 1833 1344 2011 1411; x_wconf 89' lang='lat' dir='ltr'><strong>atque</strong></span> <span class='ocrx_word' id='word_1_188' title='bbox 2024 1341 2343 1395; x_wconf 89' lang='lat' dir='ltr'><strong>occasione</strong></span> <span class='ocrx_word' id='word_1_189' title='bbox 2368 1339 2650 1406; x_wconf 89' lang='lat' dir='ltr'><strong>scriptum</strong></span> <span class='ocrx_word' id='word_1_190' title='bbox 2671 1359 2682 1398; x_wconf 95' lang='lat'>:</span> <span class='ocrx_word' id='word_1_191' title='bbox 2701 1340 2845 1395; x_wconf 92' lang='lat' dir='ltr'><strong>Cum</strong></span> <span class='ocrx_word' id='word_1_192' title='bbox 2871 1342 3070 1395; x_wconf 83' lang='lat' dir='ltr'><strong>Petrus</strong></span> <span class='ocrx_word' id='word_1_193' title='bbox 3092 1340 3480 1410; x_wconf 85' lang='lat' dir='ltr'><strong>Evangelium</strong></span> 
     </span>
    </p>
   </div>
   <div class='ocr_carea' id='block_1_32' title="bbox 1833 1427 3482 1500">
    <p class='ocr_par' dir='ltr' id='par_1_32' title="bbox 1833 1427 3482 1500">
     <span class='ocr_line' id='line_1_32' title="bbox 1833 1427 3482 1500; baseline 0.002 -18"><span class='ocrx_word' id='word_1_194' title='bbox 1833 1429 1966 1484; x_wconf 89' lang='lat' dir='ltr'><strong>viva</strong></span> <span class='ocrx_word' id='word_1_195' title='bbox 1982 1443 2125 1483; x_wconf 91' lang='lat' dir='ltr'><strong>voce</strong></span> <span class='ocrx_word' id='word_1_196' title='bbox 2143 1427 2548 1499; x_wconf 85' lang='lat' dir='ltr'><strong>pradicasset,</strong></span> <span class='ocrx_word' id='word_1_197' title='bbox 2575 1434 2894 1484; x_wconf 87' lang='lat' dir='ltr'><strong>sectatores</strong></span> <span class='ocrx_word' id='word_1_198' title='bbox 2915 1429 3044 1500; x_wconf 91' lang='lat' dir='ltr'><strong>ejus</strong></span> <span class='ocrx_word' id='word_1_199' title='bbox 3062 1435 3118 1485; x_wconf 87' lang='lat' dir='ltr'><strong>et</strong></span> <span class='ocrx_word' id='word_1_200' title='bbox 3135 1429 3482 1495; x_wconf 88' lang='lat' dir='ltr'><strong>familiares,</strong></span> 
     </span>
    </p>
   </div>
   <div class='ocr_carea' id='block_1_33' title="bbox 1832 1516 3478 1589">
    <p class='ocr_par' dir='ltr' id='par_1_33' title="bbox 1832 1516 3478 1589">
     <span class='ocr_line' id='line_1_33' title="bbox 1832 1516 3478 1589; baseline 0.002 -18"><span class='ocrx_word' id='word_1_201' title='bbox 1832 1517 1936 1589; x_wconf 90' lang='lat' dir='ltr'><strong>qui</strong></span> <span class='ocrx_word' id='word_1_202' title='bbox 1967 1517 2165 1588; x_wconf 89' lang='lat' dir='ltr'><strong>plures</strong></span> <span class='ocrx_word' id='word_1_203' title='bbox 2195 1516 2374 1583; x_wconf 82' lang='lat' dir='ltr'><strong>fuere,</strong></span> <span class='ocrx_word' id='word_1_204' title='bbox 2406 1519 2686 1582; x_wconf 81' lang='lat' dir='ltr'><strong>Marcum,</strong></span> <span class='ocrx_word' id='word_1_205' title='bbox 2719 1518 3000 1573; x_wconf 89' lang='lat' dir='ltr'><strong>comitem</strong></span> <span class='ocrx_word' id='word_1_206' title='bbox 3023 1518 3150 1589; x_wconf 88' lang='lat' dir='ltr'><strong>ejus</strong></span> <span class='ocrx_word' id='word_1_207' title='bbox 3179 1519 3478 1583; x_wconf 91' lang='lat' dir='ltr'><strong>sedulum,</strong></span> 
     </span>
    </p>
   </div>
   <div class='ocr_carea' id='block_1_34' title="bbox 1832 1606 3487 1678">
    <p class='ocr_par' dir='ltr' id='par_1_34' title="bbox 1832 1606 3487 1678">
     <span class='ocr_line' id='line_1_34' title="bbox 1832 1606 3487 1678; baseline 0.001 -16"><span class='ocrx_word' id='word_1_208' title='bbox 1832 1606 2249 1678; x_wconf 88' lang='lat' dir='ltr'><strong>dictorumque</strong></span> <span class='ocrx_word' id='word_1_209' title='bbox 2279 1607 2408 1676; x_wconf 91' lang='lat' dir='ltr'><strong>ejus</strong></span> <span class='ocrx_word' id='word_1_210' title='bbox 2440 1609 2560 1663; x_wconf 88' lang='lat' dir='ltr'><strong>vim</strong></span> <span class='ocrx_word' id='word_1_211' title='bbox 2591 1610 2650 1662; x_wconf 91' lang='lat' dir='ltr'><strong>et</strong></span> <span class='ocrx_word' id='word_1_212' title='bbox 2681 1607 2956 1662; x_wconf 89' lang='lat' dir='ltr'><strong>virtutem</strong></span> <span class='ocrx_word' id='word_1_213' title='bbox 2990 1613 3310 1673; x_wconf 90' lang='lat' dir='ltr'><strong>tenentem,</strong></span> <span class='ocrx_word' id='word_1_214' title='bbox 3349 1608 3487 1663; x_wconf 90' lang='lat' dir='ltr'><strong>hor-</strong></span> 
     </span>
    </p>
   </div>
   <div class='ocr_carea' id='block_1_35' title="bbox 1833 1695 3482 1769">
    <p class='ocr_par' dir='ltr' id='par_1_35' title="bbox 1833 1695 3482 1769">
     <span class='ocr_line' id='line_1_35' title="bbox 1833 1695 3482 1769; baseline 0 -17"><span class='ocrx_word' id='word_1_215' title='bbox 1833 1699 1988 1752; x_wconf 89' lang='lat' dir='ltr'><strong>tatos</strong></span> <span class='ocrx_word' id='word_1_216' title='bbox 2011 1711 2164 1761; x_wconf 92' lang='lat' dir='ltr'><strong>esse,</strong></span> <span class='ocrx_word' id='word_1_217' title='bbox 2192 1700 2252 1751; x_wconf 94' lang='lat' dir='ltr'><strong>ut</strong></span> <span class='ocrx_word' id='word_1_218' title='bbox 2278 1695 2596 1752; x_wconf 91' lang='lat' dir='ltr'><strong>conciones</strong></span> <span class='ocrx_word' id='word_1_219' title='bbox 2623 1695 2778 1751; x_wconf 91' lang='lat' dir='ltr'><strong>illius</strong></span> <span class='ocrx_word' id='word_1_220' title='bbox 2803 1697 2860 1752; x_wconf 90' lang='lat' dir='ltr'><strong>in</strong></span> <span class='ocrx_word' id='word_1_221' title='bbox 2882 1697 3168 1769; x_wconf 91' lang='lat' dir='ltr'><strong>scriptum</strong></span> <span class='ocrx_word' id='word_1_222' title='bbox 3197 1697 3440 1753; x_wconf 86' lang='lat' dir='ltr'><strong>referret</strong></span> <span class='ocrx_word' id='word_1_223' title='bbox 3467 1712 3482 1752; x_wconf 88' lang='lat'><strong>:</strong></span> 
     </span>
    </p>
   </div>
   <div class='ocr_carea' id='block_1_36' title="bbox 1835 1784 3485 1857">
    <p class='ocr_par' dir='ltr' id='par_1_36' title="bbox 1835 1784 3485 1857">
     <span class='ocr_line' id='line_1_36' title="bbox 1835 1784 3485 1857; baseline 0.001 -17"><span class='ocrx_word' id='word_1_224' title='bbox 1835 1784 1897 1840; x_wconf 89' lang='lat' dir='ltr'><strong>id</strong></span> <span class='ocrx_word' id='word_1_225' title='bbox 1941 1801 2080 1840; x_wconf 91' lang='lat' dir='ltr'><strong>eum</strong></span> <span class='ocrx_word' id='word_1_226' title='bbox 2117 1786 2198 1840; x_wconf 90' lang='lat' dir='ltr'><strong>ita</strong></span> <span class='ocrx_word' id='word_1_227' title='bbox 2237 1785 2468 1851; x_wconf 82' lang='lat' dir='ltr'><strong>fecisse,</strong></span> <span class='ocrx_word' id='word_1_228' title='bbox 2511 1785 2852 1857; x_wconf 88' lang='lat' dir='ltr'><strong>librumque</strong></span> <span class='ocrx_word' id='word_1_229' title='bbox 2889 1802 3049 1851; x_wconf 90' lang='lat' dir='ltr'><strong>eum,</strong></span> <span class='ocrx_word' id='word_1_230' title='bbox 3081 1786 3196 1841; x_wconf 90' lang='lat' dir='ltr'><strong>illis</strong></span> <span class='ocrx_word' id='word_1_231' title='bbox 3225 1787 3485 1843; x_wconf 90' lang='lat' dir='ltr'><strong>dedisse.</strong></span> 
     </span>
    </p>
   </div>
   <div class='ocr_carea' id='block_1_37' title="bbox 96 1873 3486 1946">
    <p class='ocr_par' dir='ltr' id='par_1_37' title="bbox 96 1873 3486 1946">
     <span class='ocr_line' id='line_1_37' title="bbox 96 1873 3486 1946; baseline 0.001 -18"><span class='ocrx_word' id='word_1_232' title='bbox 96 1874 364 1929; x_wconf 88' lang='lat' dir='ltr'><strong>Petrum</strong></span> <span class='ocrx_word' id='word_1_233' title='bbox 401 1887 581 1946; x_wconf 88' lang='lat' dir='ltr'><strong>porro</strong></span> <span class='ocrx_word' id='word_1_234' title='bbox 603 1888 742 1930; x_wconf 89' lang='lat' dir='ltr'><strong>cum</strong></span> <span class='ocrx_word' id='word_1_235' title='bbox 772 1873 832 1928; x_wconf 90' lang='lat' dir='ltr'><strong>id</strong></span> <span class='ocrx_word' id='word_1_236' title='bbox 853 1873 1208 1945; x_wconf 88' lang='lat' dir='ltr'><strong>rescivisset,</strong></span> <span class='ocrx_word' id='word_1_237' title='bbox 1239 1889 1432 1946; x_wconf 88' lang='lat' dir='ltr'><strong>neque</strong></span> <span class='ocrx_word' id='word_1_238' title='bbox 1459 1873 1806 1945; x_wconf 86' lang='lat' dir='ltr'><strong>impediisse</strong></span> <span class='ocrx_word' id='word_1_239' title='bbox 1835 1879 1898 1930; x_wconf 93' lang='lat' dir='ltr'><strong>ut</strong></span> <span class='ocrx_word' id='word_1_240' title='bbox 1928 1875 1978 1929; x_wconf 89' lang='lat' dir='ltr'><strong>is</strong></span> <span class='ocrx_word' id='word_1_241' title='bbox 2005 1874 2369 1944; x_wconf 83' lang='lat' dir='ltr'><strong>vulgaretur,</strong></span> <span class='ocrx_word' id='word_1_242' title='bbox 2401 1891 2598 1946; x_wconf 90' lang='lat' dir='ltr'><strong>neque</strong></span> <span class='ocrx_word' id='word_1_243' title='bbox 2628 1875 2962 1931; x_wconf 91' lang='lat' dir='ltr'><strong>admodum</strong></span> <span class='ocrx_word' id='word_1_244' title='bbox 2992 1875 3299 1932; x_wconf 89' lang='lat' dir='ltr'><strong>hortatum</strong></span> <span class='ocrx_word' id='word_1_245' title='bbox 3335 1892 3486 1932; x_wconf 92' lang='lat' dir='ltr'><strong>esse.</strong></span> 
     </span>
    </p>
   </div>
   <div class='ocr_carea' id='block_1_38' title="bbox 95 1961 3478 2036">
    <p class='ocr_par' dir='ltr' id='par_1_38' title="bbox 95 1961 3478 2036">
     <span class='ocr_line' id='line_1_38' title="bbox 95 1961 3478 2036; baseline 0.001 -17"><span class='ocrx_word' id='word_1_246' title='bbox 95 1965 410 2019; x_wconf 87' lang='lat' dir='ltr'><strong>Joannem</strong></span> <span class='ocrx_word' id='word_1_247' title='bbox 438 1967 640 2020; x_wconf 88' lang='lat' dir='ltr'><strong>autem</strong></span> <span class='ocrx_word' id='word_1_248' title='bbox 669 1967 1064 2034; x_wconf 86' lang='lat' dir='ltr'><strong>postremum,</strong></span> <span class='ocrx_word' id='word_1_249' title='bbox 1091 1979 1232 2019; x_wconf 91' lang='lat' dir='ltr'><strong>cum</strong></span> <span class='ocrx_word' id='word_1_250' title='bbox 1261 1961 1793 2028; x_wconf 86' lang='lat' dir='ltr'><strong>animadvertisset,</strong></span> <span class='ocrx_word' id='word_1_251' title='bbox 1823 1961 1989 2034; x_wconf 90' lang='lat' dir='ltr'><strong>quod</strong></span> <span class='ocrx_word' id='word_1_252' title='bbox 2019 1962 2097 2018; x_wconf 91' lang='lat' dir='ltr'><strong>ab</strong></span> <span class='ocrx_word' id='word_1_253' title='bbox 2123 1963 2251 2018; x_wconf 90' lang='lat' dir='ltr'><strong>aliis</strong></span> <span class='ocrx_word' id='word_1_254' title='bbox 2282 1963 2646 2034; x_wconf 88' lang='lat' dir='ltr'><strong>quibusdam</strong></span> <span class='ocrx_word' id='word_1_255' title='bbox 2678 1965 2737 2018; x_wconf 91' lang='lat' dir='ltr'><strong>in</strong></span> <span class='ocrx_word' id='word_1_256' title='bbox 2769 1963 3100 2035; x_wconf 89' lang='lat' dir='ltr'><strong>Evangeliis</strong></span> <span class='ocrx_word' id='word_1_257' title='bbox 3141 1964 3478 2036; x_wconf 87' lang='lat' dir='ltr'><strong>corporalia</strong></span> 
     </span>
    </p>
   </div>
   <div class='ocr_carea' id='block_1_39' title="bbox 102 2051 3482 2127">
    <p class='ocr_par' dir='ltr' id='par_1_39' title="bbox 102 2051 3482 2127">
     <span class='ocr_line' id='line_1_39' title="bbox 102 2051 3482 2127; baseline 0.001 -21"><span class='ocrx_word' id='word_1_258' title='bbox 102 2052 270 2106; x_wconf 87' lang='lat' dir='ltr'><strong>satis</strong></span> <span class='ocrx_word' id='word_1_259' title='bbox 306 2055 503 2106; x_wconf 89' lang='lat' dir='ltr'><strong>essent</strong></span> <span class='ocrx_word' id='word_1_260' title='bbox 539 2053 830 2124; x_wconf 82' lang='lat' dir='ltr'><strong>exposita,</strong></span> <span class='ocrx_word' id='word_1_261' title='bbox 872 2051 1079 2107; x_wconf 91' lang='lat' dir='ltr'><strong>divino</strong></span> <span class='ocrx_word' id='word_1_262' title='bbox 1121 2052 1341 2124; x_wconf 90' lang='lat' dir='ltr'><strong>Spiritu</strong></span> <span class='ocrx_word' id='word_1_263' title='bbox 1375 2051 1784 2107; x_wconf 86' lang='lat' dir='ltr'><strong>vehementius</strong></span> <span class='ocrx_word' id='word_1_264' title='bbox 1823 2052 2137 2120; x_wconf 88' lang='lat' dir='ltr'><strong>agitatum,</strong></span> <span class='ocrx_word' id='word_1_265' title='bbox 2184 2057 2247 2106; x_wconf 91' lang='lat' dir='ltr'><strong>ut</strong></span> <span class='ocrx_word' id='word_1_266' title='bbox 2291 2053 2644 2122; x_wconf 88' lang='lat' dir='ltr'><strong>spiritualia,</strong></span> <span class='ocrx_word' id='word_1_267' title='bbox 2683 2059 2738 2108; x_wconf 90' lang='lat' dir='ltr'><strong>et</strong></span> <span class='ocrx_word' id='word_1_268' title='bbox 2774 2069 2911 2124; x_wconf 88' lang='lat' dir='ltr'><strong>qua</strong></span> <span class='ocrx_word' id='word_1_269' title='bbox 2949 2053 3264 2124; x_wconf 87' lang='lat' dir='ltr'><strong>theologia</strong></span> <span class='ocrx_word' id='word_1_270' title='bbox 3301 2059 3482 2127; x_wconf 89' lang='lat' dir='ltr'><strong>atque</strong></span> 
     </span>
    </p>
   </div>
   <div class='ocr_carea' id='block_1_40' title="bbox 96 2139 3308 2213">
    <p class='ocr_par' dir='ltr' id='par_1_40' title="bbox 96 2139 3308 2213">
     <span class='ocr_line' id='line_1_40' title="bbox 96 2139 3308 2213; baseline 0.001 -16"><span class='ocrx_word' id='word_1_271' title='bbox 96 2140 442 2197; x_wconf 87' lang='lat' dir='ltr'><strong>divinitatis</strong></span> <span class='ocrx_word' id='word_1_272' title='bbox 471 2139 717 2212; x_wconf 90' lang='lat' dir='ltr'><strong>propria</strong></span> <span class='ocrx_word' id='word_1_273' title='bbox 749 2145 908 2206; x_wconf 89' lang='lat' dir='ltr'><strong>sunt,</strong></span> <span class='ocrx_word' id='word_1_274' title='bbox 944 2147 1220 2197; x_wconf 81' lang='lat' dir='ltr'><strong>accurate</strong></span> <span class='ocrx_word' id='word_1_275' title='bbox 1251 2140 1562 2212; x_wconf 84' lang='lat' dir='ltr'><strong>proferret,</strong></span> <span class='ocrx_word' id='word_1_276' title='bbox 1598 2156 1777 2196; x_wconf 89' lang='lat' dir='ltr'><strong>suum</strong></span> <span class='ocrx_word' id='word_1_277' title='bbox 1807 2141 2222 2213; x_wconf 87' lang='lat' dir='ltr'><strong>composuisse</strong></span> <span class='ocrx_word' id='word_1_278' title='bbox 2266 2142 2677 2210; x_wconf 88' lang='lat' dir='ltr'><strong>Evangelium.</strong></span> <span class='ocrx_word' id='word_1_279' title='bbox 2714 2145 2846 2198; x_wconf 86' lang='lat' dir='ltr'><strong>Hac</strong></span> <span class='ocrx_word' id='word_1_280' title='bbox 2885 2141 2958 2198; x_wconf 89' lang='lat' dir='ltr'><strong>de</strong></span> <span class='ocrx_word' id='word_1_281' title='bbox 2992 2143 3308 2200; x_wconf 88' lang='lat' dir='ltr'><strong>Clemente.</strong></span> 
     </span>
    </p>
   </div>
   <div class='ocr_carea' id='block_1_41' title="bbox 721 2229 1132 2284">
    <p class='ocr_par' dir='ltr' id='par_1_41' title="bbox 721 2229 1132 2284">
     <span class='ocr_line' id='line_1_41' title="bbox 721 2229 1132 2284; baseline 0.005 -2"><span class='ocrx_word' id='word_1_282' title='bbox 721 2235 969 2284; x_wconf 77' lang='grc' dir='ltr'><strong>ΚΕΦΑΛ.</strong></span> <span class='ocrx_word' id='word_1_283' title='bbox 1010 2229 1132 2284; x_wconf 85' lang='grc' dir='ltr'><strong>ΛΔ’.</strong></span> 
     </span>
    </p>
   </div>
   <div class='ocr_carea' id='block_1_42' title="bbox 190 2319 1658 2392">
    <p class='ocr_par' dir='ltr' id='par_1_42' title="bbox 190 2319 1658 2392">
     <span class='ocr_line' id='line_1_42' title="bbox 190 2319 1658 2392; baseline -0.001 -21"><span class='ocrx_word' id='word_1_284' title='bbox 190 2324 333 2372; x_wconf 85' lang='grc' dir='ltr'><strong>Ἐτι</strong></span> <span class='ocrx_word' id='word_1_285' title='bbox 388 2322 535 2392; x_wconf 64' lang='grc' dir='ltr'><strong>περί</strong></span> <span class='ocrx_word' id='word_1_286' title='bbox 589 2319 1058 2392; x_wconf 88' lang='grc' dir='ltr'><strong>Τερτυλλιανοῦ</strong></span> <span class='ocrx_word' id='word_1_287' title='bbox 1103 2323 1212 2372; x_wconf 80' lang='grc' dir='ltr'><strong>καὶ</strong></span> <span class='ocrx_word' id='word_1_288' title='bbox 1266 2321 1479 2385; x_wconf 77' lang='grc' dir='ltr'><strong>Γαίου,</strong></span> <span class='ocrx_word' id='word_1_289' title='bbox 1541 2327 1658 2371; x_wconf 87' lang='grc' dir='ltr'><strong>τῶν</strong></span> 
     </span>
    </p>
   </div>
   <div class='ocr_carea' id='block_1_43' title="bbox 400 2390 1450 2465">
    <p class='ocr_par' dir='ltr' id='par_1_43' title="bbox 400 2390 1450 2465">
     <span class='ocr_line' id='line_1_43' title="bbox 400 2390 1450 2465; baseline 0.004 -23"><span class='ocrx_word' id='word_1_290' title='bbox 400 2390 971 2448; x_wconf 72' lang='grc' dir='ltr'><strong>ἑκκλησιαστικῶν</strong></span> <span class='ocrx_word' id='word_1_291' title='bbox 1013 2396 1450 2465; x_wconf 75' lang='grc' dir='ltr'><strong>συγγραφέων.</strong></span> 
     </span>
    </p>
   </div>
   <div class='ocr_carea' id='block_1_44' title="bbox 191 2476 1726 2555">
    <p class='ocr_par' dir='ltr' id='par_1_44' title="bbox 191 2476 1726 2555">
     <span class='ocr_line' id='line_1_44' title="bbox 191 2476 1726 2555; baseline -0.002 -22"><span class='ocrx_word' id='word_1_292' title='bbox 191 2486 302 2534; x_wconf 89' lang='grc' dir='ltr'><strong>Τοῦ</strong></span> <span class='ocrx_word' id='word_1_293' title='bbox 343 2476 394 2531; x_wconf 81' lang='grc' dir='ltr'><strong>δ’</strong></span> <span class='ocrx_word' id='word_1_294' title='bbox 434 2479 593 2532; x_wconf 76' lang='grc' dir='ltr'><strong>αὐτοῦ</strong></span> <span class='ocrx_word' id='word_1_295' title='bbox 653 2483 797 2541; x_wconf 77' lang='grc' dir='ltr'><strong>ἔτους</strong></span> <span class='ocrx_word' id='word_1_296' title='bbox 843 2485 934 2532; x_wconf 84' lang='grc' dir='ltr'><strong>καὶ</strong></span> <span class='ocrx_word' id='word_1_297' title='bbox 990 2482 1017 2532; x_wconf 89' lang='grc' dir='ltr'><strong>ό</strong></span> <span class='ocrx_word' id='word_1_298' title='bbox 1070 2479 1380 2555; x_wconf 82' lang='grc' dir='ltr'><strong>προρῥηθεὶς</strong></span> <span class='ocrx_word' id='word_1_299' title='bbox 1424 2479 1726 2553; x_wconf 84' lang='grc' dir='ltr'><strong>Τερτυλλια·</strong></span> 
     </span>
    </p>
   </div>
   <div class='ocr_carea' id='block_1_45' title="bbox 108 2567 1729 2644">
    <p class='ocr_par' dir='ltr' id='par_1_45' title="bbox 108 2567 1729 2644">
     <span class='ocr_line' id='line_1_45' title="bbox 108 2567 1729 2644; baseline -0.003 -21"><span class='ocrx_word' id='word_1_300' title='bbox 108 2574 209 2632; x_wconf 87' lang='grc' dir='ltr'><strong>νὸς</strong></span> <span class='ocrx_word' id='word_1_301' title='bbox 285 2567 633 2644; x_wconf 81' lang='grc' dir='ltr'><strong>πρεσϐύτερος</strong></span> <span class='ocrx_word' id='word_1_302' title='bbox 709 2573 840 2642; x_wconf 75' lang='grc' dir='ltr'><strong>μετὰ</strong></span> <span class='ocrx_word' id='word_1_303' title='bbox 915 2568 1150 2644; x_wconf 85' lang='grc' dir='ltr'><strong>βίκτωρα</strong></span> <span class='ocrx_word' id='word_1_304' title='bbox 1223 2575 1313 2622; x_wconf 86' lang='grc' dir='ltr'><strong>καὶ</strong></span> <span class='ocrx_word' id='word_1_305' title='bbox 1392 2569 1729 2622; x_wconf 84' lang='grc' dir='ltr'><strong>Ἀπολλώνιον</strong></span> 
     </span>
    </p>
   </div>
   <div class='ocr_carea' id='block_1_46' title="bbox 112 2655 1729 2732">
    <p class='ocr_par' dir='ltr' id='par_1_46' title="bbox 112 2655 1729 2732">
     <span class='ocr_line' id='line_1_46' title="bbox 112 2655 1729 2732; baseline -0.003 -20"><span class='ocrx_word' id='word_1_306' title='bbox 112 2667 242 2720; x_wconf 89' lang='grc' dir='ltr'><strong>τοῖς</strong></span> <span class='ocrx_word' id='word_1_307' title='bbox 288 2658 559 2730; x_wconf 78' lang='grc' dir='ltr'><strong>Ῥωμαίοις</strong></span> <span class='ocrx_word' id='word_1_308' title='bbox 614 2657 922 2731; x_wconf 73' lang='grc' dir='ltr'><strong>ψηφίζεται,</strong></span> <span class='ocrx_word' id='word_1_309' title='bbox 974 2658 1029 2710; x_wconf 77' lang='grc' dir='ltr'><strong>ἐκ</strong></span> <span class='ocrx_word' id='word_1_310' title='bbox 1080 2666 1173 2719; x_wconf 81' lang='grc' dir='ltr'><strong>τῆς</strong></span> <span class='ocrx_word' id='word_1_311' title='bbox 1225 2655 1584 2732; x_wconf 79' lang='grc' dir='ltr'><strong>Καρχηδόνων</strong></span> <span class='ocrx_word' id='word_1_312' title='bbox 1637 2661 1729 2729; x_wconf 72' lang='grc' dir='ltr'><strong>μὲν</strong></span> 
     </span>
    </p>
   </div>
   <div class='ocr_carea' id='block_1_47' title="bbox 127 2745 1732 2823">
    <p class='ocr_par' dir='ltr' id='par_1_47' title="bbox 127 2745 1732 2823">
     <span class='ocr_line' id='line_1_47' title="bbox 127 2745 1732 2823; baseline -0.001 -23"><span class='ocrx_word' id='word_1_313' title='bbox 127 2750 428 2820; x_wconf 80' lang='grc' dir='ltr'><strong>ὁρμώμενος</strong></span> <span class='ocrx_word' id='word_1_314' title='bbox 492 2748 767 2820; x_wconf 77' lang='grc' dir='ltr'><strong>Ἀφρικῆς,</strong></span> <span class='ocrx_word' id='word_1_315' title='bbox 835 2751 1034 2823; x_wconf 87' lang='grc' dir='ltr'><strong>πατρὸς</strong></span> <span class='ocrx_word' id='word_1_316' title='bbox 1091 2745 1150 2800; x_wconf 70' lang='grc' dir='ltr'><strong>δὲ</strong></span> <span class='ocrx_word' id='word_1_317' title='bbox 1237 2751 1305 2799; x_wconf 81' lang='grc' dir='ltr'><strong>ὥν</strong></span> <span class='ocrx_word' id='word_1_318' title='bbox 1397 2750 1732 2820; x_wconf 84' lang='grc' dir='ltr'><strong>κεντυρίωνος</strong></span> 
     </span>
    </p>
   </div>
   <div class='ocr_carea' id='block_1_48' title="bbox 135 2833 1730 2912">
    <p class='ocr_par' dir='ltr' id='par_1_48' title="bbox 135 2833 1730 2912">
     <span class='ocr_line' id='line_1_48' title="bbox 135 2833 1730 2912; baseline -0.001 -23"><span class='ocrx_word' id='word_1_319' title='bbox 135 2835 537 2892; x_wconf 82' lang='grc' dir='ltr'><strong>ἆνθυπατιανοῦ.</strong></span> <span class='ocrx_word' id='word_1_320' title='bbox 589 2836 772 2903; x_wconf 85' lang='grc' dir='ltr'><strong>Οὗτος,</strong></span> <span class='ocrx_word' id='word_1_321' title='bbox 805 2833 970 2899; x_wconf 82' lang='grc' dir='ltr'><strong>δεινὸς</strong></span> <span class='ocrx_word' id='word_1_322' title='bbox 1017 2841 1106 2890; x_wconf 81' lang='grc' dir='ltr'><strong>καὶ</strong></span> <span class='ocrx_word' id='word_1_323' title='bbox 1169 2833 1376 2912; x_wconf 76' lang='grc' dir='ltr'><strong>σφόδρα</strong></span> <span class='ocrx_word' id='word_1_324' title='bbox 1422 2856 1483 2908; x_wconf 89' lang='grc' dir='ltr'><strong>γε</strong></span> <span class='ocrx_word' id='word_1_325' title='bbox 1543 2836 1730 2908; x_wconf 72' lang='grc' dir='ltr'><strong>εὐφυὴς</strong></span> 
     </span>
    </p>
   </div>
   <div class='ocr_carea' id='block_1_49' title="bbox 132 2923 1730 3000">
    <p class='ocr_par' dir='ltr' id='par_1_49' title="bbox 132 2923 1730 3000">
     <span class='ocr_line' id='line_1_49' title="bbox 132 2923 1730 3000; baseline -0.002 -22"><span class='ocrx_word' id='word_1_326' title='bbox 132 2930 421 2997; x_wconf 83' lang='grc' dir='ltr'><strong>γενόμενος.</strong></span> <span class='ocrx_word' id='word_1_327' title='bbox 463 2928 548 2979; x_wconf 67' lang='grc' dir='ltr'><strong>ἐπὶ</strong></span> <span class='ocrx_word' id='word_1_328' title='bbox 596 2931 821 3000; x_wconf 84' lang='grc' dir='ltr'><strong>Σευήρου</strong></span> <span class='ocrx_word' id='word_1_329' title='bbox 874 2925 1105 2998; x_wconf 86' lang='grc' dir='ltr'><strong>μάλιστα</strong></span> <span class='ocrx_word' id='word_1_330' title='bbox 1156 2928 1372 2992; x_wconf 79' lang='grc' dir='ltr'><strong>ἤνθησε,</strong></span> <span class='ocrx_word' id='word_1_331' title='bbox 1423 2925 1584 2978; x_wconf 87' lang='grc' dir='ltr'><strong>πολλὰ</strong></span> <span class='ocrx_word' id='word_1_332' title='bbox 1641 2923 1730 2996; x_wconf 84' lang='grc' dir='ltr'><strong>βι-</strong></span> 
     </span>
    </p>
   </div>
   <div class='ocr_carea' id='block_1_50' title="bbox 131 3011 1730 3088">
    <p class='ocr_par' dir='ltr' id='par_1_50' title="bbox 131 3011 1730 3088">
     <span class='ocr_line' id='line_1_50' title="bbox 131 3011 1730 3088; baseline -0.001 -22"><span class='ocrx_word' id='word_1_333' title='bbox 131 3013 286 3066; x_wconf 80' lang='grc' dir='ltr'><strong>ϐλίων</strong></span> <span class='ocrx_word' id='word_1_334' title='bbox 334 3014 592 3076; x_wconf 82' lang='grc' dir='ltr'><strong>συντάξας</strong></span> <span class='ocrx_word' id='word_1_335' title='bbox 634 3017 823 3086; x_wconf 82' lang='grc' dir='ltr'><strong>τεύχη.</strong></span> <span class='ocrx_word' id='word_1_336' title='bbox 884 3020 1010 3088; x_wconf 80' lang='grc' dir='ltr'><strong>Περὶ</strong></span> <span class='ocrx_word' id='word_1_337' title='bbox 1066 3014 1127 3066; x_wconf 84' lang='grc' dir='ltr'><strong>οὗ</strong></span> <span class='ocrx_word' id='word_1_338' title='bbox 1181 3019 1270 3067; x_wconf 82' lang='grc' dir='ltr'><strong>καὶ</strong></span> <span class='ocrx_word' id='word_1_339' title='bbox 1323 3014 1520 3075; x_wconf 89' lang='grc' dir='ltr'><strong>Παῦλος</strong></span> <span class='ocrx_word' id='word_1_340' title='bbox 1559 3015 1585 3065; x_wconf 90' lang='grc' dir='ltr'><strong>ό</strong></span> <span class='ocrx_word' id='word_1_341' title='bbox 1630 3011 1730 3065; x_wconf 79' lang='grc' dir='ltr'><strong>ἀπὸ</strong></span> 
     </span>
    </p>
   </div>
   <div class='ocr_carea' id='block_1_51' title="bbox 126 3099 1731 3176">
    <p class='ocr_par' dir='ltr' id='par_1_51' title="bbox 126 3099 1731 3176">
     <span class='ocr_line' id='line_1_51' title="bbox 126 3099 1731 3176; baseline -0.001 -20"><span class='ocrx_word' id='word_1_342' title='bbox 126 3099 453 3175; x_wconf 80' lang='grc' dir='ltr'><strong>Κονκορδίας</strong></span> <span class='ocrx_word' id='word_1_343' title='bbox 516 3110 608 3163; x_wconf 80' lang='grc' dir='ltr'><strong>τῆς</strong></span> <span class='ocrx_word' id='word_1_344' title='bbox 663 3103 886 3164; x_wconf 88' lang='grc' dir='ltr'><strong>Ἰταλίας</strong></span> <span class='ocrx_word' id='word_1_345' title='bbox 941 3106 1138 3176; x_wconf 86' lang='grc' dir='ltr'><strong>ἱστοριί</strong></span> <span class='ocrx_word' id='word_1_346' title='bbox 1195 3105 1426 3176; x_wconf 70' lang='grc' dir='ltr'><strong>γράφων,</strong></span> <span class='ocrx_word' id='word_1_347' title='bbox 1495 3105 1575 3155; x_wconf 83' lang='grc' dir='ltr'><strong>ὅτι</strong></span> <span class='ocrx_word' id='word_1_348' title='bbox 1639 3109 1731 3154; x_wconf 83' lang='grc' dir='ltr'><strong>τοῦ</strong></span> 
     </span>
    </p>
   </div>
   <div class='ocr_carea' id='block_1_52' title="bbox 126 3190 1730 3267">
    <p class='ocr_par' dir='ltr' id='par_1_52' title="bbox 126 3190 1730 3267">
     <span class='ocr_line' id='line_1_52' title="bbox 126 3190 1730 3267; baseline -0.001 -23"><span class='ocrx_word' id='word_1_349' title='bbox 126 3195 536 3267; x_wconf 85' lang='grc' dir='ltr'><strong>μακαριωτάτου</strong></span> <span class='ocrx_word' id='word_1_350' title='bbox 605 3199 904 3265; x_wconf 76' lang='grc' dir='ltr'><strong>Κυπριανοῦ</strong></span> <span class='ocrx_word' id='word_1_351' title='bbox 967 3196 1204 3265; x_wconf 83' lang='grc' dir='ltr'><strong>νοτάριον</strong></span> <span class='ocrx_word' id='word_1_352' title='bbox 1266 3193 1443 3246; x_wconf 89' lang='grc' dir='ltr'><strong>λοιπόν</strong></span> <span class='ocrx_word' id='word_1_353' title='bbox 1508 3190 1730 3265; x_wconf 78' lang='grc' dir='ltr'><strong>πρεσϐύ-</strong></span> 
     </span>
    </p>
   </div>
   <div class='ocr_carea' id='block_1_53' title="bbox 126 3280 1731 3356">
    <p class='ocr_par' dir='ltr' id='par_1_53' title="bbox 126 3280 1731 3356">
     <span class='ocr_line' id='line_1_53' title="bbox 126 3280 1731 3356; baseline -0.001 -22"><span class='ocrx_word' id='word_1_354' title='bbox 126 3301 247 3346; x_wconf 88' lang='grc' dir='ltr'><strong>την,</strong></span> <span class='ocrx_word' id='word_1_355' title='bbox 281 3280 354 3334; x_wconf 75' lang='grc' dir='ltr'><strong>έτι</strong></span> <span class='ocrx_word' id='word_1_356' title='bbox 411 3286 518 3344; x_wconf 86' lang='grc' dir='ltr'><strong>νέος</strong></span> <span class='ocrx_word' id='word_1_357' title='bbox 561 3285 650 3350; x_wconf 86' lang='grc' dir='ltr'><strong>ὥν,</strong></span> <span class='ocrx_word' id='word_1_358' title='bbox 699 3285 749 3334; x_wconf 68' lang='grc' dir='ltr'><strong>ἓν</strong></span> <span class='ocrx_word' id='word_1_359' title='bbox 803 3289 865 3353; x_wconf 74' lang='grc' dir='ltr'><strong>τῇ</strong></span> <span class='ocrx_word' id='word_1_360' title='bbox 914 3281 1078 3354; x_wconf 77' lang='grc' dir='ltr'><strong>Ῥώμη</strong></span> <span class='ocrx_word' id='word_1_361' title='bbox 1127 3281 1425 3356; x_wconf 74' lang='grc' dir='ltr'><strong>ἑωρακέναι,</strong></span> <span class='ocrx_word' id='word_1_362' title='bbox 1466 3286 1556 3334; x_wconf 80' lang='grc' dir='ltr'><strong>καὶ</strong></span> <span class='ocrx_word' id='word_1_363' title='bbox 1603 3280 1731 3339; x_wconf 78' lang='grc' dir='ltr'><strong>ἀκη-</strong></span> 
     </span>
    </p>
   </div>
   <div class='ocr_carea' id='block_1_54' title="bbox 125 3367 1730 3444">
    <p class='ocr_par' dir='ltr' id='par_1_54' title="bbox 125 3367 1730 3444">
     <span class='ocr_line' id='line_1_54' title="bbox 125 3367 1730 3444; baseline 0 -21"><span class='ocrx_word' id='word_1_364' title='bbox 125 3376 304 3423; x_wconf 83' lang='grc' dir='ltr'><strong>κοέναι</strong></span> <span class='ocrx_word' id='word_1_365' title='bbox 345 3370 467 3443; x_wconf 88' lang='grc' dir='ltr'><strong>παρ’</strong></span> <span class='ocrx_word' id='word_1_366' title='bbox 507 3370 688 3435; x_wconf 76' lang='grc' dir='ltr'><strong>αὐτοῦ,</strong></span> <span class='ocrx_word' id='word_1_367' title='bbox 731 3374 800 3431; x_wconf 87' lang='grc' dir='ltr'><strong>ὡς</strong></span> <span class='ocrx_word' id='word_1_368' title='bbox 841 3368 1090 3443; x_wconf 80' lang='grc' dir='ltr'><strong>οὐδεμίαν</strong></span> <span class='ocrx_word' id='word_1_369' title='bbox 1140 3367 1339 3442; x_wconf 85' lang='grc' dir='ltr'><strong>σχεδόν</strong></span> <span class='ocrx_word' id='word_1_370' title='bbox 1384 3373 1580 3444; x_wconf 82' lang='grc' dir='ltr'><strong>ἡμέραν</strong></span> <span class='ocrx_word' id='word_1_371' title='bbox 1625 3367 1730 3423; x_wconf 86' lang='grc' dir='ltr'><strong>διε-</strong></span> 
     </span>
    </p>
   </div>
   <div class='ocr_carea' id='block_1_55' title="bbox 124 3459 1730 3534">
    <p class='ocr_par' dir='ltr' id='par_1_55' title="bbox 124 3459 1730 3534">
     <span class='ocr_line' id='line_1_55' title="bbox 124 3459 1730 3534; baseline -0.001 -22"><span class='ocrx_word' id='word_1_372' title='bbox 124 3460 303 3513; x_wconf 71' lang='grc' dir='ltr'><strong>τέλεσε</strong></span> <span class='ocrx_word' id='word_1_373' title='bbox 353 3464 649 3533; x_wconf 75' lang='grc' dir='ltr'><strong>Κυπριανὸς</strong></span> <span class='ocrx_word' id='word_1_374' title='bbox 711 3459 1132 3532; x_wconf 81' lang='grc' dir='ltr'><strong>ἀναγνωσμάτων</strong></span> <span class='ocrx_word' id='word_1_375' title='bbox 1197 3459 1570 3534; x_wconf 88' lang='grc' dir='ltr'><strong>Τερτυλλιανοῦ</strong></span> <span class='ocrx_word' id='word_1_376' title='bbox 1619 3480 1730 3532; x_wconf 88' lang='grc' dir='ltr'><strong>χω-</strong></span> 
     </span>
    </p>
   </div>
   <div class='ocr_carea' id='block_1_56' title="bbox 124 3545 1808 3640">
    <p class='ocr_par' dir='ltr' id='par_1_56' title="bbox 124 3545 1808 3640">
     <span class='ocr_line' id='line_1_56' title="bbox 124 3545 1808 3640; baseline -0.001 -39"><span class='ocrx_word' id='word_1_377' title='bbox 124 3554 233 3624; x_wconf 86' lang='grc' dir='ltr'><strong>ρὶς,</strong></span> <span class='ocrx_word' id='word_1_378' title='bbox 288 3557 524 3622; x_wconf 86' lang='grc' dir='ltr'><strong>συνεχῶς</strong></span> <span class='ocrx_word' id='word_1_379' title='bbox 573 3549 810 3621; x_wconf 86' lang='grc' dir='ltr'><strong>λέγοντος</strong></span> <span class='ocrx_word' id='word_1_380' title='bbox 863 3557 955 3602; x_wconf 89' lang='grc' dir='ltr'><strong>τοῦ</strong></span> <span class='ocrx_word' id='word_1_381' title='bbox 1016 3555 1336 3621; x_wconf 76' lang='grc' dir='ltr'><strong>Κυπριανοῦ,</strong></span> <span class='ocrx_word' id='word_1_382' title='bbox 1384 3545 1596 3611; x_wconf 88' lang='grc' dir='ltr'><strong>Ἐπίδος</strong></span> <span class='ocrx_word' id='word_1_383' title='bbox 1639 3552 1727 3600; x_wconf 89' lang='grc' dir='ltr'><strong>τόν</strong></span> <span class='ocrx_word' id='word_1_384' title='bbox 1766 3581 1808 3640; x_wconf 77' lang='lat' dir='ltr'>C</span> 
     </span>
    </p>
   </div>
   <div class='ocr_carea' id='block_1_57' title="bbox 128 3635 1727 3713">
    <p class='ocr_par' dir='ltr' id='par_1_57' title="bbox 128 3635 1727 3713">
     <span class='ocr_line' id='line_1_57' title="bbox 128 3635 1727 3713; baseline -0.001 -22"><span class='ocrx_word' id='word_1_385' title='bbox 128 3635 476 3706; x_wconf 86' lang='grc' dir='ltr'><strong>διδάσκαλον,</strong></span> <span class='ocrx_word' id='word_1_386' title='bbox 537 3639 904 3713; x_wconf 86' lang='grc' dir='ltr'><strong>Τερτυλλιανόν</strong></span> <span class='ocrx_word' id='word_1_387' title='bbox 967 3635 1209 3698; x_wconf 86' lang='grc' dir='ltr'><strong>δηλονότι</strong></span> <span class='ocrx_word' id='word_1_388' title='bbox 1272 3640 1503 3711; x_wconf 85' lang='grc' dir='ltr'><strong>μηνύων.</strong></span> <span class='ocrx_word' id='word_1_389' title='bbox 1562 3637 1727 3700; x_wconf 80' lang='grc' dir='ltr'><strong>Οὗτος</strong></span> 
     </span>
    </p>
   </div>
   <div class='ocr_carea' id='block_1_58' title="bbox 129 3725 1727 3801">
    <p class='ocr_par' dir='ltr' id='par_1_58' title="bbox 129 3725 1727 3801">
     <span class='ocr_line' id='line_1_58' title="bbox 129 3725 1727 3801; baseline -0.001 -21"><span class='ocrx_word' id='word_1_390' title='bbox 129 3728 267 3800; x_wconf 81' lang='grc' dir='ltr'><strong>ἄχρι</strong></span> <span class='ocrx_word' id='word_1_391' title='bbox 317 3731 482 3800; x_wconf 84' lang='grc' dir='ltr'><strong>μέσης</strong></span> <span class='ocrx_word' id='word_1_392' title='bbox 524 3726 752 3796; x_wconf 78' lang='grc' dir='ltr'><strong>ἡλικίας,</strong></span> <span class='ocrx_word' id='word_1_393' title='bbox 791 3725 1136 3801; x_wconf 81' lang='grc' dir='ltr'><strong>πρεσϐύτερος</strong></span> <span class='ocrx_word' id='word_1_394' title='bbox 1189 3734 1282 3789; x_wconf 86' lang='grc' dir='ltr'><strong>τῆς</strong></span> <span class='ocrx_word' id='word_1_395' title='bbox 1341 3726 1562 3779; x_wconf 86' lang='grc' dir='ltr'><strong>καθόλου</strong></span> <span class='ocrx_word' id='word_1_396' title='bbox 1617 3727 1727 3778; x_wconf 84' lang='grc' dir='ltr'><strong>Ἐκ-</strong></span> 
     </span>
    </p>
   </div>
   <div class='ocr_carea' id='block_1_59' title="bbox 125 3813 1732 3890">
    <p class='ocr_par' dir='ltr' id='par_1_59' title="bbox 125 3813 1732 3890">
     <span class='ocr_line' id='line_1_59' title="bbox 125 3813 1732 3890; baseline 0 -22"><span class='ocrx_word' id='word_1_397' title='bbox 125 3817 348 3879; x_wconf 84' lang='grc' dir='ltr'><strong>κλησίας</strong></span> <span class='ocrx_word' id='word_1_398' title='bbox 389 3821 674 3890; x_wconf 86' lang='grc' dir='ltr'><strong>γενόμενος,</strong></span> <span class='ocrx_word' id='word_1_399' title='bbox 723 3821 815 3868; x_wconf 83' lang='grc' dir='ltr'><strong>καὶ</strong></span> <span class='ocrx_word' id='word_1_400' title='bbox 854 3819 989 3870; x_wconf 84' lang='grc' dir='ltr'><strong>κατὰ</strong></span> <span class='ocrx_word' id='word_1_401' title='bbox 1025 3824 1118 3869; x_wconf 90' lang='grc' dir='ltr'><strong>τοῦ</strong></span> <span class='ocrx_word' id='word_1_402' title='bbox 1157 3821 1424 3869; x_wconf 87' lang='grc' dir='ltr'><strong>Μοντανοῦ</strong></span> <span class='ocrx_word' id='word_1_403' title='bbox 1463 3813 1732 3888; x_wconf 85' lang='grc' dir='ltr'><strong>δόγματος</strong></span> 
     </span>
    </p>
   </div>
   <div class='ocr_carea' id='block_1_60' title="bbox 127 3904 1454 3979">
    <p class='ocr_par' dir='ltr' id='par_1_60' title="bbox 127 3904 1454 3979">
     <span class='ocr_line' id='line_1_60' title="bbox 127 3904 1454 3979; baseline -0.001 -21"><span class='ocrx_word' id='word_1_404' title='bbox 127 3905 407 3977; x_wconf 88' lang='grc' dir='ltr'><strong>πάμπολλα</strong></span> <span class='ocrx_word' id='word_1_405' title='bbox 463 3905 917 3978; x_wconf 75' lang='grc' dir='ltr'><strong>συγγραψάμενος,</strong></span> <span class='ocrx_word' id='word_1_406' title='bbox 987 3904 1203 3979; x_wconf 78' lang='grc' dir='ltr'><strong>ὓστερον</strong></span> <span class='ocrx_word' id='word_1_407' title='bbox 1261 3904 1334 3967; x_wconf 85' lang='grc' dir='ltr'><strong>εὶς</strong></span> <span class='ocrx_word' id='word_1_408' title='bbox 1395 3908 1454 3957; x_wconf 91' lang='grc' dir='ltr'><strong>τὸ</strong></span> 
     </span>
    </p>
   </div>
   <div class='ocr_carea' id='block_1_61' title="bbox 127 3990 1727 4067">
    <p class='ocr_par' dir='ltr' id='par_1_61' title="bbox 127 3990 1727 4067">
     <span class='ocr_line' id='line_1_61' title="bbox 127 3990 1727 4067; baseline -0.001 -20"><span class='ocrx_word' id='word_1_409' title='bbox 127 3993 536 4067; x_wconf 79' lang='grc' dir='ltr'><strong>περιολισθήσας</strong></span> <span class='ocrx_word' id='word_1_410' title='bbox 591 3991 788 4066; x_wconf 80' lang='grc' dir='ltr'><strong>δόγμα,</strong></span> <span class='ocrx_word' id='word_1_411' title='bbox 846 3994 1032 4054; x_wconf 80' lang='grc' dir='ltr'><strong>πολλὰς</strong></span> <span class='ocrx_word' id='word_1_412' title='bbox 1112 3991 1324 4067; x_wconf 79' lang='grc' dir='ltr'><strong>βίϐλους</strong></span> <span class='ocrx_word' id='word_1_413' title='bbox 1380 3990 1532 4056; x_wconf 83' lang='grc' dir='ltr'><strong>αὖθις</strong></span> <span class='ocrx_word' id='word_1_414' title='bbox 1600 3995 1727 4067; x_wconf 72' lang='grc' dir='ltr'><strong>ύπὶρ</strong></span> 
     </span>
    </p>
   </div>
   <div class='ocr_carea' id='block_1_62' title="bbox 129 4083 1731 4156">
    <p class='ocr_par' dir='ltr' id='par_1_62' title="bbox 129 4083 1731 4156">
     <span class='ocr_line' id='line_1_62' title="bbox 129 4083 1731 4156; baseline -0.001 -21"><span class='ocrx_word' id='word_1_415' title='bbox 129 4086 318 4135; x_wconf 64' lang='grc' dir='ltr'><strong>ἑκείνου</strong></span> <span class='ocrx_word' id='word_1_416' title='bbox 363 4083 631 4146; x_wconf 82' lang='grc' dir='ltr'><strong>συνέταξεν</strong></span> <span class='ocrx_word' id='word_1_417' title='bbox 661 4097 676 4114; x_wconf 85' lang='grc'>⁶</span> <span class='ocrx_word' id='word_1_418' title='bbox 712 4085 761 4134; x_wconf 74' lang='grc' dir='ltr'><strong>ἓν</strong></span> <span class='ocrx_word' id='word_1_419' title='bbox 801 4084 885 4145; x_wconf 85' lang='grc' dir='ltr'><strong>αἶς</strong></span> <span class='ocrx_word' id='word_1_420' title='bbox 928 4087 1018 4135; x_wconf 81' lang='grc' dir='ltr'><strong>καὶ</strong></span> <span class='ocrx_word' id='word_1_421' title='bbox 1049 4090 1144 4144; x_wconf 78' lang='grc' dir='ltr'><strong>τῆς</strong></span> <span class='ocrx_word' id='word_1_422' title='bbox 1183 4091 1367 4144; x_wconf 87' lang='grc' dir='ltr'><strong>καινῆς</strong></span> <span class='ocrx_word' id='word_1_423' title='bbox 1412 4087 1731 4156; x_wconf 78' lang='grc' dir='ltr'><strong>προφητείας</strong></span> 
     </span>
    </p>
   </div>
   <div class='ocr_carea' id='block_1_63' title="bbox 1535 3904 1728 3958">
    <p class='ocr_par' dir='ltr' id='par_1_63' title="bbox 1535 3904 1728 3958">
     <span class='ocr_line' id='line_1_63' title="bbox 1535 3904 1728 3958; baseline -0.005 -2"><span class='ocrx_word' id='word_1_424' title='bbox 1535 3904 1728 3958; x_wconf 71' lang='grc' dir='ltr'><strong>ἐκείνου</strong></span> 
     </span>
    </p>
   </div>
   <div class='ocr_carea' id='block_1_64' title="bbox 129 4168 1733 4245">
    <p class='ocr_par' dir='ltr' id='par_1_64' title="bbox 129 4168 1733 4245">
     <span class='ocr_line' id='line_1_64' title="bbox 129 4168 1733 4245; baseline -0.001 -21"><span class='ocrx_word' id='word_1_425' title='bbox 129 4177 302 4245; x_wconf 89' lang='grc' dir='ltr'><strong>μνείαν</strong></span> <span class='ocrx_word' id='word_1_426' title='bbox 351 4181 578 4226; x_wconf 85' lang='grc' dir='ltr'><strong>ποιεῖται</strong></span> <span class='ocrx_word' id='word_1_427' title='bbox 609 4189 624 4203; x_wconf 78' lang='grc' dir='ltr'><strong><em>ο</em></strong></span> <span class='ocrx_word' id='word_1_428' title='bbox 685 4168 758 4225; x_wconf 81' lang='grc' dir='ltr'><strong>δι’</strong></span> <span class='ocrx_word' id='word_1_429' title='bbox 803 4172 930 4224; x_wconf 76' lang='grc' dir='ltr'><strong>αὐτό</strong></span> <span class='ocrx_word' id='word_1_430' title='bbox 971 4191 1031 4244; x_wconf 88' lang='grc' dir='ltr'><strong>γε</strong></span> <span class='ocrx_word' id='word_1_431' title='bbox 1083 4176 1186 4244; x_wconf 67' lang='grc' dir='ltr'><strong>μὴν</strong></span> <span class='ocrx_word' id='word_1_432' title='bbox 1215 4179 1369 4224; x_wconf 87' lang='grc' dir='ltr'><strong>τοῦτο</strong></span> <span class='ocrx_word' id='word_1_433' title='bbox 1407 4177 1497 4223; x_wconf 78' lang='grc' dir='ltr'><strong>καὶ</strong></span> <span class='ocrx_word' id='word_1_434' title='bbox 1547 4168 1733 4232; x_wconf 80' lang='grc' dir='ltr'><strong>ὶδικως</strong></span> 
     </span>
    </p>
   </div>
   <div class='ocr_carea' id='block_1_65' title="bbox 133 4258 1727 4333">
    <p class='ocr_par' dir='ltr' id='par_1_65' title="bbox 133 4258 1727 4333">
     <span class='ocr_line' id='line_1_65' title="bbox 133 4258 1727 4333; baseline 0 -18"><span class='ocrx_word' id='word_1_435' title='bbox 133 4266 301 4315; x_wconf 79' lang='grc' dir='ltr'><strong>Κατὰ</strong></span> <span class='ocrx_word' id='word_1_436' title='bbox 346 4269 459 4324; x_wconf 87' lang='grc' dir='ltr'><strong>τῆς</strong></span> <span class='ocrx_word' id='word_1_437' title='bbox 495 4260 772 4314; x_wconf 84' lang='grc' dir='ltr'><strong>καθόλου</strong></span> <span class='ocrx_word' id='word_1_438' title='bbox 823 4261 1207 4322; x_wconf 87' lang='grc' dir='ltr'><strong>Ἐκκλησίας</strong></span> <span class='ocrx_word' id='word_1_439' title='bbox 1233 4258 1410 4333; x_wconf 81' lang='grc' dir='ltr'><strong>βίϐλον</strong></span> <span class='ocrx_word' id='word_1_440' title='bbox 1436 4263 1727 4315; x_wconf 88' lang='grc' dir='ltr'><strong>συντάττει.</strong></span> 
     </span>
    </p>
   </div>
   <div class='ocr_carea' id='block_1_66' title="bbox 133 4347 1730 4424">
    <p class='ocr_par' dir='ltr' id='par_1_66' title="bbox 133 4347 1730 4424">
     <span class='ocr_line' id='line_1_66' title="bbox 133 4347 1730 4424; baseline -0.001 -20"><span class='ocrx_word' id='word_1_441' title='bbox 133 4347 298 4404; x_wconf 65' lang='grc' dir='ltr'><strong>Οὐδὲν</strong></span> <span class='ocrx_word' id='word_1_442' title='bbox 329 4347 388 4404; x_wconf 73' lang='grc' dir='ltr'><strong>δε</strong></span> <span class='ocrx_word' id='word_1_443' title='bbox 423 4351 580 4410; x_wconf 81' lang='grc' dir='ltr'><strong>ἧττον</strong></span> <span class='ocrx_word' id='word_1_444' title='bbox 609 4355 699 4403; x_wconf 85' lang='grc' dir='ltr'><strong>καὶ</strong></span> <span class='ocrx_word' id='word_1_445' title='bbox 738 4355 886 4424; x_wconf 85' lang='grc' dir='ltr'><strong>Πιρὶ</strong></span> <span class='ocrx_word' id='word_1_446' title='bbox 941 4353 1362 4424; x_wconf 76' lang='grc' dir='ltr'><strong>σωφροσύνης</strong></span> <span class='ocrx_word' id='word_1_447' title='bbox 1408 4353 1572 4424; x_wconf 72' lang='grc' dir='ltr'><strong>ἕτερον</strong></span> <span class='ocrx_word' id='word_1_448' title='bbox 1603 4353 1730 4422; x_wconf 90' lang='grc' dir='ltr'><strong>σύγ-</strong></span> 
     </span>
    </p>
   </div>
   <div class='ocr_carea' id='block_1_67' title="bbox 128 4439 1728 4515">
    <p class='ocr_par' dir='ltr' id='par_1_67' title="bbox 128 4439 1728 4515">
     <span class='ocr_line' id='line_1_67' title="bbox 128 4439 1728 4515; baseline -0.001 -23"><span class='ocrx_word' id='word_1_449' title='bbox 128 4459 345 4515; x_wconf 87' lang='grc' dir='ltr'><strong>γραμμα</strong></span> <span class='ocrx_word' id='word_1_450' title='bbox 381 4439 678 4493; x_wconf 88' lang='grc' dir='ltr'><strong>καταλείπει</strong></span> <span class='ocrx_word' id='word_1_451' title='bbox 709 4455 723 4470; x_wconf 88' lang='grc'>⁶</span> <span class='ocrx_word' id='word_1_452' title='bbox 752 4444 841 4492; x_wconf 81' lang='grc' dir='ltr'><strong>καὶ</strong></span> <span class='ocrx_word' id='word_1_453' title='bbox 871 4444 1026 4512; x_wconf 84' lang='grc' dir='ltr'><strong>Περὶ</strong></span> <span class='ocrx_word' id='word_1_454' title='bbox 1065 4443 1475 4512; x_wconf 86' lang='grc' dir='ltr'><strong>μονογαμίας</strong></span> <span class='ocrx_word' id='word_1_455' title='bbox 1514 4442 1682 4511; x_wconf 76' lang='grc' dir='ltr'><strong>ἕτερον</strong></span> <span class='ocrx_word' id='word_1_456' title='bbox 1713 4455 1728 4469; x_wconf 87' lang='grc'>⁶</span> 
     </span>
    </p>
   </div>
   <div class='ocr_carea' id='block_1_68' title="bbox 131 4525 1728 4602">
    <p class='ocr_par' dir='ltr' id='par_1_68' title="bbox 131 4525 1728 4602">
     <span class='ocr_line' id='line_1_68' title="bbox 131 4525 1728 4602; baseline -0.001 -20"><span class='ocrx_word' id='word_1_457' title='bbox 131 4533 205 4582; x_wconf 76' lang='grc' dir='ltr'><strong>ἳτι</strong></span> <span class='ocrx_word' id='word_1_458' title='bbox 227 4527 456 4602; x_wconf 75' lang='grc' dir='ltr'><strong>δὲΠερὶ</strong></span> <span class='ocrx_word' id='word_1_459' title='bbox 482 4525 774 4601; x_wconf 80' lang='grc' dir='ltr'><strong>διωγμοῦ</strong></span> <span class='ocrx_word' id='word_1_460' title='bbox 802 4533 912 4582; x_wconf 84' lang='grc' dir='ltr'><strong>καὶ</strong></span> <span class='ocrx_word' id='word_1_461' title='bbox 942 4533 1250 4590; x_wconf 86' lang='grc' dir='ltr'><strong>νηστείας</strong></span> <span class='ocrx_word' id='word_1_462' title='bbox 1271 4528 1390 4581; x_wconf 82' lang='grc' dir='ltr'><strong>ἀλλο</strong></span> <span class='ocrx_word' id='word_1_463' title='bbox 1411 4531 1728 4601; x_wconf 76' lang='grc' dir='ltr'><strong>συγγράφει⁶</strong></span> 
     </span>
    </p>
   </div>
   <div class='ocr_carea' id='block_1_69' title="bbox 125 4614 1732 4693">
    <p class='ocr_par' dir='ltr' id='par_1_69' title="bbox 125 4614 1732 4693">
     <span class='ocr_line' id='line_1_69' title="bbox 125 4614 1732 4693; baseline -0.001 -22"><span class='ocrx_word' id='word_1_464' title='bbox 125 4622 253 4692; x_wconf 87' lang='grc' dir='ltr'><strong>πρὸς</strong></span> <span class='ocrx_word' id='word_1_465' title='bbox 279 4615 338 4671; x_wconf 71' lang='grc' dir='ltr'><strong>δὲ</strong></span> <span class='ocrx_word' id='word_1_466' title='bbox 365 4623 456 4671; x_wconf 83' lang='grc' dir='ltr'><strong>καὶ</strong></span> <span class='ocrx_word' id='word_1_467' title='bbox 508 4621 660 4693; x_wconf 83' lang='grc' dir='ltr'><strong>Περὶ</strong></span> <span class='ocrx_word' id='word_1_468' title='bbox 714 4620 1080 4678; x_wconf 73' lang='grc' dir='ltr'><strong>ἐκστάσεως</strong></span> <span class='ocrx_word' id='word_1_469' title='bbox 1117 4617 1302 4690; x_wconf 81' lang='grc' dir='ltr'><strong>λόγους</strong></span> <span class='ocrx_word' id='word_1_470' title='bbox 1331 4618 1385 4681; x_wconf 75' lang='grc' dir='ltr'><strong>ἓξ</strong></span> <span class='ocrx_word' id='word_1_471' title='bbox 1417 4634 1430 4649; x_wconf 79' lang='grc'><strong><em>⁸</em></strong></span> <span class='ocrx_word' id='word_1_472' title='bbox 1462 4623 1553 4670; x_wconf 83' lang='grc' dir='ltr'><strong>καὶ</strong></span> <span class='ocrx_word' id='word_1_473' title='bbox 1583 4614 1732 4670; x_wconf 78' lang='grc' dir='ltr'><strong>ἕϐδο-</strong></span> 
     </span>
    </p>
   </div>
   <div class='ocr_carea' id='block_1_70' title="bbox 125 4706 1731 4782">
    <p class='ocr_par' dir='ltr' id='par_1_70' title="bbox 125 4706 1731 4782">
     <span class='ocr_line' id='line_1_70' title="bbox 125 4706 1731 4782; baseline -0.001 -21"><span class='ocrx_word' id='word_1_474' title='bbox 125 4727 220 4780; x_wconf 90' lang='grc' dir='ltr'><strong>μον</strong></span> <span class='ocrx_word' id='word_1_475' title='bbox 261 4709 397 4760; x_wconf 82' lang='grc' dir='ltr'><strong>κατὰ</strong></span> <span class='ocrx_word' id='word_1_476' title='bbox 443 4707 817 4772; x_wconf 81' lang='grc' dir='ltr'><strong>Ἀπολλωνίου,</strong></span> <span class='ocrx_word' id='word_1_477' title='bbox 871 4712 961 4760; x_wconf 85' lang='grc' dir='ltr'><strong>καὶ</strong></span> <span class='ocrx_word' id='word_1_478' title='bbox 1011 4708 1159 4782; x_wconf 80' lang='grc' dir='ltr'><strong>ἔτερα</strong></span> <span class='ocrx_word' id='word_1_479' title='bbox 1204 4706 1444 4779; x_wconf 85' lang='grc' dir='ltr'><strong>πλεῖστα,</strong></span> <span class='ocrx_word' id='word_1_480' title='bbox 1485 4712 1731 4782; x_wconf 86' lang='grc' dir='ltr'><strong>παρατιί.</strong></span> 
     </span>
    </p>
   </div>
   <div class='ocr_carea' id='block_1_71' title="bbox 125 4794 1732 4872">
    <p class='ocr_par' dir='ltr' id='par_1_71' title="bbox 125 4794 1732 4872">
     <span class='ocr_line' id='line_1_71' title="bbox 125 4794 1732 4872; baseline 0 -23"><span class='ocrx_word' id='word_1_481' title='bbox 125 4819 214 4860; x_wconf 91' lang='grc' dir='ltr'><strong>νας</strong></span> <span class='ocrx_word' id='word_1_482' title='bbox 241 4801 299 4851; x_wconf 89' lang='grc' dir='ltr'><strong>τὸ</strong></span> <span class='ocrx_word' id='word_1_483' title='bbox 331 4801 425 4871; x_wconf 74' lang='grc' dir='ltr'><strong>ζῇν</strong></span> <span class='ocrx_word' id='word_1_484' title='bbox 472 4798 608 4872; x_wconf 79' lang='grc' dir='ltr'><strong>ἄχρι</strong></span> <span class='ocrx_word' id='word_1_485' title='bbox 645 4801 817 4870; x_wconf 83' lang='grc' dir='ltr'><strong>γήρως</strong></span> <span class='ocrx_word' id='word_1_486' title='bbox 865 4799 1123 4868; x_wconf 74' lang='grc' dir='ltr'><strong>ἐσχάτου.</strong></span> <span class='ocrx_word' id='word_1_487' title='bbox 1156 4799 1305 4858; x_wconf 77' lang='grc' dir='ltr'><strong>Γάϊος</strong></span> <span class='ocrx_word' id='word_1_488' title='bbox 1354 4794 1413 4850; x_wconf 63' lang='grc' dir='ltr'><strong>δὲ</strong></span> <span class='ocrx_word' id='word_1_489' title='bbox 1451 4801 1540 4848; x_wconf 85' lang='grc' dir='ltr'><strong>καὶ</strong></span> <span class='ocrx_word' id='word_1_490' title='bbox 1575 4797 1732 4857; x_wconf 81' lang='grc' dir='ltr'><strong>αὐτὸς</strong></span> 
     </span>
    </p>
   </div>
   <div class='ocr_carea' id='block_1_72' title="bbox 2415 2230 2908 2288">
    <p class='ocr_par' dir='ltr' id='par_1_72' title="bbox 2415 2230 2908 2288">
     <span class='ocr_line' id='line_1_72' title="bbox 2415 2230 2908 2288; baseline 0 -2"><span class='ocrx_word' id='word_1_491' title='bbox 2415 2230 2643 2287; x_wconf 84' lang='lat' dir='ltr'><strong>CAPUT</strong></span> <span class='ocrx_word' id='word_1_492' title='bbox 2680 2231 2908 2288; x_wconf 86' lang='lat' dir='ltr'><strong>XXXIV.</strong></span> 
     </span>
    </p>
   </div>
   <div class='ocr_carea' id='block_1_73' title="bbox 1837 2319 3488 2446">
    <p class='ocr_par' dir='ltr' id='par_1_73' title="bbox 1837 2319 3488 2446">
     <span class='ocr_line' id='line_1_73' title="bbox 1837 2319 3488 2446; baseline 0.001 -71"><span class='ocrx_word' id='word_1_493' title='bbox 1837 2320 2064 2375; x_wconf 82' lang='lat' dir='ltr'><strong>Rursus</strong></span> <span class='ocrx_word' id='word_1_494' title='bbox 2102 2319 2175 2375; x_wconf 88' lang='lat' dir='ltr'><strong>de</strong></span> <span class='ocrx_word' id='word_1_495' title='bbox 2214 2319 2580 2446; x_wconf 52' lang='lat' dir='ltr'><strong>Tertullianot</strong></span> <span class='ocrx_word' id='word_1_496' title='bbox 2615 2319 2862 2446; x_wconf 26' lang='lat' dir='ltr'><strong>etDbCaio,</strong></span> <span class='ocrx_word' id='word_1_497' title='bbox 2905 2323 3307 2378; x_wconf 76' lang='lat' dir='ltr'><strong>ecclesiasticis</strong></span> <span class='ocrx_word' id='word_1_498' title='bbox 3338 2320 3488 2378; x_wconf 79' lang='lat' dir='ltr'><strong>scri-</strong></span> 
     </span>
     <span class='ocr_line' id='line_1_74' title="bbox 2513 2408 2807 2446; baseline 0 0"><span class='ocrx_word' id='word_1_499' title='bbox 2513 2408 2553 2446; x_wconf 79' lang='grc' dir='ltr'><strong>υ</strong></span> <span class='ocrx_word' id='word_1_500' title='bbox 2585 2408 2674 2446; x_wconf 83' lang='lat' dir='ltr'><strong>orz</strong></span> <span class='ocrx_word' id='word_1_501' title='bbox 2719 2408 2807 2446; x_wconf 88' lang='lat' dir='ltr'><strong>us.</strong></span> 
     </span>
    </p>
   </div>
   <div class='ocr_carea' id='block_1_74' title="bbox 2511 2408 2807 2461">
    <p class='ocr_par' dir='ltr' id='par_1_74' title="bbox 2511 2408 2807 2461">
     <span class='ocr_line' id='line_1_75' title="bbox 2511 2408 2807 2461; baseline 0.003 -15"><span class='ocrx_word' id='word_1_502' title='bbox 2511 2408 2807 2461; x_wconf 73' lang='lat' dir='ltr'><strong>prorzous.</strong></span> 
     </span>
    </p>
   </div>
   <div class='ocr_carea' id='block_1_75' title="bbox 1910 2479 3494 2554">
    <p class='ocr_par' dir='ltr' id='par_1_75' title="bbox 1910 2479 3494 2554">
     <span class='ocr_line' id='line_1_76' title="bbox 1910 2479 3494 2554; baseline 0.003 -20"><span class='ocrx_word' id='word_1_503' title='bbox 1910 2479 2132 2534; x_wconf 90' lang='lat' dir='ltr'><strong>Eadem</strong></span> <span class='ocrx_word' id='word_1_504' title='bbox 2174 2484 2522 2550; x_wconf 89' lang='lat' dir='ltr'><strong>tempestate</strong></span> <span class='ocrx_word' id='word_1_505' title='bbox 2557 2486 2610 2535; x_wconf 92' lang='lat' dir='ltr'><strong>et</strong></span> <span class='ocrx_word' id='word_1_506' title='bbox 2647 2480 3056 2550; x_wconf 88' lang='lat' dir='ltr'><strong>Tertullianus,</strong></span> <span class='ocrx_word' id='word_1_507' title='bbox 3089 2498 3272 2554; x_wconf 89' lang='lat' dir='ltr'><strong>quem</strong></span> <span class='ocrx_word' id='word_1_508' title='bbox 3311 2489 3494 2539; x_wconf 87' lang='lat' dir='ltr'><strong>antea</strong></span> 
     </span>
    </p>
   </div>
   <div class='ocr_carea' id='block_1_76' title="bbox 1837 2567 3488 2642">
    <p class='ocr_par' dir='ltr' id='par_1_76' title="bbox 1837 2567 3488 2642">
     <span class='ocr_line' id='line_1_77' title="bbox 1837 2567 3488 2642; baseline 0.004 -20"><span class='ocrx_word' id='word_1_509' title='bbox 1837 2567 2121 2633; x_wconf 88' lang='lat' dir='ltr'><strong>diximus,</strong></span> <span class='ocrx_word' id='word_1_510' title='bbox 2168 2569 2480 2640; x_wconf 87' lang='lat' dir='ltr'><strong>presbyter</strong></span> <span class='ocrx_word' id='word_1_511' title='bbox 2527 2577 2660 2640; x_wconf 90' lang='lat' dir='ltr'><strong>post</strong></span> <span class='ocrx_word' id='word_1_512' title='bbox 2697 2570 2994 2626; x_wconf 88' lang='lat' dir='ltr'><strong>Victorem</strong></span> <span class='ocrx_word' id='word_1_513' title='bbox 3024 2576 3079 2626; x_wconf 91' lang='lat' dir='ltr'><strong>et</strong></span> <span class='ocrx_word' id='word_1_514' title='bbox 3108 2571 3488 2642; x_wconf 85' lang='lat' dir='ltr'><strong>Apollonium</strong></span> 
     </span>
    </p>
   </div>
   <div class='ocr_carea' id='block_1_77' title="bbox 1838 2657 3487 2729">
    <p class='ocr_par' dir='ltr' id='par_1_77' title="bbox 1838 2657 3487 2729">
     <span class='ocr_line' id='line_1_78' title="bbox 1838 2657 3487 2729; baseline 0.002 -18"><span class='ocrx_word' id='word_1_515' title='bbox 1838 2657 2122 2712; x_wconf 81' lang='lat' dir='ltr'><strong>Romanis</strong></span> <span class='ocrx_word' id='word_1_516' title='bbox 2156 2662 2507 2712; x_wconf 89' lang='lat' dir='ltr'><strong>accensetur</strong></span> <span class='ocrx_word' id='word_1_517' title='bbox 2539 2673 2552 2712; x_wconf 91' lang='lat'><strong>:</strong></span> <span class='ocrx_word' id='word_1_518' title='bbox 2595 2658 2950 2728; x_wconf 89' lang='lat' dir='ltr'><strong>Carthagine</strong></span> <span class='ocrx_word' id='word_1_519' title='bbox 2992 2659 3050 2714; x_wconf 89' lang='lat' dir='ltr'><strong>in</strong></span> <span class='ocrx_word' id='word_1_520' title='bbox 3079 2658 3274 2715; x_wconf 84' lang='lat' dir='ltr'><strong>Africa</strong></span> <span class='ocrx_word' id='word_1_521' title='bbox 3303 2666 3487 2729; x_wconf 90' lang='lat' dir='ltr'><strong>ortus,</strong></span> 
     </span>
    </p>
   </div>
   <div class='ocr_carea' id='block_1_78' title="bbox 1838 2747 3490 2820">
    <p class='ocr_par' dir='ltr' id='par_1_78' title="bbox 1838 2747 3490 2820">
     <span class='ocr_line' id='line_1_79' title="bbox 1838 2747 3490 2820; baseline 0.003 -20"><span class='ocrx_word' id='word_1_522' title='bbox 1838 2750 2006 2816; x_wconf 88' lang='lat' dir='ltr'><strong>patre</strong></span> <span class='ocrx_word' id='word_1_523' title='bbox 2037 2747 2381 2801; x_wconf 89' lang='lat' dir='ltr'><strong>centurione</strong></span> <span class='ocrx_word' id='word_1_524' title='bbox 2413 2747 2846 2803; x_wconf 90' lang='lat' dir='ltr'><strong>Proconsulari.</strong></span> <span class='ocrx_word' id='word_1_525' title='bbox 2899 2749 3017 2813; x_wconf 83' lang='lat' dir='ltr'><strong>Hic,</strong></span> <span class='ocrx_word' id='word_1_526' title='bbox 3063 2765 3199 2804; x_wconf 91' lang='lat' dir='ltr'><strong>acer</strong></span> <span class='ocrx_word' id='word_1_527' title='bbox 3245 2755 3302 2804; x_wconf 89' lang='lat' dir='ltr'><strong>et</strong></span> <span class='ocrx_word' id='word_1_528' title='bbox 3326 2752 3490 2820; x_wconf 86' lang='lat' dir='ltr'><strong>inge-</strong></span> 
     </span>
    </p>
   </div>
   <div class='ocr_carea' id='block_1_79' title="bbox 1838 2834 3494 2903">
    <p class='ocr_par' dir='ltr' id='par_1_79' title="bbox 1838 2834 3494 2903">
     <span class='ocr_line' id='line_1_80' title="bbox 1838 2834 3494 2903; baseline 0.004 -15"><span class='ocrx_word' id='word_1_529' title='bbox 1838 2834 2045 2889; x_wconf 90' lang='lat' dir='ltr'><strong>niosus</strong></span> <span class='ocrx_word' id='word_1_530' title='bbox 2085 2834 2443 2900; x_wconf 87' lang='lat' dir='ltr'><strong>admodum,</strong></span> <span class='ocrx_word' id='word_1_531' title='bbox 2483 2836 2596 2891; x_wconf 90' lang='lat' dir='ltr'><strong>sub</strong></span> <span class='ocrx_word' id='word_1_532' title='bbox 2635 2837 2852 2893; x_wconf 90' lang='lat' dir='ltr'><strong>Severo</strong></span> <span class='ocrx_word' id='word_1_533' title='bbox 2883 2837 3142 2893; x_wconf 81' lang='lat' dir='ltr'><strong>maxime</strong></span> <span class='ocrx_word' id='word_1_534' title='bbox 3171 2836 3393 2903; x_wconf 88' lang='lat' dir='ltr'><strong>ﬂoruit,</strong></span> <span class='ocrx_word' id='word_1_535' title='bbox 3436 2845 3494 2895; x_wconf 90' lang='lat' dir='ltr'><strong>et</strong></span> 
     </span>
    </p>
   </div>
   <div class='ocr_carea' id='block_1_80' title="bbox 1839 2923 3492 2998">
    <p class='ocr_par' dir='ltr' id='par_1_80' title="bbox 1839 2923 3492 2998">
     <span class='ocr_line' id='line_1_81' title="bbox 1839 2923 3492 2998; baseline 0.004 -20"><span class='ocrx_word' id='word_1_536' title='bbox 1839 2923 2060 2978; x_wconf 90' lang='lat' dir='ltr'><strong>mnltos</strong></span> <span class='ocrx_word' id='word_1_537' title='bbox 2113 2923 2379 2979; x_wconf 89' lang='lat' dir='ltr'><strong>condidit</strong></span> <span class='ocrx_word' id='word_1_538' title='bbox 2411 2923 2614 2979; x_wconf 87' lang='lat' dir='ltr'><strong>libros.</strong></span> <span class='ocrx_word' id='word_1_539' title='bbox 2653 2925 2733 2981; x_wconf 91' lang='lat' dir='ltr'><strong>De</strong></span> <span class='ocrx_word' id='word_1_540' title='bbox 2770 2942 2890 2998; x_wconf 92' lang='lat' dir='ltr'><strong>quo</strong></span> <span class='ocrx_word' id='word_1_541' title='bbox 2937 2932 2994 2982; x_wconf 91' lang='lat' dir='ltr'><strong>et</strong></span> <span class='ocrx_word' id='word_1_542' title='bbox 3033 2927 3250 2983; x_wconf 89' lang='lat' dir='ltr'><strong>Paulus</strong></span> <span class='ocrx_word' id='word_1_543' title='bbox 3276 2932 3492 2986; x_wconf 90' lang='lat' dir='ltr'><strong>aCou-</strong></span> 
     </span>
    </p>
   </div>
   <div class='ocr_carea' id='block_1_81' title="bbox 1839 3012 3494 3080">
    <p class='ocr_par' dir='ltr' id='par_1_81' title="bbox 1839 3012 3494 3080">
     <span class='ocr_line' id='line_1_82' title="bbox 1839 3012 3494 3080; baseline 0.003 -13"><span class='ocrx_word' id='word_1_544' title='bbox 1839 3012 2065 3077; x_wconf 90' lang='lat' dir='ltr'><strong>cordia,</strong></span> <span class='ocrx_word' id='word_1_545' title='bbox 2134 3013 2334 3078; x_wconf 90' lang='lat' dir='ltr'><strong>Italus,</strong></span> <span class='ocrx_word' id='word_1_546' title='bbox 2399 3014 2700 3069; x_wconf 91' lang='lat' dir='ltr'><strong>memoria</strong></span> <span class='ocrx_word' id='word_1_547' title='bbox 2758 3015 3088 3080; x_wconf 88' lang='lat' dir='ltr'><strong>mandavit,</strong></span> <span class='ocrx_word' id='word_1_548' title='bbox 3150 3015 3369 3071; x_wconf 88' lang='lat' dir='ltr'><strong>vidisse</strong></span> <span class='ocrx_word' id='word_1_549' title='bbox 3429 3033 3494 3073; x_wconf 90' lang='lat' dir='ltr'><strong>se</strong></span> 
     </span>
    </p>
   </div>
   <div class='ocr_carea' id='block_1_82' title="bbox 1839 3101 3494 3178">
    <p class='ocr_par' dir='ltr' id='par_1_82' title="bbox 1839 3101 3494 3178">
     <span class='ocr_line' id='line_1_83' title="bbox 1839 3101 3494 3178; baseline 0.003 -21"><span class='ocrx_word' id='word_1_550' title='bbox 1839 3101 2171 3157; x_wconf 90' lang='lat' dir='ltr'><strong>etiamnum</strong></span> <span class='ocrx_word' id='word_1_551' title='bbox 2219 3102 2524 3172; x_wconf 88' lang='lat' dir='ltr'><strong>juvenem,</strong></span> <span class='ocrx_word' id='word_1_552' title='bbox 2581 3105 2781 3158; x_wconf 83' lang='lat' dir='ltr'><strong>Roma</strong></span> <span class='ocrx_word' id='word_1_553' title='bbox 2829 3103 3159 3160; x_wconf 88' lang='lat' dir='ltr'><strong>beatissimi</strong></span> <span class='ocrx_word' id='word_1_554' title='bbox 3206 3104 3494 3178; x_wconf 82' lang='lat' dir='ltr'><strong>Cypriani</strong></span> 
     </span>
    </p>
   </div>
   <div class='ocr_carea' id='block_1_83' title="bbox 1839 3190 3493 3266">
    <p class='ocr_par' dir='ltr' id='par_1_83' title="bbox 1839 3190 3493 3266">
     <span class='ocr_line' id='line_1_84' title="bbox 1839 3190 3493 3266; baseline 0.004 -20"><span class='ocrx_word' id='word_1_555' title='bbox 1839 3190 2140 3246; x_wconf 88' lang='lat' dir='ltr'><strong>notarium</strong></span> <span class='ocrx_word' id='word_1_556' title='bbox 2168 3190 2571 3262; x_wconf 90' lang='lat' dir='ltr'><strong>superstitem,</strong></span> <span class='ocrx_word' id='word_1_557' title='bbox 2597 3191 2724 3262; x_wconf 90' lang='lat' dir='ltr'><strong>jam</strong></span> <span class='ocrx_word' id='word_1_558' title='bbox 2753 3193 3182 3261; x_wconf 87' lang='lat' dir='ltr'><strong>grandavum:</strong></span> <span class='ocrx_word' id='word_1_559' title='bbox 3210 3199 3392 3266; x_wconf 87' lang='lat' dir='ltr'><strong>atque</strong></span> <span class='ocrx_word' id='word_1_560' title='bbox 3420 3212 3493 3252; x_wconf 85' lang='lat' dir='ltr'><strong>ex</strong></span> 
     </span>
    </p>
   </div>
   <div class='ocr_carea' id='block_1_84' title="bbox 1838 3278 3490 3355">
    <p class='ocr_par' dir='ltr' id='par_1_84' title="bbox 1838 3278 3490 3355">
     <span class='ocr_line' id='line_1_85' title="bbox 1838 3278 3490 3355; baseline 0.003 -20"><span class='ocrx_word' id='word_1_561' title='bbox 1838 3294 1910 3335; x_wconf 93' lang='lat' dir='ltr'><strong>eo</strong></span> <span class='ocrx_word' id='word_1_562' title='bbox 1949 3278 2269 3345; x_wconf 89' lang='lat' dir='ltr'><strong>audivisse,</strong></span> <span class='ocrx_word' id='word_1_563' title='bbox 2320 3279 2550 3336; x_wconf 90' lang='lat' dir='ltr'><strong>nullam</strong></span> <span class='ocrx_word' id='word_1_564' title='bbox 2581 3280 2700 3336; x_wconf 83' lang='lat' dir='ltr'><strong>fere</strong></span> <span class='ocrx_word' id='word_1_565' title='bbox 2726 3281 2885 3337; x_wconf 91' lang='lat' dir='ltr'><strong>diem</strong></span> <span class='ocrx_word' id='word_1_566' title='bbox 2919 3284 3213 3353; x_wconf 89' lang='lat' dir='ltr'><strong>praterire</strong></span> <span class='ocrx_word' id='word_1_567' title='bbox 3240 3299 3490 3355; x_wconf 90' lang='lat' dir='ltr'><strong>passum</strong></span> 
     </span>
    </p>
   </div>
   <div class='ocr_carea' id='block_1_85' title="bbox 1839 3366 3491 3440">
    <p class='ocr_par' dir='ltr' id='par_1_85' title="bbox 1839 3366 3491 3440">
     <span class='ocr_line' id='line_1_86' title="bbox 1839 3366 3491 3440; baseline 0.001 -14"><span class='ocrx_word' id='word_1_568' title='bbox 1839 3384 1971 3426; x_wconf 79' lang='lat' dir='ltr'><strong>esse</strong></span> <span class='ocrx_word' id='word_1_569' title='bbox 2011 3366 2378 3440; x_wconf 85' lang='lat' dir='ltr'><strong>Cyprianum</strong></span> <span class='ocrx_word' id='word_1_570' title='bbox 2413 3369 2540 3425; x_wconf 88' lang='lat' dir='ltr'><strong>sine</strong></span> <span class='ocrx_word' id='word_1_571' title='bbox 2577 3370 2915 3426; x_wconf 88' lang='lat' dir='ltr'><strong>Tertulliani</strong></span> <span class='ocrx_word' id='word_1_572' title='bbox 2958 3371 3226 3436; x_wconf 89' lang='lat' dir='ltr'><strong>lectione,</strong></span> <span class='ocrx_word' id='word_1_573' title='bbox 3274 3373 3491 3429; x_wconf 90' lang='lat' dir='ltr'><strong>identi-</strong></span> 
     </span>
    </p>
   </div>
   <div class='ocr_carea' id='block_1_86' title="bbox 1837 3457 3488 3532">
    <p class='ocr_par' dir='ltr' id='par_1_86' title="bbox 1837 3457 3488 3532">
     <span class='ocr_line' id='line_1_87' title="bbox 1837 3457 3488 3532; baseline 0.003 -21"><span class='ocrx_word' id='word_1_574' title='bbox 1837 3458 1975 3512; x_wconf 88' lang='lat' dir='ltr'><strong>dem</strong></span> <span class='ocrx_word' id='word_1_575' title='bbox 2022 3457 2205 3512; x_wconf 86' lang='lat' dir='ltr'><strong>verba</strong></span> <span class='ocrx_word' id='word_1_576' title='bbox 2256 3458 2368 3513; x_wconf 90' lang='lat' dir='ltr'><strong>ista</strong></span> <span class='ocrx_word' id='word_1_577' title='bbox 2433 3464 2848 3529; x_wconf 89' lang='lat' dir='ltr'><strong>usurpantem,</strong></span> <span class='ocrx_word' id='word_1_578' title='bbox 2902 3459 3062 3516; x_wconf 90' lang='lat' dir='ltr'><strong>Cedo</strong></span> <span class='ocrx_word' id='word_1_579' title='bbox 3111 3464 3488 3532; x_wconf 87' lang='lat' dir='ltr'><strong>magistrum,</strong></span> 
     </span>
    </p>
   </div>
   <div class='ocr_carea' id='block_1_87' title="bbox 1837 3545 3490 3618">
    <p class='ocr_par' dir='ltr' id='par_1_87' title="bbox 1837 3545 3490 3618">
     <span class='ocr_line' id='line_1_88' title="bbox 1837 3545 3490 3618; baseline 0.004 -18"><span class='ocrx_word' id='word_1_580' title='bbox 1837 3545 2263 3602; x_wconf 89' lang='lat' dir='ltr'><strong>Tertullianum</strong></span> <span class='ocrx_word' id='word_1_581' title='bbox 2302 3547 2575 3603; x_wconf 90' lang='lat' dir='ltr'><strong>videlicet</strong></span> <span class='ocrx_word' id='word_1_582' title='bbox 2612 3547 3008 3618; x_wconf 86' lang='lat' dir='ltr'><strong>designando.</strong></span> <span class='ocrx_word' id='word_1_583' title='bbox 3049 3551 3101 3605; x_wconf 92' lang='lat' dir='ltr'><strong>Is</strong></span> <span class='ocrx_word' id='word_1_584' title='bbox 3132 3551 3232 3606; x_wconf 91' lang='lat' dir='ltr'><strong>lad</strong></span> <span class='ocrx_word' id='word_1_585' title='bbox 3273 3556 3490 3607; x_wconf 84' lang='lat' dir='ltr'><strong>statam</strong></span> 
     </span>
    </p>
   </div>
   <div class='ocr_carea' id='block_1_88' title="bbox 1838 3635 3491 3711">
    <p class='ocr_par' dir='ltr' id='par_1_88' title="bbox 1838 3635 3491 3711">
     <span class='ocr_line' id='line_1_89' title="bbox 1838 3635 3491 3711; baseline 0.001 -19"><span class='ocrx_word' id='word_1_586' title='bbox 1838 3635 2222 3706; x_wconf 87' lang='lat' dir='ltr'><strong>mediamque</strong></span> <span class='ocrx_word' id='word_1_587' title='bbox 2236 3640 2492 3700; x_wconf 87' lang='lat' dir='ltr'><strong>atatem,</strong></span> <span class='ocrx_word' id='word_1_588' title='bbox 2508 3637 2567 3690; x_wconf 92' lang='lat' dir='ltr'><strong>in</strong></span> <span class='ocrx_word' id='word_1_589' title='bbox 2584 3637 2843 3693; x_wconf 82' lang='lat' dir='ltr'><strong>Ecclesia</strong></span> <span class='ocrx_word' id='word_1_590' title='bbox 2856 3638 3146 3694; x_wconf 90' lang='lat' dir='ltr'><strong>catholica</strong></span> <span class='ocrx_word' id='word_1_591' title='bbox 3159 3639 3491 3711; x_wconf 84' lang='lat' dir='ltr'><strong>presbyter,</strong></span> 
     </span>
    </p>
   </div>
   <div class='ocr_carea' id='block_1_89' title="bbox 1837 3723 3494 3799">
    <p class='ocr_par' dir='ltr' id='par_1_89' title="bbox 1837 3723 3494 3799">
     <span class='ocr_line' id='line_1_90' title="bbox 1837 3723 3494 3799; baseline 0.005 -21"><span class='ocrx_word' id='word_1_592' title='bbox 1837 3724 2012 3796; x_wconf 87' lang='lat' dir='ltr'><strong>plura</strong></span> <span class='ocrx_word' id='word_1_593' title='bbox 2033 3723 2318 3779; x_wconf 89' lang='lat' dir='ltr'><strong>adversus</strong></span> <span class='ocrx_word' id='word_1_594' title='bbox 2340 3725 2598 3780; x_wconf 79' lang='lat' dir='ltr'><strong>Montani</strong></span> <span class='ocrx_word' id='word_1_595' title='bbox 2622 3724 2847 3795; x_wconf 90' lang='lat' dir='ltr'><strong>dogma</strong></span> <span class='ocrx_word' id='word_1_596' title='bbox 2877 3727 3251 3799; x_wconf 90' lang='lat' dir='ltr'><strong>conscripsit.</strong></span> <span class='ocrx_word' id='word_1_597' title='bbox 3284 3729 3494 3786; x_wconf 86' lang='lat' dir='ltr'><strong>Postea</strong></span> 
     </span>
    </p>
   </div>
   <div class='ocr_carea' id='block_1_90' title="bbox 1837 3813 3489 3888">
    <p class='ocr_par' dir='ltr' id='par_1_90' title="bbox 1837 3813 3489 3888">
     <span class='ocr_line' id='line_1_91' title="bbox 1837 3813 3489 3888; baseline 0.003 -20"><span class='ocrx_word' id='word_1_598' title='bbox 1837 3828 1980 3868; x_wconf 91' lang='lat' dir='ltr'><strong>vero</strong></span> <span class='ocrx_word' id='word_1_599' title='bbox 2027 3815 2088 3868; x_wconf 89' lang='lat' dir='ltr'><strong>in</strong></span> <span class='ocrx_word' id='word_1_600' title='bbox 2141 3813 2299 3868; x_wconf 87' lang='lat' dir='ltr'><strong>illius</strong></span> <span class='ocrx_word' id='word_1_601' title='bbox 2348 3813 2636 3884; x_wconf 89' lang='lat' dir='ltr'><strong>delapsus</strong></span> <span class='ocrx_word' id='word_1_602' title='bbox 2683 3831 2942 3871; x_wconf 88' lang='lat' dir='ltr'><strong>errorem</strong></span> <span class='ocrx_word' id='word_1_603' title='bbox 3003 3817 3200 3888; x_wconf 91' lang='lat' dir='ltr'><strong>plures</strong></span> <span class='ocrx_word' id='word_1_604' title='bbox 3245 3833 3489 3874; x_wconf 89' lang='lat' dir='ltr'><strong>rursum</strong></span> 
     </span>
    </p>
   </div>
   <div class='ocr_carea' id='block_1_91' title="bbox 1838 3901 3490 3976">
    <p class='ocr_par' dir='ltr' id='par_1_91' title="bbox 1838 3901 3490 3976">
     <span class='ocr_line' id='line_1_92' title="bbox 1838 3901 3490 3976; baseline 0.003 -19"><span class='ocrx_word' id='word_1_605' title='bbox 1838 3901 2028 3958; x_wconf 89' lang='lat' dir='ltr'><strong>libros</strong></span> <span class='ocrx_word' id='word_1_606' title='bbox 2067 3917 2178 3973; x_wconf 90' lang='lat' dir='ltr'><strong>pro</strong></span> <span class='ocrx_word' id='word_1_607' title='bbox 2217 3901 2317 3958; x_wconf 93' lang='lat' dir='ltr'><strong>illo</strong></span> <span class='ocrx_word' id='word_1_608' title='bbox 2357 3904 2715 3973; x_wconf 88' lang='lat' dir='ltr'><strong>composuit.</strong></span> <span class='ocrx_word' id='word_1_609' title='bbox 2750 3904 2813 3958; x_wconf 89' lang='lat' dir='ltr'><strong>In</strong></span> <span class='ocrx_word' id='word_1_610' title='bbox 2853 3905 3077 3976; x_wconf 87' lang='lat' dir='ltr'><strong>quibus</strong></span> <span class='ocrx_word' id='word_1_611' title='bbox 3108 3921 3280 3962; x_wconf 88' lang='lat' dir='ltr'><strong>nova</strong></span> <span class='ocrx_word' id='word_1_612' title='bbox 3311 3909 3490 3963; x_wconf 91' lang='lat' dir='ltr'><strong>etiam</strong></span> 
     </span>
    </p>
   </div>
   <div class='ocr_carea' id='block_1_92' title="bbox 1838 3990 3496 4064">
    <p class='ocr_par' dir='ltr' id='par_1_92' title="bbox 1838 3990 3496 4064">
     <span class='ocr_line' id='line_1_93' title="bbox 1838 3990 3496 4064; baseline 0.004 -20"><span class='ocrx_word' id='word_1_613' title='bbox 1838 3990 2168 4062; x_wconf 86' lang='lat' dir='ltr'><strong>prophetia</strong></span> <span class='ocrx_word' id='word_1_614' title='bbox 2201 3991 2562 4046; x_wconf 91' lang='lat' dir='ltr'><strong>mentionem</strong></span> <span class='ocrx_word' id='word_1_615' title='bbox 2592 3992 2750 4060; x_wconf 88' lang='lat' dir='ltr'><strong>facit,</strong></span> <span class='ocrx_word' id='word_1_616' title='bbox 2781 4008 3037 4064; x_wconf 89' lang='lat' dir='ltr'><strong>eamque</strong></span> <span class='ocrx_word' id='word_1_617' title='bbox 3057 3993 3136 4049; x_wconf 93' lang='lat' dir='ltr'><strong>ob</strong></span> <span class='ocrx_word' id='word_1_618' title='bbox 3160 4010 3405 4050; x_wconf 86' lang='lat' dir='ltr'><strong>causam</strong></span> <span class='ocrx_word' id='word_1_619' title='bbox 3436 4000 3496 4052; x_wconf 92' lang='lat' dir='ltr'><strong>et</strong></span> 
     </span>
    </p>
   </div>
   <div class='ocr_carea' id='block_1_93' title="bbox 1840 4079 3492 4152">
    <p class='ocr_par' dir='ltr' id='par_1_93' title="bbox 1840 4079 3492 4152">
     <span class='ocr_line' id='line_1_94' title="bbox 1840 4079 3492 4152; baseline 0.004 -18"><span class='ocrx_word' id='word_1_620' title='bbox 1840 4079 2200 4152; x_wconf 89' lang='lat' dir='ltr'><strong>peculiarem</strong></span> <span class='ocrx_word' id='word_1_621' title='bbox 2244 4079 2465 4135; x_wconf 83' lang='lat' dir='ltr'><strong>Contra</strong></span> <span class='ocrx_word' id='word_1_622' title='bbox 2503 4080 2830 4137; x_wconf 81' lang='lat' dir='ltr'><strong>Ecclesiam</strong></span> <span class='ocrx_word' id='word_1_623' title='bbox 2867 4082 3225 4139; x_wconf 82' lang='lat' dir='ltr'><strong>catholicam</strong></span> <span class='ocrx_word' id='word_1_624' title='bbox 3270 4084 3492 4141; x_wconf 85' lang='lat' dir='ltr'><strong>librum</strong></span> 
     </span>
    </p>
   </div>
   <div class='ocr_carea' id='block_1_94' title="bbox 1839 4167 3492 4242">
    <p class='ocr_par' dir='ltr' id='par_1_94' title="bbox 1839 4167 3492 4242">
     <span class='ocr_line' id='line_1_95' title="bbox 1839 4167 3492 4242; baseline 0.004 -19"><span class='ocrx_word' id='word_1_625' title='bbox 1839 4168 2043 4223; x_wconf 89' lang='lat' dir='ltr'><strong>edidit.</strong></span> <span class='ocrx_word' id='word_1_626' title='bbox 2077 4167 2330 4240; x_wconf 88' lang='lat' dir='ltr'><strong>Scripsit</strong></span> <span class='ocrx_word' id='word_1_627' title='bbox 2353 4168 2539 4224; x_wconf 90' lang='lat' dir='ltr'><strong>alium</strong></span> <span class='ocrx_word' id='word_1_628' title='bbox 2559 4185 2802 4241; x_wconf 91' lang='lat' dir='ltr'><strong>quoque</strong></span> <span class='ocrx_word' id='word_1_629' title='bbox 2831 4172 2912 4226; x_wconf 90' lang='lat' dir='ltr'><strong>De</strong></span> <span class='ocrx_word' id='word_1_630' title='bbox 2926 4172 3222 4241; x_wconf 77' lang='lat' dir='ltr'><strong>pudicitia</strong></span> <span class='ocrx_word' id='word_1_631' title='bbox 3259 4172 3492 4242; x_wconf 82' lang='lat' dir='ltr'><strong>,-alium</strong></span> 
     </span>
    </p>
   </div>
   <div class='ocr_carea' id='block_1_95' title="bbox 1839 4257 3492 4332">
    <p class='ocr_par' dir='ltr' id='par_1_95' title="bbox 1839 4257 3492 4332">
     <span class='ocr_line' id='line_1_96' title="bbox 1839 4257 3492 4332; baseline 0.004 -21"><span class='ocrx_word' id='word_1_632' title='bbox 1839 4258 1927 4314; x_wconf 88' lang='lat' dir='ltr'><strong>De</strong></span> <span class='ocrx_word' id='word_1_633' title='bbox 1952 4258 2346 4327; x_wconf 84' lang='lat' dir='ltr'><strong>monogamia.</strong></span> <span class='ocrx_word' id='word_1_634' title='bbox 2381 4257 2528 4313; x_wconf 91' lang='lat' dir='ltr'><strong>Item</strong></span> <span class='ocrx_word' id='word_1_635' title='bbox 2567 4259 2653 4313; x_wconf 91' lang='lat' dir='ltr'><strong>De</strong></span> <span class='ocrx_word' id='word_1_636' title='bbox 2690 4259 3090 4327; x_wconf 75' lang='lat' dir='ltr'><strong>persecutione</strong></span> <span class='ocrx_word' id='word_1_637' title='bbox 3117 4282 3141 4332; x_wconf 89' lang='lat'><em>;</em></span> <span class='ocrx_word' id='word_1_638' title='bbox 3169 4261 3354 4317; x_wconf 92' lang='lat' dir='ltr'><strong>alium</strong></span> <span class='ocrx_word' id='word_1_639' title='bbox 3410 4264 3492 4318; x_wconf 89' lang='lat' dir='ltr'><strong>De</strong></span> 
     </span>
    </p>
   </div>
   <div class='ocr_carea' id='block_1_96' title="bbox 1829 4346 3491 4417">
    <p class='ocr_par' dir='ltr' id='par_1_96' title="bbox 1829 4346 3491 4417">
     <span class='ocr_line' id='line_1_97' title="bbox 1829 4346 3491 4417; baseline 0.004 -15"><span class='ocrx_word' id='word_1_640' title='bbox 1829 4346 2064 4417; x_wconf 80' lang='lat' dir='ltr'><strong>jejunio</strong></span> <span class='ocrx_word' id='word_1_641' title='bbox 2106 4368 2126 4415; x_wconf 81' lang='lat'><strong>,-</strong></span> <span class='ocrx_word' id='word_1_642' title='bbox 2159 4356 2446 4417; x_wconf 84' lang='lat' dir='ltr'><strong>praterea</strong></span> <span class='ocrx_word' id='word_1_643' title='bbox 2484 4348 2568 4403; x_wconf 91' lang='lat' dir='ltr'><strong>De</strong></span> <span class='ocrx_word' id='word_1_644' title='bbox 2605 4350 2828 4404; x_wconf 70' lang='lat' dir='ltr'><strong>exstasi</strong></span> <span class='ocrx_word' id='word_1_645' title='bbox 2867 4364 2973 4404; x_wconf 92' lang='lat' dir='ltr'><strong>seu</strong></span> <span class='ocrx_word' id='word_1_646' title='bbox 3014 4351 3491 4409; x_wconf 81' lang='lat' dir='ltr'><strong>consternatione</strong></span> 
     </span>
    </p>
   </div>
   <div class='ocr_carea' id='block_1_97' title="bbox 1839 4435 3490 4510">
    <p class='ocr_par' dir='ltr' id='par_1_97' title="bbox 1839 4435 3490 4510">
     <span class='ocr_line' id='line_1_98' title="bbox 1839 4435 3490 4510; baseline 0.002 -18"><span class='ocrx_word' id='word_1_647' title='bbox 1839 4435 2026 4492; x_wconf 89' lang='lat' dir='ltr'><strong>libros</strong></span> <span class='ocrx_word' id='word_1_648' title='bbox 2047 4450 2186 4491; x_wconf 83' lang='lat' dir='ltr'><strong>sex:</strong></span> <span class='ocrx_word' id='word_1_649' title='bbox 2219 4435 2395 4508; x_wconf 81' lang='lat'><strong>335</strong></span> <span class='ocrx_word' id='word_1_650' title='bbox 2421 4437 2745 4509; x_wconf 89' lang='lat' dir='ltr'><strong>septimum</strong></span> <span class='ocrx_word' id='word_1_651' title='bbox 2771 4437 3062 4493; x_wconf 88' lang='lat' dir='ltr'><strong>adversus</strong></span> <span class='ocrx_word' id='word_1_652' title='bbox 3084 4439 3490 4510; x_wconf 86' lang='lat' dir='ltr'><strong>Apollonium,</strong></span> 
     </span>
    </p>
   </div>
   <div class='ocr_carea' id='block_1_98' title="bbox 1841 4525 3486 4599">
    <p class='ocr_par' dir='ltr' id='par_1_98' title="bbox 1841 4525 3486 4599">
     <span class='ocr_line' id='line_1_99' title="bbox 1841 4525 3486 4599; baseline 0.002 -18"><span class='ocrx_word' id='word_1_653' title='bbox 1841 4531 1898 4581; x_wconf 87' lang='lat' dir='ltr'><strong>et</strong></span> <span class='ocrx_word' id='word_1_654' title='bbox 1923 4525 2122 4596; x_wconf 90' lang='lat' dir='ltr'><strong>plures</strong></span> <span class='ocrx_word' id='word_1_655' title='bbox 2148 4525 2317 4580; x_wconf 90' lang='lat' dir='ltr'><strong>alios.</strong></span> <span class='ocrx_word' id='word_1_656' title='bbox 2347 4525 2497 4580; x_wconf 84' lang='lat' dir='ltr'><strong>Vixit</strong></span> <span class='ocrx_word' id='word_1_657' title='bbox 2521 4533 2722 4582; x_wconf 90' lang='lat' dir='ltr'><strong>autem</strong></span> <span class='ocrx_word' id='word_1_658' title='bbox 2755 4526 2832 4582; x_wconf 90' lang='lat' dir='ltr'><strong>ad</strong></span> <span class='ocrx_word' id='word_1_659' title='bbox 2855 4531 3093 4583; x_wconf 86' lang='lat' dir='ltr'><strong>atatem</strong></span> <span class='ocrx_word' id='word_1_660' title='bbox 3123 4529 3486 4599; x_wconf 89' lang='lat' dir='ltr'><strong>decrepitam</strong></span> 
     </span>
    </p>
   </div>
   <div class='ocr_carea' id='block_1_99' title="bbox 1841 4613 3489 4689">
    <p class='ocr_par' dir='ltr' id='par_1_99' title="bbox 1841 4613 3489 4689">
     <span class='ocr_line' id='line_1_100' title="bbox 1841 4613 3489 4689; baseline 0.002 -20"><span class='ocrx_word' id='word_1_661' title='bbox 1841 4613 2062 4669; x_wconf 89' lang='lat' dir='ltr'><strong>Floruit</strong></span> <span class='ocrx_word' id='word_1_662' title='bbox 2107 4628 2351 4686; x_wconf 90' lang='lat' dir='ltr'><strong>quoque</strong></span> <span class='ocrx_word' id='word_1_663' title='bbox 2403 4614 2518 4669; x_wconf 88' lang='lat' dir='ltr'><strong>sub</strong></span> <span class='ocrx_word' id='word_1_664' title='bbox 2572 4615 2904 4686; x_wconf 85' lang='lat' dir='ltr'><strong>Zephyrino</strong></span> <span class='ocrx_word' id='word_1_665' title='bbox 2953 4616 3154 4671; x_wconf 84' lang='lat' dir='ltr'><strong>Roma</strong></span> <span class='ocrx_word' id='word_1_666' title='bbox 3203 4617 3489 4689; x_wconf 89' lang='lat' dir='ltr'><strong>episcopo</strong></span> 
     </span>
    </p>
   </div>
   <div class='ocr_carea' id='block_1_100' title="bbox 1842 4702 3494 4777">
    <p class='ocr_par' dir='ltr' id='par_1_100' title="bbox 1842 4702 3494 4777">
     <span class='ocr_line' id='line_1_101' title="bbox 1842 4702 3494 4777; baseline 0.003 -19"><span class='ocrx_word' id='word_1_667' title='bbox 1842 4702 2040 4768; x_wconf 91' lang='lat' dir='ltr'><strong>Calus,</strong></span> <span class='ocrx_word' id='word_1_668' title='bbox 2067 4702 2363 4757; x_wconf 88' lang='lat' dir='ltr'><strong>Antonino</strong></span> <span class='ocrx_word' id='word_1_669' title='bbox 2389 4702 2586 4758; x_wconf 90' lang='lat' dir='ltr'><strong>Severi</strong></span> <span class='ocrx_word' id='word_1_670' title='bbox 2613 4702 2736 4759; x_wconf 85' lang='lat' dir='ltr'><strong>filio</strong></span> <span class='ocrx_word' id='word_1_671' title='bbox 2759 4703 3109 4777; x_wconf 90' lang='lat' dir='ltr'><strong>imperante.</strong></span> <span class='ocrx_word' id='word_1_672' title='bbox 3133 4706 3186 4759; x_wconf 90' lang='lat' dir='ltr'><strong>Is</strong></span> <span class='ocrx_word' id='word_1_673' title='bbox 3203 4706 3494 4762; x_wconf 84' lang='lat' dir='ltr'><strong>adversus</strong></span> 
     </span>
    </p>
   </div>
   <div class='ocr_carea' id='block_1_101' title="bbox 1842 4789 3498 4863">
    <p class='ocr_par' dir='ltr' id='par_1_101' title="bbox 1842 4789 3498 4863">
     <span class='ocr_line' id='line_1_102' title="bbox 1842 4789 3498 4863; baseline 0.004 -18"><span class='ocrx_word' id='word_1_674' title='bbox 1842 4789 2132 4857; x_wconf 87' lang='lat' dir='ltr'><strong>Proclum,</strong></span> <span class='ocrx_word' id='word_1_675' title='bbox 2170 4792 2430 4847; x_wconf 88' lang='lat' dir='ltr'><strong>Montani</strong></span> <span class='ocrx_word' id='word_1_676' title='bbox 2471 4791 2833 4863; x_wconf 87' lang='lat' dir='ltr'><strong>studiosum,</strong></span> <span class='ocrx_word' id='word_1_677' title='bbox 2879 4794 3357 4850; x_wconf 87' lang='lat' dir='ltr'><strong>dissertationem</strong></span> <span class='ocrx_word' id='word_1_678' title='bbox 3397 4810 3498 4850; x_wconf 90' lang='lat' dir='ltr'><strong>co-</strong></span> 
     </span>
    </p>
   </div>
   <div class='ocr_carea' id='block_1_102' title="bbox 125 4881 1726 4986">
    <p class='ocr_par' dir='ltr' id='par_1_102' title="bbox 125 4885 1726 4962">
     <span class='ocr_line' id='line_1_103' title="bbox 125 4885 1726 4962; baseline -0.004 -21"><span class='ocrx_word' id='word_1_679' title='bbox 125 4887 206 4941; x_wconf 74' lang='grc' dir='ltr'><strong>ὶπὶ</strong></span> <span class='ocrx_word' id='word_1_680' title='bbox 286 4891 567 4962; x_wconf 75' lang='grc' dir='ltr'><strong>Ζεφυρίνου</strong></span> <span class='ocrx_word' id='word_1_681' title='bbox 647 4894 740 4941; x_wconf 90' lang='grc' dir='ltr'><strong>τοῦ</strong></span> <span class='ocrx_word' id='word_1_682' title='bbox 825 4885 1026 4958; x_wconf 84' lang='grc' dir='ltr'><strong>Ῥώμης</strong></span> <span class='ocrx_word' id='word_1_683' title='bbox 1099 4886 1389 4939; x_wconf 80' lang='grc' dir='ltr'><strong>έπισκόπου</strong></span> <span class='ocrx_word' id='word_1_684' title='bbox 1474 4886 1726 4958; x_wconf 80' lang='grc' dir='ltr'><strong>ἢκμαζεν.</strong></span> 
     </span>
    </p>
   </div>
   <div class='ocr_carea' id='block_1_103' title="bbox 1837 4881 3491 4986">
    <p class='ocr_par' dir='ltr' id='par_1_103' title="bbox 1842 4881 3491 4953">
     <span class='ocr_line' id='line_1_104' title="bbox 1842 4881 3491 4953; baseline 0.002 -17"><span class='ocrx_word' id='word_1_685' title='bbox 1842 4881 2956 4953; x_wconf 87' lang='lat' dir='ltr'><strong>piosissimamcomposuit,temeraria</strong></span> <span class='ocrx_word' id='word_1_686' title='bbox 2969 4883 3236 4939; x_wconf 89' lang='lat' dir='ltr'><strong>audacia</strong></span> <span class='ocrx_word' id='word_1_687' title='bbox 3250 4890 3491 4940; x_wconf 85' lang='lat' dir='ltr'><strong>etnova</strong></span> 
     </span>
    </p>
   </div>
   <div class='ocr_carea' id='block_1_104' title="bbox 124 4971 1732 5050">
    <p class='ocr_par' dir='ltr' id='par_1_104' title="bbox 124 4971 1732 5050">
     <span class='ocr_line' id='line_1_105' title="bbox 124 4971 1732 5050; baseline -0.001 -21"><span class='ocrx_word' id='word_1_688' title='bbox 124 4981 239 5029; x_wconf 80' lang='grc' dir='ltr'><strong>Ἐπὶ</strong></span> <span class='ocrx_word' id='word_1_689' title='bbox 289 4972 635 5029; x_wconf 79' lang='grc' dir='ltr'><strong>δἈνωτνίνου</strong></span> <span class='ocrx_word' id='word_1_690' title='bbox 687 4976 806 5028; x_wconf 84' lang='grc' dir='ltr'><strong>υἱοῦ</strong></span> <span class='ocrx_word' id='word_1_691' title='bbox 855 4980 1080 5050; x_wconf 82' lang='grc' dir='ltr'><strong>Σευήρου</strong></span> <span class='ocrx_word' id='word_1_692' title='bbox 1135 4971 1364 5038; x_wconf 82' lang='grc' dir='ltr'><strong>διάλεξιν</strong></span> <span class='ocrx_word' id='word_1_693' title='bbox 1417 4977 1552 5027; x_wconf 87' lang='grc' dir='ltr'><strong>κατὰ</strong></span> <span class='ocrx_word' id='word_1_694' title='bbox 1598 4978 1732 5049; x_wconf 82' lang='grc' dir='ltr'><strong>Πρό-</strong></span> 
     </span>
    </p>
   </div>
   <div class='ocr_carea' id='block_1_105' title="bbox 122 5061 1731 5136">
    <p class='ocr_par' dir='ltr' id='par_1_105' title="bbox 122 5061 1731 5136">
     <span class='ocr_line' id='line_1_106' title="bbox 122 5061 1731 5136; baseline -0.002 -18"><span class='ocrx_word' id='word_1_695' title='bbox 122 5065 244 5118; x_wconf 87' lang='grc' dir='ltr'><strong>κλου</strong></span> <span class='ocrx_word' id='word_1_696' title='bbox 305 5061 650 5118; x_wconf 84' lang='grc' dir='ltr'><strong>σπουδαστοῦ</strong></span> <span class='ocrx_word' id='word_1_697' title='bbox 705 5071 974 5118; x_wconf 83' lang='grc' dir='ltr'><strong>Μοντανοῦ</strong></span> <span class='ocrx_word' id='word_1_698' title='bbox 1035 5061 1243 5136; x_wconf 77' lang='grc' dir='ltr'><strong>σφόδρα</strong></span> <span class='ocrx_word' id='word_1_699' title='bbox 1293 5068 1548 5136; x_wconf 87' lang='grc' dir='ltr'><strong>μεγίστην</strong></span> <span class='ocrx_word' id='word_1_700' title='bbox 1610 5083 1731 5116; x_wconf 89' lang='grc' dir='ltr'><strong>συν-</strong></span> 
     </span>
    </p>
   </div>
   <div class='ocr_carea' id='block_1_106' title="bbox 121 5154 1726 5228">
    <p class='ocr_par' dir='ltr' id='par_1_106' title="bbox 121 5154 1726 5228">
     <span class='ocr_line' id='line_1_107' title="bbox 121 5154 1726 5228; baseline -0.002 -20"><span class='ocrx_word' id='word_1_701' title='bbox 121 5155 309 5220; x_wconf 82' lang='grc' dir='ltr'><strong>έταξεν,</strong></span> <span class='ocrx_word' id='word_1_702' title='bbox 366 5154 587 5207; x_wconf 80' lang='grc' dir='ltr'><strong>εὐθύνων</strong></span> <span class='ocrx_word' id='word_1_703' title='bbox 642 5154 798 5206; x_wconf 75' lang='grc' dir='ltr'><strong>αὐτόν</strong></span> <span class='ocrx_word' id='word_1_704' title='bbox 845 5157 1154 5228; x_wconf 87' lang='grc' dir='ltr'><strong>προπετείας</strong></span> <span class='ocrx_word' id='word_1_705' title='bbox 1210 5159 1304 5219; x_wconf 79' lang='grc' dir='ltr'><strong>τῆς</strong></span> <span class='ocrx_word' id='word_1_706' title='bbox 1361 5160 1545 5215; x_wconf 81' lang='grc' dir='ltr'><strong>καινῆς</strong></span> <span class='ocrx_word' id='word_1_707' title='bbox 1600 5172 1726 5227; x_wconf 74' lang='grc' dir='ltr'><strong>προ·</strong></span> 
     </span>
    </p>
   </div>
   <div class='ocr_carea' id='block_1_107' title="bbox 124 5239 1728 5317">
    <p class='ocr_par' dir='ltr' id='par_1_107' title="bbox 124 5239 1728 5317">
     <span class='ocr_line' id='line_1_108' title="bbox 124 5239 1728 5317; baseline -0.001 -21"><span class='ocrx_word' id='word_1_708' title='bbox 124 5248 329 5317; x_wconf 75' lang='grc' dir='ltr'><strong>φητείας</strong></span> <span class='ocrx_word' id='word_1_709' title='bbox 375 5245 533 5297; x_wconf 76' lang='grc' dir='ltr'><strong>ἕνεκεν</strong></span> <span class='ocrx_word' id='word_1_710' title='bbox 561 5260 574 5274; x_wconf 90' lang='grc'><strong>·</strong></span> <span class='ocrx_word' id='word_1_711' title='bbox 626 5247 676 5295; x_wconf 72' lang='grc' dir='ltr'><strong>ἓν</strong></span> <span class='ocrx_word' id='word_1_712' title='bbox 729 5264 768 5315; x_wconf 82' lang='grc' dir='ltr'><em>ῳ</em></span> <span class='ocrx_word' id='word_1_713' title='bbox 821 5245 1002 5315; x_wconf 85' lang='grc' dir='ltr'><strong>τεύχει</strong></span> <span class='ocrx_word' id='word_1_714' title='bbox 1040 5248 1130 5295; x_wconf 83' lang='grc' dir='ltr'><strong>καὶ</strong></span> <span class='ocrx_word' id='word_1_715' title='bbox 1178 5239 1527 5315; x_wconf 81' lang='grc' dir='ltr'><strong>τρισκαίδεκᾶ</strong></span> <span class='ocrx_word' id='word_1_716' title='bbox 1571 5247 1728 5314; x_wconf 87' lang='grc' dir='ltr'><strong>μόνας</strong></span> 
     </span>
    </p>
   </div>
   <div class='ocr_carea' id='block_1_108' title="bbox 121 5331 1725 5405">
    <p class='ocr_par' dir='ltr' id='par_1_108' title="bbox 121 5331 1725 5405">
     <span class='ocr_line' id='line_1_109' title="bbox 121 5331 1725 5405; baseline -0.001 -19"><span class='ocrx_word' id='word_1_717' title='bbox 121 5340 214 5386; x_wconf 87' lang='grc' dir='ltr'><strong>τοῦ</strong></span> <span class='ocrx_word' id='word_1_718' title='bbox 252 5335 388 5386; x_wconf 78' lang='grc' dir='ltr'><strong>θείου</strong></span> <span class='ocrx_word' id='word_1_719' title='bbox 448 5331 654 5386; x_wconf 85' lang='grc' dir='ltr'><strong>Παύλου</strong></span> <span class='ocrx_word' id='word_1_720' title='bbox 713 5331 1020 5393; x_wconf 73' lang='grc' dir='ltr'><strong>Ἐπιστολάς</strong></span> <span class='ocrx_word' id='word_1_721' title='bbox 1077 5331 1396 5405; x_wconf 81' lang='grc' dir='ltr'><strong>ἀριθμεῖται.</strong></span> <span class='ocrx_word' id='word_1_722' title='bbox 1453 5335 1558 5390; x_wconf 81' lang='grc' dir='ltr'><strong>Τὴν</strong></span> <span class='ocrx_word' id='word_1_723' title='bbox 1622 5333 1725 5403; x_wconf 83' lang='grc' dir='ltr'><strong>γὰρ</strong></span> 
     </span>
    </p>
   </div>
   <div class='ocr_carea' id='block_1_109' title="bbox 121 5417 1724 5498">
    <p class='ocr_par' dir='ltr' id='par_1_109' title="bbox 121 5417 1724 5498">
     <span class='ocr_line' id='line_1_110' title="bbox 121 5417 1724 5498; baseline -0.003 -22"><span class='ocrx_word' id='word_1_724' title='bbox 121 5426 250 5498; x_wconf 88' lang='grc' dir='ltr'><strong>πρὸς</strong></span> <span class='ocrx_word' id='word_1_725' title='bbox 295 5421 562 5498; x_wconf 79' lang='grc' dir='ltr'><strong>Ἐϐραίους</strong></span> <span class='ocrx_word' id='word_1_726' title='bbox 612 5418 1196 5498; x_wconf 84' lang='grc' dir='ltr'><strong>τεσσαρεσκαιδεκάτην</strong></span> <span class='ocrx_word' id='word_1_727' title='bbox 1253 5417 1412 5474; x_wconf 76' lang='grc' dir='ltr'><strong>οὖσαν</strong></span> <span class='ocrx_word' id='word_1_728' title='bbox 1473 5425 1546 5493; x_wconf 83' lang='grc' dir='ltr'><strong>μὴ</strong></span> <span class='ocrx_word' id='word_1_729' title='bbox 1600 5440 1724 5492; x_wconf 88' lang='grc' dir='ltr'><strong>γνη-</strong></span> 
     </span>
    </p>
   </div>
   <div class='ocr_carea' id='block_1_110' title="bbox 125 5506 1726 5588">
    <p class='ocr_par' dir='ltr' id='par_1_110' title="bbox 125 5506 1726 5588">
     <span class='ocr_line' id='line_1_111' title="bbox 125 5506 1726 5588; baseline -0.001 -22"><span class='ocrx_word' id='word_1_730' title='bbox 125 5518 241 5566; x_wconf 86' lang='grc' dir='ltr'><strong>σίαν</strong></span> <span class='ocrx_word' id='word_1_731' title='bbox 292 5508 419 5566; x_wconf 84' lang='grc' dir='ltr'><strong>εἶναι</strong></span> <span class='ocrx_word' id='word_1_732' title='bbox 470 5512 633 5566; x_wconf 80' lang='grc' dir='ltr'><strong>αὐτοῦ</strong></span> <span class='ocrx_word' id='word_1_733' title='bbox 675 5520 928 5588; x_wconf 85' lang='grc' dir='ltr'><strong>μαρτυρεί</strong></span> <span class='ocrx_word' id='word_1_734' title='bbox 957 5529 974 5544; x_wconf 86' lang='grc'>·</span> <span class='ocrx_word' id='word_1_735' title='bbox 1016 5512 1343 5586; x_wconf 86' lang='grc' dir='ltr'><strong>προστίθησι</strong></span> <span class='ocrx_word' id='word_1_736' title='bbox 1389 5506 1440 5562; x_wconf 85' lang='grc' dir='ltr'><strong>δ’</strong></span> <span class='ocrx_word' id='word_1_737' title='bbox 1488 5511 1568 5563; x_wconf 88' lang='grc' dir='ltr'><strong>ὃτι</strong></span> <span class='ocrx_word' id='word_1_738' title='bbox 1633 5515 1726 5564; x_wconf 83' lang='grc' dir='ltr'><strong>καὶ</strong></span> 
     </span>
    </p>
   </div>
   <div class='ocr_carea' id='block_1_111' title="bbox 120 5598 1721 5676">
    <p class='ocr_par' dir='ltr' id='par_1_111' title="bbox 120 5598 1721 5676">
     <span class='ocr_line' id='line_1_112' title="bbox 120 5598 1721 5676; baseline -0.001 -18"><span class='ocrx_word' id='word_1_739' title='bbox 120 5603 260 5675; x_wconf 81' lang='grc' dir='ltr'><strong>παρὰ</strong></span> <span class='ocrx_word' id='word_1_740' title='bbox 305 5609 412 5664; x_wconf 81' lang='grc' dir='ltr'><strong>τοῖς</strong></span> <span class='ocrx_word' id='word_1_741' title='bbox 464 5601 732 5676; x_wconf 81' lang='grc' dir='ltr'><strong>Ῥωμαίοις</strong></span> <span class='ocrx_word' id='word_1_742' title='bbox 778 5602 910 5676; x_wconf 79' lang='grc' dir='ltr'><strong>ἄχρι</strong></span> <span class='ocrx_word' id='word_1_743' title='bbox 952 5607 1044 5655; x_wconf 84' lang='grc' dir='ltr'><strong>τοῦ</strong></span> <span class='ocrx_word' id='word_1_744' title='bbox 1080 5604 1334 5674; x_wconf 84' lang='grc' dir='ltr'><strong>παρόντος</strong></span> <span class='ocrx_word' id='word_1_745' title='bbox 1367 5598 1428 5654; x_wconf 86' lang='grc' dir='ltr'><strong>ού</strong></span> <span class='ocrx_word' id='word_1_746' title='bbox 1458 5605 1552 5654; x_wconf 88' lang='grc' dir='ltr'><strong>τοῦ</strong></span> <span class='ocrx_word' id='word_1_747' title='bbox 1583 5600 1721 5656; x_wconf 83' lang='grc' dir='ltr'><strong>θείου</strong></span> 
     </span>
    </p>
   </div>
   <div class='ocr_carea' id='block_1_112' title="bbox 123 5691 369 5774">
    <p class='ocr_par' dir='ltr' id='par_1_112' title="bbox 123 5691 369 5774">
     <span class='ocr_line' id='line_1_113' title="bbox 123 5691 369 5774; baseline -0.016 -24"><span class='ocrx_word' id='word_1_748' title='bbox 123 5691 229 5774; x_wconf 57' lang='lat' dir='ltr'><strong>ﬁeri</strong></span> <span class='ocrx_word' id='word_1_749' title='bbox 238 5692 369 5754; x_wconf 80' lang='grc' dir='ltr'><strong>σθω.</strong></span> 
     </span>
    </p>
   </div>
   <div class='ocr_carea' id='block_1_113' title="bbox 1840 4970 3494 5045">
    <p class='ocr_par' dir='ltr' id='par_1_113' title="bbox 1840 4970 3494 5045">
     <span class='ocr_line' id='line_1_114' title="bbox 1840 4970 3494 5045; baseline 0.002 -19"><span class='ocrx_word' id='word_1_750' title='bbox 1840 4970 2169 5043; x_wconf 88' lang='lat' dir='ltr'><strong>prophetia</strong></span> <span class='ocrx_word' id='word_1_751' title='bbox 2201 4970 2444 5025; x_wconf 89' lang='lat' dir='ltr'><strong>nomine</strong></span> <span class='ocrx_word' id='word_1_752' title='bbox 2470 4985 2607 5026; x_wconf 91' lang='lat' dir='ltr'><strong>eum</strong></span> <span class='ocrx_word' id='word_1_753' title='bbox 2642 4987 2900 5041; x_wconf 89' lang='lat' dir='ltr'><strong>arguens</strong></span> <span class='ocrx_word' id='word_1_754' title='bbox 2934 4994 2947 5026; x_wconf 89' lang='lat'><strong>:</strong></span> <span class='ocrx_word' id='word_1_755' title='bbox 2977 4974 3035 5028; x_wconf 90' lang='lat' dir='ltr'><strong>in</strong></span> <span class='ocrx_word' id='word_1_756' title='bbox 3053 4988 3176 5045; x_wconf 90' lang='lat' dir='ltr'><strong>quo</strong></span> <span class='ocrx_word' id='word_1_757' title='bbox 3197 4973 3395 5029; x_wconf 90' lang='lat' dir='ltr'><strong>volum</strong></span> <span class='ocrx_word' id='word_1_758' title='bbox 3419 4989 3494 5030; x_wconf 89' lang='lat' dir='ltr'><strong>ne</strong></span> 
     </span>
    </p>
   </div>
   <div class='ocr_carea' id='block_1_114' title="bbox 1841 5057 3487 5132">
    <p class='ocr_par' dir='ltr' id='par_1_114' title="bbox 1841 5057 3487 5132">
     <span class='ocr_line' id='line_1_115' title="bbox 1841 5057 3487 5132; baseline 0.001 -16"><span class='ocrx_word' id='word_1_759' title='bbox 1841 5057 2128 5116; x_wconf 88' lang='lat' dir='ltr'><strong>tredecim</strong></span> <span class='ocrx_word' id='word_1_760' title='bbox 2147 5063 2379 5115; x_wconf 90' lang='lat' dir='ltr'><strong>tantum</strong></span> <span class='ocrx_word' id='word_1_761' title='bbox 2400 5057 2525 5114; x_wconf 92' lang='lat' dir='ltr'><strong>divi</strong></span> <span class='ocrx_word' id='word_1_762' title='bbox 2543 5059 2703 5116; x_wconf 89' lang='lat' dir='ltr'><strong>Pauli</strong></span> <span class='ocrx_word' id='word_1_763' title='bbox 2724 5061 3016 5132; x_wconf 89' lang='lat' dir='ltr'><strong>Epistolas</strong></span> <span class='ocrx_word' id='word_1_764' title='bbox 3033 5068 3328 5118; x_wconf 90' lang='lat' dir='ltr'><strong>numerat.</strong></span> <span class='ocrx_word' id='word_1_765' title='bbox 3343 5063 3487 5128; x_wconf 81' lang='lat' dir='ltr'><strong>Qua</strong></span> 
     </span>
    </p>
   </div>
   <div class='ocr_carea' id='block_1_115' title="bbox 1836 5147 3497 5222">
    <p class='ocr_par' dir='ltr' id='par_1_115' title="bbox 1836 5147 3497 5222">
     <span class='ocr_line' id='line_1_116' title="bbox 1836 5147 3497 5222; baseline 0.002 -17"><span class='ocrx_word' id='word_1_766' title='bbox 1836 5149 1997 5206; x_wconf 88' lang='lat' dir='ltr'><strong>enim</strong></span> <span class='ocrx_word' id='word_1_767' title='bbox 2041 5147 2118 5204; x_wconf 92' lang='lat' dir='ltr'><strong>ad</strong></span> <span class='ocrx_word' id='word_1_768' title='bbox 2166 5147 2444 5204; x_wconf 86' lang='lat' dir='ltr'><strong>Hebraos</strong></span> <span class='ocrx_word' id='word_1_769' title='bbox 2480 5153 2588 5216; x_wconf 90' lang='lat' dir='ltr'><strong>est,</strong></span> <span class='ocrx_word' id='word_1_770' title='bbox 2630 5149 2928 5206; x_wconf 91' lang='lat' dir='ltr'><strong>decimam</strong></span> <span class='ocrx_word' id='word_1_771' title='bbox 2969 5156 3271 5222; x_wconf 90' lang='lat' dir='ltr'><strong>quartam,</strong></span> <span class='ocrx_word' id='word_1_772' title='bbox 3315 5157 3497 5222; x_wconf 86' lang='lat' dir='ltr'><strong>negat</strong></span> 
     </span>
    </p>
   </div>
   <div class='ocr_carea' id='block_1_116' title="bbox 1835 5236 3496 5307">
    <p class='ocr_par' dir='ltr' id='par_1_116' title="bbox 1835 5236 3496 5307">
     <span class='ocr_line' id='line_1_117' title="bbox 1835 5236 3496 5307; baseline 0.002 -13"><span class='ocrx_word' id='word_1_773' title='bbox 1835 5253 1965 5294; x_wconf 89' lang='lat' dir='ltr'><strong>esse</strong></span> <span class='ocrx_word' id='word_1_774' title='bbox 1997 5236 2140 5293; x_wconf 92' lang='lat' dir='ltr'><strong>Paul</strong></span> <span class='ocrx_word' id='word_1_775' title='bbox 2187 5253 2540 5307; x_wconf 89' lang='lat' dir='ltr'><strong>germanam</strong></span> <span class='ocrx_word' id='word_1_776' title='bbox 2577 5255 2590 5294; x_wconf 88' lang='lat'><strong>:</strong></span> <span class='ocrx_word' id='word_1_777' title='bbox 2617 5237 2767 5293; x_wconf 92' lang='lat' dir='ltr'><strong>illud</strong></span> <span class='ocrx_word' id='word_1_778' title='bbox 2795 5239 3046 5305; x_wconf 89' lang='lat' dir='ltr'><strong>addens,</strong></span> <span class='ocrx_word' id='word_1_779' title='bbox 3079 5255 3214 5296; x_wconf 90' lang='lat' dir='ltr'><strong>eam</strong></span> <span class='ocrx_word' id='word_1_780' title='bbox 3241 5240 3418 5295; x_wconf 88' lang='lat' dir='ltr'><strong>etiam</strong></span> <span class='ocrx_word' id='word_1_781' title='bbox 3458 5256 3496 5298; x_wconf 88' lang='lat' dir='ltr'><strong>a</strong></span> 
     </span>
    </p>
   </div>
   <div class='ocr_carea' id='block_1_117' title="bbox 1834 5326 3504 5400">
    <p class='ocr_par' dir='ltr' id='par_1_117' title="bbox 1834 5326 3504 5400">
     <span class='ocr_line' id='line_1_118' title="bbox 1834 5326 3504 5400; baseline 0 -17"><span class='ocrx_word' id='word_1_782' title='bbox 1834 5327 2123 5384; x_wconf 83' lang='lat' dir='ltr'><strong>Romanis</strong></span> <span class='ocrx_word' id='word_1_783' title='bbox 2168 5342 2360 5399; x_wconf 91' lang='lat' dir='ltr'><strong>usque</strong></span> <span class='ocrx_word' id='word_1_784' title='bbox 2402 5326 2482 5383; x_wconf 91' lang='lat' dir='ltr'><strong>ad</strong></span> <span class='ocrx_word' id='word_1_785' title='bbox 2517 5342 2782 5399; x_wconf 85' lang='lat' dir='ltr'><strong>prasens</strong></span> <span class='ocrx_word' id='word_1_786' title='bbox 2816 5343 2941 5385; x_wconf 88' lang='lat' dir='ltr'><strong>non</strong></span> <span class='ocrx_word' id='word_1_787' title='bbox 2981 5345 3113 5385; x_wconf 88' lang='lat' dir='ltr'><strong>esse</strong></span> <span class='ocrx_word' id='word_1_788' title='bbox 3149 5344 3259 5400; x_wconf 90' lang='lat' dir='ltr'><strong>pro</strong></span> <span class='ocrx_word' id='word_1_789' title='bbox 3303 5328 3504 5384; x_wconf 85' lang='lat' dir='ltr'><strong>divini</strong></span> 
     </span>
    </p>
   </div>
   <div class='ocr_carea' id='block_1_118' title="bbox 1831 5415 3486 5494">
    <p class='ocr_par' dir='ltr' id='par_1_118' title="bbox 1831 5415 3486 5494">
     <span class='ocr_line' id='line_1_119' title="bbox 1831 5415 3486 5494; baseline 0.002 -22"><span class='ocrx_word' id='word_1_790' title='bbox 1831 5417 1996 5473; x_wconf 85' lang='lat' dir='ltr'><strong>Pauli</strong></span> <span class='ocrx_word' id='word_1_791' title='bbox 2022 5416 2280 5490; x_wconf 85' lang='lat' dir='ltr'><strong>Epistola</strong></span> <span class='ocrx_word' id='word_1_792' title='bbox 2311 5415 2603 5475; x_wconf 87' lang='lat' dir='ltr'><strong>habitam.</strong></span> <span class='ocrx_word' id='word_1_793' title='bbox 2640 5417 2777 5475; x_wconf 83' lang='lat' dir='ltr'><strong>Hac</strong></span> <span class='ocrx_word' id='word_1_794' title='bbox 2800 5433 3046 5494; x_wconf 89' lang='lat' dir='ltr'><strong>quoque</strong></span> <span class='ocrx_word' id='word_1_795' title='bbox 3074 5417 3149 5475; x_wconf 87' lang='lat' dir='ltr'><strong>de</strong></span> <span class='ocrx_word' id='word_1_796' title='bbox 3177 5419 3272 5475; x_wconf 87' lang='lat' dir='ltr'><strong>his</strong></span> <span class='ocrx_word' id='word_1_797' title='bbox 3316 5417 3486 5483; x_wconf 83' lang='lat' dir='ltr'><strong>dicta</strong></span> 
     </span>
    </p>
   </div>
   <div class='ocr_carea' id='block_1_119' title="bbox 1833 5505 2160 5565">
    <p class='ocr_par' dir='ltr' id='par_1_119' title="bbox 1833 5505 2160 5565">
     <span class='ocr_line' id='line_1_120' title="bbox 1833 5505 2160 5565; baseline 0 -1"><span class='ocrx_word' id='word_1_798' title='bbox 1833 5505 2160 5565; x_wconf 73' lang='lat' dir='ltr'><strong>sufficiant.</strong></span> 
     </span>
    </p>
   </div>
  </div>
