4036 6288
659 299 792 370 1059

1232 433 1456 491 CAPUT
1487 434 1684 489 XXXV.

637 544 725 600 De
755 544 892 600 aliis
929 543 1131 598 multis
1161 540 1568 598 ecclesiasticis
1597 538 2007 608 scriptoribus,
2037 539 2280 603 scilicet,

706 617 888 680 Juda,
933 614 1260 684 Heraclito,
1311 613 1596 678 Maximo,
1652 612 1942 677 Candida,
1988 611 2280 682 Appione,

706 687 908 752 Sea-to,
937 687 1266 752 Arabiano,
1290 691 1344 742 et
1375 685 1532 740 aliis.

706 846 1019 903 Multorum
1087 850 1372 918 praeterea
1428 843 1960 900 ecclesiasticorum
2017 843 2283 898 virorum

637 935 1074 1000 commentarii,
1107 935 1208 1007 qui
1240 939 1533 990 vetustate
1564 932 1734 988 facile
1761 933 1984 1004 primas
2014 932 2284 988 obtinue-

633 1033 790 1091 runt,
819 1026 1126 1095 egregium
1154 1025 1228 1080 de
1255 1025 1372 1079 ﬁde
1399 1030 1454 1078 et
1481 1024 1598 1078 vita
1623 1023 1953 1078 Christiana
1980 1023 2281 1094 specimen

634 1120 691 1171 et
739 1115 1004 1169 studium
1055 1114 1537 1185 complectentes,
1597 1118 1732 1166 sunt
1784 1111 2084 1180 celebrati,
2145 1127 2284 1166 cum

634 1203 884 1259 aliorum
909 1202 1337 1274 quorumdam,
1360 1205 1488 1256 tum
1505 1201 1634 1271 ejus
1651 1201 1751 1271 qui
1771 1216 1841 1255 eo
1861 1207 2126 1273 tempore
2145 1217 2281 1255 cum

631 1291 875 1363 reliquis
897 1291 1121 1355 enituit,
1146 1290 1314 1345 Judae
1336 1289 1620 1355 historici,
1644 1288 1748 1360 qui
1775 1288 1836 1342 in
1861 1288 2282 1344 hebdomadas

632 1380 886 1436 Danielis
932 1380 1257 1452 plurimum
1289 1395 1486 1450 operas
1527 1377 1852 1442 collocavit,
1886 1382 1940 1433 et
1985 1379 2281 1449 optimum

633 1469 707 1525 de
755 1470 838 1525 eis
873 1484 1026 1542 opus
1064 1485 1100 1524 a
1139 1485 1200 1523 se
1239 1468 1637 1539 compositum
1679 1467 1932 1540 reliquit.
1977 1467 2282 1538 Siquidem

632 1557 810 1614 veluti
837 1559 1146 1614 historiam
1173 1555 1509 1622 instituens,
1538 1556 1892 1628 scripturam
1924 1572 2058 1611 eam
2094 1572 2281 1628 usque

635 1647 713 1710 ad
747 1647 1050 1702 decimum
1091 1647 1286 1703 Severi
1330 1661 1557 1701 annum
1595 1647 1892 1717 producit.
1933 1649 1992 1700 In
2029 1660 2099 1700 eo
2130 1644 2280 1701 libro

633 1733 835 1808 aperte
861 1752 983 1808 prae
1011 1752 1071 1791 se
1103 1737 1230 1800 fert,
1258 1735 1317 1790 in
1345 1751 1415 1790 ea
1445 1750 1506 1790 se
1535 1735 1720 1790 fuisse
1753 1735 2064 1799 sententia,
2097 1739 2159 1790 ut
2183 1734 2282 1790 de-

631 1831 942 1883 cantatum
973 1825 1309 1880 Antichristi
1331 1823 1679 1889 adventum,
1713 1823 2082 1895 temporibus
2109 1824 2192 1878 eis
2220 1823 2281 1878 in

632 1916 1072 1986 exspectatione
1128 1928 1280 1978 esse,
1335 1917 1391 1967 et
1445 1913 1933 1984 appropinquare
1993 1912 2279 1968 crederet.

631 2006 806 2060 Auxit
835 2020 970 2059 vero
1002 2020 1134 2060 eam
1169 2003 1535 2075 opinionem,
1572 2002 2019 2075 multorumque
2051 2008 2280 2058 mentes

630 2100 694 2150 ut
721 2109 848 2149 rem
875 2097 1100 2148 tantam
1128 2097 1536 2163 exspectarent
1562 2092 1955 2157 conturbavit,
1992 2093 2282 2148 acerrima

629 2199 767 2256 quae
809 2186 934 2237 tum
978 2189 1140 2236 mota
1179 2186 1268 2236 est
1307 2181 1658 2252 persecutio.
1700 2179 1830 2237 Non
1874 2196 2070 2252 pauca
2101 2181 2280 2236 etiam

633 2272 961 2328 Heraclitus
1020 2271 1111 2326 vir
1172 2271 1409 2327 divinus
1472 2271 1832 2340 composuit,
1890 2272 1994 2343 qni
2051 2272 2281 2342 primus

630 2363 1040 2417 enarrationes
1071 2359 1184 2414 sibi
1228 2361 1288 2414 in
1331 2359 1679 2431 Apostolum
1713 2359 2062 2416 scribendas
2089 2361 2276 2416 duxit.

629 2451 920 2508 Maximus
937 2456 1137 2505 autem
1160 2465 1340 2520 super
1355 2449 1685 2520 quaestione
1702 2448 1822 2513 illa,
1835 2465 1970 2520 quin
1989 2449 2280 2506 haereticis

630 2542 692 2596 in
736 2556 836 2596 ore
875 2544 980 2606 est,
1036 2539 1201 2596 Unde
1237 2539 1310 2593 sit
1347 2539 1578 2594 malitia
1616 2545 1668 2594 et
1703 2539 2011 2605 vitiositas,
2054 2545 2112 2595 et
2138 2541 2280 2597 item

627 2629 700 2686 de
727 2644 790 2686 eo
810 2630 970 2701 quod
993 2628 1246 2684 materia
1277 2635 1480 2684 creata
1503 2627 1594 2692 sit,
1624 2627 1944 2683 solutiones
1975 2633 2152 2701 atque
2177 2630 2281 2685 de-

631 2718 887 2775 cisiones
936 2717 1375 2788 irrelragabiles
1424 2717 1634 2773 edidit.
1687 2717 1796 2772 Sed
1845 2722 1902 2773 et
1955 2718 2276 2784 Candidus,

629 2824 768 2864 cum
800 2807 1061 2880 plurima
1089 2806 1209 2862 alia
1240 2806 1590 2871 elaboravit,
1622 2811 1747 2861 tum
1779 2807 1840 2861 in
1874 2809 2278 2863 Hexaemeron

629 2897 1094 2954 commentarios
1121 2898 1350 2967 primus
1378 2896 1608 2966 scripsit
1640 2911 1651 2949 :
1684 2896 1746 2950 in
1777 2911 1900 2968 quo
1925 2903 2280 2966 argumento

627 2986 834 3042 itidem
875 2987 1109 3057 Appion
1143 3000 1364 3054 magno
1398 2984 1592 3040 studio
1631 2989 1722 3040 est
1752 2990 2036 3040 versatus.
2073 2987 2279 3042 Sextus

629 3090 872 3146 quoque
906 3075 1399 3129 resurrectionem
1441 3073 1671 3144 scriptis
1716 3073 1840 3128 suis
1879 3089 2016 3129 cum
2058 3090 2281 3144 magna

2019 289 2411 362 NICEPHORI
2451 293 2773 361 CALLISTI

2311 433 2357 486 Α

3795 305 3885 362 1060

2981 427 3229 484 ΚΕΦᾹΔ.
3264 425 3395 482 ΛΕ’.

2394 541 2541 610 Περὶ
2597 536 2797 588 ἄλλων
2849 534 3167 610 πλείστων
3242 532 3888 610 ἐκκλησιαστικῶνῄσυγ-

2461 604 2797 681 γραφέῳν·
2869 604 3101 681 Ἰούδα,
3179 605 3614 681 Ηρακλείτουν
3650 604 3889 681 Μαξίμοίι,

2466 677 2818 744 Κάνδίδου,
2888 677 3239 744 Ἀπίωνοςί
3286 677 3532 745 Σέξτου,
3575 677 3888 751 Ἀραϐιανοῡ,

2462 757 2568 804 καὶ
2609 752 2853 826 ἐτέρων.

2465 858 2667 911 Πολλῶν
2725 855 2785 911 δὲ
2841 861 2930 910 καὶ
2995 855 3158 909 ἄλλων
3225 857 3567 928 ὑπομνήματα
3619 853 3890 913 ἓκκλησιαςτι·

2393 956 2494 999 κῶν
2548 946 2750 1019 ἀνδρῶν
2798 948 2869 1016 τῷ
2920 951 3097 1018 χρόνῳ
3152 949 3208 998 τὸ
3262 944 3526 1020 πρεσϐεῖον
3572 944 3888 1018 κληρωσαμὲδνν

2396 1033 2850 1109 διατεθρύλληται,
2907 1032 3141 1092 σπουδὴν
3187 1033 3418 1106 ἐναρέτου
3468 1035 3712 1094 πολιτείας
3755 1037 3889 1105 ipsis:-

2392 1125 2625 1178 κλείοντος
2651 1145 2662 1156 ·
2738 1126 2843 1177 οἷον
2913 1125 3106 1198 ὁσαπερ
3181 1123 3324 1175 ἄλλοι
3379 1127 3470 1175 καὶ
3538 1123 3562 1174 ὁ
3635 1124 3887 1194 συνακμάζιη

2390 1202 2640 1263 τηνικάδε
2693 1201 2900 1266 Ἰούδας
2954 1206 2980 1256 ὁ
3063 1206 3389 1276 συγγραφεύς
3453 1202 3812 1255 καταλέλοιπε-θ’
3861 1203 3889 1261 6;

2391 1299 2480 1346 καὶ
2527 1295 2600 1357 εἰς
2645 1297 2737 1356 τὰς
2782 1295 2926 1368 παρά
2964 1302 3035 1364 τῷ
3085 1292 3275 1351 Δανιὴλ
3305 1287 3602 1364 ἑϐδομάδας
3643 1291 3799 1349 πολλὴν
3827 1290 3889 1343 εἰς·

2392 1388 2604 1455 ενεγκὼν
2673 1389 2767 1442 τὴν
2837 1380 3098 1446 σπουδὴν,
3179 1384 3432 1453 ἔγγραφον
3512 1379 3690 1450 ἀφῆκεν
3743 1382 3890 1453 ἀρίστην

2391 1475 2704 1545 ύπομνησιν.
2779 1473 3035 1546 Ἱστορίαν
3091 1474 3190 1545 γὰρ
3251 1475 3318 1533 ὡς
3367 1472 3430 1522 οἷν
3486 1469 3706 1534 ἐκτιθεὶς,
3763 1469 3811 1528 εἰς
3857 1468 3890 1519 τό

2393 1559 2692 1615 δωδέκατον
2749 1563 2859 1624 ἔτος
2917 1565 3141 1634 Σευήρου
3207 1564 3300 1619 την
3351 1563 3548 1634 γραφὴν
3593 1557 3774 1616 ἳτησιν·

2393 1649 2551 1714 δῆλός
2600 1650 2738 1704 ἐστιν
2795 1651 3026 1722 οἰόμενος
3077 1651 3170 1708 τὴν
3231 1648 3634 1724 πολυϐρύλλητον
3685 1651 3890 1721 παρουσίαν

2390 1748 2483 1792 τοῦ
2536 1740 2911 1813 Ἀντιχρίστου
2966 1738 3049 1791 ἐτι-ι
3115 1745 3222 1800 τοῖς
3279 1743 3395 1789 τότε
3459 1741 3663 1811 χρόνοις
3713 1733 3884 1805 ίγγίζειν.

2392 1823 2688 1904 Ἀναρέθιζε
2736 1825 2794 1880 δὲ
2848 1837 2998 1881 τοῦτο
3046 1833 3142 1880 καὶ
3186 1830 3279 1890 τὰς
3327 1835 3424 1878 τῶν
3485 1824 3670 1876 πολλῶν
3730 1819 3888 1881 διανοίας

2391 1918 2632 1990 ἑκύμαινε
2696 1926 2915 1971 τοιῡατα
2981 1913 3286 1992 καροδοκείν
3357 1917 3382 1966 ὁ
3460 1909 3691 1972 τηνικάδε
3735 1913 3884 1968 iii-inin;

2391 2003 2740 2082 οφοδρότατος
2792 2003 3042 2079 διωγμὸς.
3091 2005 3207 2059 Ἔτι
3274 2001 3333 2056 δὲ
3388 2009 3479 2055 καὶ
3535 2005 3628 2054 ὅσα
3667 2005 3741 2052 καὶ
3786 1999 3882 2069 Ἠρά-

2390 2096 2586 2158 κλειτος
2642 2099 2774 2156 θεῖος
2827 2095 2954 2170 ἀνὴρ
3003 2097 3276 2160 συνετίθει,
3337 2095 3388 2153 ὅς
3443 2097 3531 2144 καὶ
3582 2091 3646 2152 εἰς
3681 2093 3750 2142 τὸν
3785 2090 3881 2142 Ἀτο-

2393 2185 2571 2238 στὸλον
2628 2194 2831 2258 πρῶτος
2897 2181 3218 2246 σπουδάςειν
3297 2181 3551 2235 ἐπίϐαλλε.
3627 2179 3813 2250 Μάξιμος
3848 2174 3880 2227 δὲ

2389 2283 2460 2346 τῷ
2522 2272 2758 2347 ᾁδομένῳ
2806 2270 3074 2335 ζητήδατι
3121 2281 3230 2334 τοῖς
3287 2274 3631 2346 αἱρεσιωταις,
3680 2269 3874 2321 [lies-ii

2389 2370 2603 2430 κακία,
2637 2370 2725 2417 καὶ
2766 2369 2920 2436 Περὶ
2975 2362 3087 2415 τοῦ
3142 2365 3460 2433 γεννητὴν
3517 2361 3782 2430 ύπάρχείν
3813 2360 3878 2410 τὶν

2390 2453 2562 2520 ὕλην,
2616 2452 2790 2515 λύσεις
2845 2451 3250 2527 ἁναντιῤῥὴτους
3299 2454 3563 2524 παρέσχε.
3632 2451 3712 2500 Καὶ
3758 2439 3877 2497 linir-

2391 2540 2484 2604 δος
2524 2539 2582 2594 δὲ
2625 2541 2848 2595 πλεῖστα
2899 2547 3152 2606 πονήσας,
3199 2540 3267 2600 εἰς
3318 2545 3417 2597 τὴν
3461 2537 3729 2608 Ἑξαήμερον
3763 2533 3877 2601 λόγους

2389 2640 2584 2706 πρῶνος
2639 2630 2931 2688 ἐκτίθησιν.
2989 2629 3260 2691 Ὡσαύτως
3319 2623 3383 2680 δὲ
3431 2632 3520 2678 καὶ
3565 2626 3722 2679 Ἀπιων
3752 2625 3806 2674 ἰπὶ
3834 2627 3872 2690 τῇ

2389 2720 2516 2792 αὐτῇ
2612 2724 2944 2793 πραγματείᾳ
3017 2719 3160 2791 μάλα
3251 2713 3567 2770 ἐσπόδασεν.
3645 2712 3761 2768 Ἀλλὰ
3815 2713 3870 2759 ui

2390 2809 2568 2872 Σέξτος
2624 2815 2914 2867 τηνικαῦτα
2963 2810 3029 2859 τὰ
3082 2811 3200 2881 περὶ
3256 2805 3590 2867 ἀναστάσεως
3640 2802 3865 2871 συναροξεν

2389 2904 2478 2951 καὶ
2554 2897 2861 2971 Ἀραϐιανὸς
2915 2896 2962 2948 ἐν
3041 2895 3221 2958 ἄλλαις
3286 2903 3392 2946 τῶν
3481 2897 3612 2966 ἱερῶν
3675 2892 3858 2941 ὑποθέσεων

2389 2987 2636 3044 πλείστην
2690 2987 2868 3058 εἰσῆγε
2945 2982 3205 3042 σπουδήν.
3265 2984 3478 3036 Πολλῶν
3528 2980 3584 3036 δε
3640 2985 3698 3031 καὶ
3747 2973 3847 3025 ἀλλων

2392 3080 2732 3148 συγγραφέων
2823 3075 3043 3127 πλεῖστα
3128 3079 3217 3126 καὶ
3297 3072 3526 3144 μὲλιστα
3599 3067 3839 3134 ίξητίεγμὲέων

625 3145 804 3219 laude
834 3163 1251 3234 comprobavit
1285 3178 1296 3216 :
1332 3169 1389 3218 et
1421 3164 1757 3219 Arabianus
1784 3163 2025 3234 insuper
2053 3163 2114 3218 in
2147 3163 2278 3219 aliis

2396 3162 2785 3236 σπουδάσματα
2810 3163 3096 3234 ἐξετίθετο,
3139 3161 3205 3214 ὧν
3233 3158 3328 3214 διὰ
3383 3165 3443 3214 τὸ
3490 3165 3558 3233 μὴ
3602 3151 3849 3228 capitatim

626 3252 995 3326 quibusdam
1031 3252 1217 3307 sacris
1249 3251 1623 3322 argumentis
1663 3251 1922 3308 multum
1958 3252 2183 3309 laboris
2223 3258 2282 3310 et

625 3357 824 3414 operae
846 3341 1064 3413 posuit.
1091 3340 1410 3395 Multorum
1439 3346 1726 3412 praeterea
1752 3341 2008 3396 aliorum
2034 3343 2278 3414 scripto-

625 3446 762 3488 rum
805 3429 1065 3502 plurima
1107 3434 1161 3484 et
1211 3428 1471 3484 maxima
1511 3429 1840 3485 litterarum
1887 3437 2280 3490 monumenta

629 3525 769 3575 sunt
790 3518 1046 3589 vulgata,
1071 3533 1331 3589 quorum
1358 3533 1553 3590 neque
1581 3528 1872 3590 tempora,
1895 3535 2089 3591 neque
2106 3535 2279 3590 argu-

625 3613 831 3665 menta
855 3607 1160 3678 sigillatim
1188 3606 1358 3673 (nam
1388 3607 1450 3662 id
1479 3608 1744 3663 instituto
1774 3611 2071 3679 praesenti,
2099 3609 2280 3665 histo-

623 3699 843 3770 riaeque
865 3702 1081 3753 nostrai
1105 3711 1228 3752 non
1249 3695 1582 3751 admodum
1600 3697 1896 3768 convenit.)
1914 3713 2280 3754 commemo-

625 3787 820 3845 randa
841 3785 1146 3842 duximus.
1173 3785 1351 3856 336
1376 3789 1568 3857 Atque
1591 3785 1631 3840 ii
1656 3785 1901 3858 quidem
1930 3792 2067 3842 ante
2096 3785 2280 3858 Origi-

627 3892 767 3933 nem
787 3876 1108 3946 scriptores
1124 3874 1526 3939 ecclesiastici,
1549 3890 1687 3929 cum
1711 3890 1946 3930 sacram
1966 3875 2280 3932 historiam

625 3964 1086 4035 doctrinamque
1115 3963 1322 4019 ordine
1353 3978 1459 4034 per
1497 3963 1939 4020 successionem
1970 3965 2280 4021 continua-

623 4058 782 4118 runt,
819 4059 947 4108 tum
976 4053 1032 4107 in
1072 4067 1176 4108 eos
1203 4052 1308 4124 qui
1336 4051 1510 4121 nugis
1537 4067 1607 4107 ac
1638 4051 2041 4108 deliramentis
2070 4053 2281 4124 depra-

626 4157 765 4198 vare
782 4147 1004 4198 rectam
1018 4141 1159 4196 ﬁdei
1175 4141 1512 4196 doctrinam
1533 4141 1592 4194 in
1610 4142 1881 4196 animum
1896 4142 2276 4210 induxerant,

2388 3263 2449 3327 τῇ
2505 3257 2746 3326 παρούσῃ
2809 3263 3161 3327 πραγματείᾳ,
3221 3254 3338 3303 οὔτε
3412 3254 3534 3312 τοὺς
3574 3249 3747 3321 χρόνους,
3781 3240 3858 3288 οὗτε

2387 3347 2482 3406 τὰς
2535 3343 2702 3396 αὐτῶν
2758 3345 2987 3415 ἱστορίας
3052 3349 3275 3415 μερικῶς
3333 3338 3688 3412 ἀναγράφομιν,
3734 3333 3862 3381 Tostri-

2387 3453 2469 3486 τοι
2495 3437 2585 3506 μὲν
2639 3435 2688 3486 οἱ
2737 3437 2833 3506 πρὸ
2886 3439 2981 3485 τοῦ
3039 3432 3334 3506 Ὠριγένους
3390 3425 3751 3487 ἐκκλησιαστικοὶ
3785 3434 3866 3483 συγ·

2385 3530 2620 3596 γραφεῖς,
2679 3524 2914 3596 ἱστορίαν
2957 3540 3010 3573 τε
3042 3523 3098 3573 ἐκ
3156 3516 3433 3591 διαδοχῆς
3483 3516 3736 3570 κατάλοντες
3767 3506 3865 3578 ἱερὰν.

2387 3592 2667 3672 ἔᾶὶόῖλλως
2705 3592 2813 3673 τοῖξ
2863 3610 3153 3684 ἐρεσχελεῖν
3202 3611 3489 3682 ᾑρημένοις
3539 3606 3613 3658 οἷά
3658 3619 3745 3654 τινα
3780 3592 3867 3646 Θεικέ

2389 3700 2511 3776 βελη
2570 3704 2704 3754 κατὰ
2772 3705 2944 3773 στόμα
3004 3707 3472 3774 προσαπαντῶντες
3523 3700 3746 3769 ἐφέροντο·
3787 3685 3867 3735 οὕτω

2387 3798 2480 3844 τοῦ
2529 3794 2728 3844 πάντων
2757 3793 3135 3864 προνοουμένου
3195 3795 3349 3857 Θεοῦ,
3391 3789 3518 3860 μετὰ
3544 3787 3647 3846 τοὺς
3689 3779 3713 3831 ἀ
3749 3791 3868 3829 ﬁt“?

2388 3879 2509 3942 λους
2567 3883 2655 3930 καὶ
2705 3882 2824 3938 τοὺς
2879 3877 2934 3940 ἐξ
2989 3882 3188 3930 ἓκείνων
3247 3873 3422 3939 αὖθις.
3477 3877 3646 3948 αἵμασι
3686 3865 3866 3948 ne???”

2389 3973 2479 4021 καὶ
2521 3967 2679 4040 λόγῳ,
2735 3966 2857 4040 βίου
2916 3985 2968 4019 τε
3011 3967 3363 4039 λαμπρότητι,
3418 3967 3484 4017 τὰ
3522 3959 3624 4016 καθ’
3663 3960 3768 4029 ὠμὰς
3784 3947 3868 4002 διε-ι·

2393 4058 2632 4118 θύνοντος
2687 4060 2777 4108 καὶ
2831 4055 3170 4129 στηρίζοντος
3198 4056 3248 4116 ἒς
3288 4051 3621 4127 ἁκροίδαντον.
3647 4047 3726 4102 Κτὶὶ
3743 4044 3788 4094 τὰ
3815 4038 3866 4108 μὲν

2392 4150 2510 4220 περὶ
2539 4147 2731 4197 τούτων
2763 4142 2943 4204 οὕτως.

627 4231 907 4288 cominus
945 4235 1126 4302 atque
1163 4229 1225 4285 in
1270 4229 1484 4285 faciem
1521 4228 1633 4285 illis
1672 4231 2000 4300 congressi,
2040 4232 2220 4303 quasi
2266 4209 2475 4291 divina
2504 4234 2621 4290 tela
2659 4233 3044 4304 conjecerunt
3079 4249 3092 4288 :
3124 4232 3208 4288 ita
3235 4247 3438 4287 rerum
3477 4227 3708 4286 omnium
3734 4220 3813 4272 Deo
3831 4209 3863 4264 id

625 4319 1004 4394 providentia
1057 4335 1168 4375 sua
1223 4318 1599 4390 disponente,
1677 4323 1743 4374 ut
1798 4325 1934 4392 post
1998 4321 2304 4392 apostolos
2371 4321 2847 4394 eorumdemque
2911 4337 3309 4385 successores,
3366 4333 3596 4376 rursum
3642 4313 3864 4376 malitiTum

629 4408 922 4480 sanguine
953 4413 1007 4464 et
1036 4407 1328 4474 doctrina,
1362 4422 1472 4463 nec
1502 4423 1623 4463 non
1656 4408 1968 4465 sanctioris
2007 4411 2141 4466 vitae
2173 4411 2509 4482 splendore,
2543 4427 2638 4467 res
2671 4411 3019 4468 Christianae
3051 4409 3544 4468 conﬁrmarentur
3573 4421 3586 4461 :
3615 4409 3663 4460 et
3684 4397 3741 4456 ad
3766 4404 3863 4448 sum"

628 4514 816 4566 mum,
849 4503 910 4555 ut
936 4498 1203 4555 immotae
1240 4505 1295 4553 et
1325 4496 1827 4569 inexpugnabiles
1853 4503 2076 4564 essent,
2109 4499 2532 4558 stabilirentur.
2565 4500 2647 4557 De
2673 4501 2748 4557 iis
2775 4499 2943 4558 satis.

1222 4623 1447 4681 CAPUT
1469 4624 1694 4682 XXXVI.

627 4735 716 4791 De
730 4729 1109 4798 dissensione,
1138 4747 1272 4804 quae
1294 4739 1414 4787 tum
1440 4732 1512 4788 de
1526 4733 1826 4790 Paschate
1853 4736 1937 4789 est
1969 4735 2286 4791 exorta.De

700 4807 942 4876 synodis
951 4811 1272 4874 propterea
1299 4805 1536 4872 coactis,
1556 4811 1610 4860 et
1637 4808 1702 4860 ut
1724 4821 1924 4862 omnes
1940 4806 2022 4862 ad
2041 4821 2288 4862 concor-

699 4879 860 4933 diam
889 4877 1006 4932 sint
1034 4876 1289 4933 redacti.

701 4968 1016 5023 Enimvero
1060 4965 1219 5021 circa
1267 4965 1452 5021 ﬁnem
1497 4964 1732 5036 imperii
1776 4964 2092 5022 Commodi
2136 4967 2288 5024 inter

629 5056 954 5112 Orientales
985 5060 1041 5112 et
1071 5055 1482 5110 Occidentales
1519 5054 1802 5110 ecclesias
1834 5071 1955 5111 non
1989 5070 2177 5128 parva
2204 5056 2289 5110 in.

627 5146 770 5202 cidit
816 5144 1086 5217 quaestio.
1121 5142 1394 5198 Ecclesiae
1438 5158 1697 5214 namque
1735 5144 1965 5199 Asiana:
2001 5160 2074 5200 ex
2113 5145 2291 5200 tradi-

627 5237 787 5293 tione
838 5239 1092 5298 vetusta,
1135 5247 1269 5304 qua
1315 5232 1394 5288 ad
1437 5247 1540 5288 eas
1589 5248 1780 5304 usque
1829 5233 1907 5288 ad
1944 5233 2006 5288 id
2046 5237 2288 5306 tempus

627 5325 984 5381 transmissa
1040 5328 1186 5388 erat,
1236 5327 1517 5394 quartum
1566 5321 1858 5377 decimum
1914 5321 2074 5378 diem
2130 5322 2290 5378 lunas

628 5413 1084 5471 observandum
1133 5427 1262 5466 esse
1305 5410 1640 5467 necessario
1677 5411 1998 5478 duxerunt,
2039 5413 2290 5484 quando

630 5507 688 5558 et
718 5502 907 5558 Judaei
946 5517 1017 5557 ex
1058 5500 1405 5572 praescripto
1444 5499 1595 5570 legis
1641 5515 1867 5571 agnum
1913 5507 2202 5568 mactare,
2235 5505 2293 5557 et

629 5587 856 5651 Pascha
875 5606 1052 5648 suum
1073 5587 1444 5647 manducare
1463 5588 1619 5647 soliti
1639 5594 1779 5648 sunt
1799 5612 1813 5646 :
1834 5590 2083 5665 perinde
2110 5595 2294 5665 atque

2315 4626 2362 4682 D

2977 4641 3222 4691 ΚΕΦΑΛ.
3264 4624 3416 4708 Ag".

2396 4737 2560 4807 Περὶ
2607 4738 2719 4792 τὴν
2749 4736 2895 4786 τότε
2932 4737 3284 4806 γενομένης
3325 4729 3653 4807 διαφῶνιας
3682 4717 3854 4807 ﬂigi":

2469 4797 2710 4878 Πάσχα
2737 4825 2754 4839 ο
2801 4809 2905 4857 καὶ
2939 4797 3100 4877 ’περῖ
3128 4812 3245 4856 τῶν
3287 4797 3634 4875 γενομένων
3659 4797 3837 4845 anon"

2467 4882 2577 4930 καὶ
2630 4881 2706 4938 ὡς
2764 4878 3045 4938 ἅπαντας
3104 4878 3563 4948 ὡμοφώνησαν.
3855 4933 3861 4946 9

2468 4972 2594 5040 Περὶ
2647 4963 2707 5018 δί
2749 4969 2817 5018 τὰ
2865 4966 2984 5023 τέλη
3015 4974 3110 5026 τῆς
3166 4961 3406 5037 Κομόδου
3441 4961 3605 5033 ἀρχῆς
3644 4955 3863 5036 an“.on

2397 5058 2561 5130 μικρὰ
2601 5062 2711 5117 τοῖς
2769 5054 2865 5106 ἀνὰ
2914 5058 3000 5112 τὴν
3055 5054 3118 5106 ἕω
3179 5058 3269 5106 καὶ
3336 5052 3547 5126 ἑσπέραν
3601 5040 3863 5130 ἱερεῦσενβῖί·

2397 5164 2530 5200 νετο.
2581 5145 2652 5198 Αἱ
2697 5145 2788 5214 μὶν
2825 5145 2926 5216 γὰρ
2959 5144 3092 5194 κατὰ
3137 5146 3231 5200 τὴν
3285 5141 3469 5200 Ἀσίας
3517 5133 3743 5216 ἐκκλησίαι
3773 5131 3860 5216 ait?

2399 5234 2455 5286 ἐκ
2485 5212 2842 5306 παραδόσεως.
2872 5212 3104 5305 ἐίρχαίας
3146 5235 3311 5303 μέχρι
3348 5227 3412 5287 δὴ
3462 5231 3545 5280 καὶ
3591 5221 3648 5281 εἰς
3673 5212 3858 5269 αὖτοὺςθ

2401 5326 2599 5385 θούσης
2644 5327 2737 5380 τὴν
2792 5318 2866 5374 ιδ’
2918 5328 3010 5384 τῆς
3055 5319 3274 5381 σελήνης
3317 5316 3421 5372 δεῖν
3468 5318 3662 5387 ἡγοῦντο
3718 5307 3855 5392 πψῖτ.

2399 5417 2505 5486 ρείν
2556 5428 2568 5442 ·
2603 5412 2827 5470 ὁπηνίκα
2879 5415 2970 5463 καὶ
3025 5405 3302 5469 Ἰουδαίοις
3355 5409 3486 5460 θύειν
3529 5399 3622 5454 ἔδει
3665 5397 3712 5486 το
3750 5387 3856 5486 πρθίέ

2401 5519 2508 5567 τον,
2549 5505 2640 5553 καὶ
2694 5503 2752 5553 τὸ
2804 5499 3006 5572 Ποίσχα
3031 5503 3090 5552 τὸ
3140 5498 3326 5552 οἰκεῖον
3362 5495 3541 5549 ἐσθίειν
3567 5510 3579 5523 ⁶
3608 5490 3662 5546 ὡς
3686 5481 3738 5572 ἐξ
3752 5481 3854 5572 "f3"

2403 5565 2683 5666 ἀναγκαῖον
2725 5592 2804 5658 ὄν,
2854 5565 3015 5644 ὁποία
3055 5585 3105 5642 δ’
3148 5587 3207 5642 ἂν
3254 5587 3526 5662 περιτύχοι
3555 5587 3635 5639 τῆς
3666 5565 3854 5640 ἑϐδομάέκ
