4036 6288
126 287 248 347 1081

114 425 214 469 τῶν
279 417 508 492 ἡμερῶν,
565 415 684 469 κατ’
739 416 903 476 αὐτήν
967 416 1020 488 γ’
1077 420 1278 475 ἐκείνην
1341 421 1431 470 καὶ
1502 418 1598 479 τὰς
1659 417 1712 481 EE

116 508 260 566 ἔθους
297 506 600 560 ἐπιλύεσθαι
635 505 865 572 ἀσιτίας,
898 510 989 559 καὶ
1031 505 1257 568 συνόλως
1295 508 1469 578 φάναι,
1506 509 1712 580 σύναμα

115 592 400 658 Ἰουδαίοις
437 600 529 649 καὶ
559 596 720 658 αὐτὰς
748 599 808 648 τό
849 603 944 648 τοῦ
983 598 1234 669 ἡμετέρου
1267 597 1468 667 Πάσχα
1506 601 1710 669 μυστη-

113 704 225 759 ριον
273 684 580 761 έκπληροῦν·
633 687 688 738 αἱ
737 682 890 738 δἐινὰ
932 691 1107 737 πᾶσαν
1163 689 1257 744 τὴν
1305 684 1462 742 ἀλλην
1511 688 1574 737 ἕω
1619 689 1709 738 καὶ

111 777 332 848 ἑσπέραν
373 774 648 834 ἐκκλησίαι
686 779 756 847 μὴ
801 773 910 838 έξὸν
951 775 1081 826 εἶναι
1124 771 1530 848 διισχυρίζοντο
1573 773 1708 826 οὓτω

109 866 369 938 πράσσειν
400 880 414 895 ⁸
475 864 848 926 ἁποστολικαῖς
927 860 985 917 δε
1071 860 1433 938 παραδόσεσιν
1518 864 1707 916 ἄνωθεν

110 953 410 1025 ἑπομένους,
459 958 518 1007 τό
571 953 622 1015 ές
670 950 825 1027 δεῦρο
875 961 1146 1029 κρατῆσαν
1203 953 1317 1014 ἒθος
1373 953 1708 1025 παραφυλάτ-

108 1045 333 1096 τεσθαι⁶
387 1040 526 1115 μηδὲ
580 1045 684 1117 γὰρ
739 1045 800 1095 οἷν
849 1042 993 1116 ἑτέρα
1026 1048 1308 1118 προσήκειν
1355 1050 1456 1094 τῶν
1504 1045 1706 1116 ἡμερῶν

108 1134 169 1184 τό
222 1136 426 1205 Πάσχα
465 1139 650 1197 ποιεῖν,
705 1137 796 1191 τὴν
838 1137 1081 1191 νηστείαν
1124 1131 1542 1204 ἀπωθουμένους,
1599 1131 1705 1183 ἀλλ’

109 1226 140 1280 ἣ
177 1225 292 1274 κατ’
350 1222 514 1280 αὐτήν
552 1241 613 1293 γε
658 1226 753 1280 τὴν
809 1229 1134 1295 κυριώνυμον
1181 1223 1376 1296 ἡμέραν
1435 1229 1529 1283 τῆς
1587 1219 1708 1272 ἀνα-

110 1316 366 1374 στάσεως.
439 1309 706 1364 Ἐντεῦθεν
803 1315 972 1363 τοίνυν
1043 1309 1356 1384 ἀμφιϐολίας
1459 1309 1708 1370 πλείστης

108 1401 240 1464 ὅσης

105 1488 387 1542 ἀντίπαλον
467 1485 807 1562 διακριθῆναι
885 1496 1090 1564 μοῖραν,
1175 1488 1406 1541 ἑκάστων
1483 1492 1578 1546 τὴν
1657 1485 1710 1550 έξ

106 1577 345 1652 ἀρχαίου
399 1575 700 1652 παράδοσιν
769 1584 1093 1652 πειρωμένων
1145 1581 1432 1652 κρατύνειν,
1498 1572 1712 1629 σύνοδοι

321 1399 708 1475 έπικρατούσης
785 1407 896 1461 ταῖς
969 1399 1292 1465 ἐκκλησίαις,
1353 1402 1417 1460 ὡς
1482 1403 1573 1451 καὶ
1637 1397 1710 1458 εἰς

107 1672 408 1722 ἐπισκόπων
473 1671 610 1721 κατὰ
676 1665 956 1742 διαφόρους
1039 1672 1232 1730 τόπους
1289 1675 1709 1740 συνεκροτοῦντο.

1183 276 1763 349 ECCLESIASTICAE
1800 291 2166 350 HISTORUE
2203 293 2337 351 LlB.
2380 283 2476 351 Iv.

3325 287 3464 357 1062

1820 420 2144 476 necessitas
2173 436 2420 493 prorsus
2457 419 2739 494 quandam
2770 420 3055 494 imposita
3083 422 3168 478 eis
3199 430 3372 490 esset,
3406 427 3466 483 in

1818 523 2242 582 quemcunque
2263 509 2422 565 diem
2442 509 2842 566 hebdomadis
2878 511 3204 578 incidisset,
3232 529 3302 569 eo
3334 515 3465 588 ipso

1818 597 1914 653 die
1946 602 2101 654 stata
2155 603 2561 672 consuetaque
2599 601 2964 656 solverentur
3005 601 3254 672 jejunia,
3287 607 3343 659 et
3379 609 3467 673 (ut

1819 687 2004 742 semel
2023 687 2245 759 dicam)
2273 703 2392 744 una
2412 704 2547 743 cum
2563 688 2802 753 Judaais,
2827 689 2991 761 apud
3021 690 3184 762 ipsas
3225 709 3469 766 quoque

1817 790 2055 830 sacrum
2087 777 2272 832 nostri
2309 777 2607 832 Paschalis
2653 779 3006 849 mysterium
3050 779 3468 840 celebraretur.

1817 863 2076 936 Reliquae
2097 881 2238 919 vero
2254 881 2358 937 per
2380 867 2696 932 Orientem,
2728 873 2784 923 et
2804 869 2940 922 item
2964 884 3069 939 per
3090 871 3468 930 Occidentem

1815 953 2075 1009 ecclesiae
2105 970 2222 1010 non
2255 955 2428 1011 licere
2458 956 2517 1010 id
2547 956 2626 1011 ita
2654 956 2846 1012 facere
2863 961 3328 1017 asseverabant:
3363 965 3465 1019 sed

1816 1042 2012 1113 potius
2037 1043 2339 1099 obtinente
2366 1049 2514 1111 tum,
2545 1062 2730 1117 quam
2762 1046 3090 1118 antiquitus
3117 1065 3190 1105 ex
3232 1059 3471 1123 aposto-

1813 1128 2009 1186 lorum
2041 1132 2460 1188 traditionibus
2491 1135 2899 1190 continuatam
2917 1138 3299 1210 accepissent,
3333 1157 3470 1198 con-

1815 1219 2131 1274 suetudine
2186 1221 2472 1277 standum
2525 1237 2681 1280 esse.
2731 1226 2856 1280 Non
2911 1225 3068 1280 enim
3103 1228 3311 1284 decere
3353 1231 3469 1289 alio

1815 1322 2001 1379 quam
2047 1311 2494 1366 resurrectionis
2526 1311 2832 1369 Dominico
2869 1313 2985 1379 die,
3040 1315 3272 1388 jejunio
3325 1321 3472 1392 reje-

1817 1402 1914 1453 cto
1945 1399 2045 1469 (1),
2074 1399 2300 1455 Pacha
2329 1399 2650 1456 celebrare.
2681 1404 2800 1458 Hoc
2841 1418 2977 1458 vero
3011 1405 3192 1461 modo
3239 1414 3474 1467 contro-

1817 1488 2012 1542 versia
2029 1493 2085 1542 et
2103 1487 2376 1544 dissodio
2407 1489 2596 1544 multo
2618 1492 2884 1547 maximo
2902 1491 2961 1546 in
2985 1493 3250 1551 ecclesiis
3273 1513 3469 1570 usque

1822 1577 1975 1631 adeo
2000 1581 2227 1640 exorto,
2250 1582 2311 1632 ut
2335 1577 2486 1633 inter
2502 1594 2562 1633 se
2577 1577 2714 1643 sibi,
2743 1580 3221 1638 adversariorum
3244 1593 3466 1656 partes,

1821 1664 2100 1736 utrinque
2129 1663 2459 1736 antiquitus
2489 1667 2768 1722 traditam
2799 1671 3296 1728 consuetudinem
3321 1675 3471 1731 obti-

109 1760 304 1820 Πάντες
360 1755 412 1811 δ’
471 1758 544 1820 εἰς
597 1761 758 1811 ταυτό
810 1767 906 1820 τῆς
949 1763 1164 1830 γνώμης
1215 1757 1459 1821 ἐλθόντες,
1489 1756 1540 1818 ἐς
1564 1757 1710 1808 ὕστε-

1822 1768 1960 1808 nere
1985 1753 2203 1809 debere
2232 1755 2753 1826 contendentibus,
2779 1765 3103 1826 sumerent,
3142 1771 3470 1820 conventus

108 1868 198 1922 ρον
224 1852 314 1900 καὶ
365 1849 621 1923 ἔγγραφον
673 1845 851 1920 δόγμα
887 1854 1003 1908 ταῖς
1056 1847 1366 1919 ἁπανταχοῦ
1414 1845 1714 1906 ἐκκλησίαις

109 1934 476 2004 διετυποῦντο,
531 1940 595 1998 ὡς
647 1938 708 1990 ἄν
757 1941 828 2009 μὴ
860 1944 952 1988 τοῦ
982 1937 1164 1989 λοιποῦ
1202 1938 1252 1988 ἂν
1292 1935 1416 2007 ἄλλη
1451 1943 1550 1986 τῶν
1582 1936 1710 2006 ἠμε-

107 2035 234 2102 ρῶν,
290 2025 400 2078 ἄλλ’
459 2025 511 2078 έν
564 2025 694 2098 αὐτῇ
773 2034 835 2098 τῇ
921 2032 1156 2098 Κυριακῇ
1211 2028 1270 2078 τό
1347 2027 1560 2096 φρικτὸν
1619 2031 1714 2085 τῆς

108 2114 446 2176 ἀναστάσεως
496 2119 588 2168 καὶ
630 2121 719 2167 τοῦ
774 2117 975 2186 Πάσχα
1022 2114 1218 2167 τελοίτο
1275 2118 1588 2188 μυστήριον,
1649 2115 1712 2173 ὡς

107 2213 206 2267 τῆς
248 2209 491 2266 νηστείας
540 2200 790 2262 τηνικάδε
845 2201 1156 2256 διαλύεσθαι
1224 2202 1553 2274 ὀφειλούσης.
1609 2206 1710 2254 Καὶ

105 2300 309 2366 γραφαὶ
366 2290 427 2346 δε
473 2301 573 2346 τῶν
630 2289 881 2352 τηνικάδε
936 2297 1072 2345 κατὰ
1129 2297 1320 2354 τόπους
1367 2295 1712 2364 γεγενημένων

108 2380 349 2436 συνόδων
401 2385 708 2457 ἓμφέρονται
741 2399 755 2412 ’
809 2383 877 2433 ὧν
942 2384 972 2440 ἠ
1029 2385 1119 2454 μεν
1179 2381 1263 2434 έπὶ
1327 2381 1526 2453 Ῥώμης
1598 2385 1714 2432 Βίκ-

104 2492 251 2546 τωρα
306 2474 595 2545 ἡγούμενον
680 2473 910 2544 ίστορείο
988 2480 1078 2532 τῆς
1129 2467 1178 2523 δ’
1241 2471 1288 2522 έν
1339 2469 1714 2542 Ἱεροσολύμοις

108 2564 417 2634 Νάρκισσον
451 2579 464 2592 ⁸
534 2566 626 2614 καὶ
691 2569 786 2624 τῆς
855 2564 903 2613 ἓν
991 2560 1314 2618 Παλαιστίνη
1400 2563 1710 2634 Καισαρεία.

113 2651 363 2723 Θεόφιλον
395 2668 410 2681 ⁶
457 2655 548 2704 καὶ
589 2652 826 2705 Κάσσιον
872 2657 970 2712 τῆς
1007 2655 1210 2724 Τυρίων
1249 2653 1529 2722 παροικίας
1559 2665 1572 2679 ·
1623 2653 1712 2701 καὶ

115 2749 222 2792 τῶν
296 2738 344 2790 έν
393 2736 709 2812 Πτολεμαΐδι
767 2739 986 2814 Κλάρον.
1055 2745 1157 2799 Τῆς
1213 2735 1272 2790 δε
1328 2740 1464 2790 κατὰ
1527 2741 1714 2790 Πόντον

119 2832 451 2901 γεγενημένης
500 2829 713 2901 Παλμᾶν
793 2832 880 2880 τὸν
935 2827 1290 2900 ἀρχαιότατον
1344 2829 1715 2901 προκαθῆσθαι

123 2917 274 2989 λέγει.
328 2924 434 2972 Τῶν
487 2914 547 2970 δε
599 2919 734 2970 κατὰ
782 2917 999 2970 Γαλλίαν
1046 2935 1100 2968 τε
1151 2921 1237 2968 καὶ
1297 2917 1372 2968 ἔτι
1424 2917 1714 2989 Ὀσροηνὴν

115 3011 205 3060 τόν
235 3007 532 3082 Εἱρνηναῖον
573 3009 767 3080 ἱστορεί
801 3007 1185 3079 προτάττεσθαι
1218 3023 1231 3035 ·
1267 3001 1381 3056 ἰδία
1409 3001 1468 3057 δε
1508 3007 1716 3077 Βάκχυ-

107 3096 219 3156 λον.
291 3096 343 3148 ὃν
422 3098 705 3170 Κορινθίων
781 3098 1064 3148 ἐπίσκοπον
1144 3097 1499 3169 ἱστορήσαμεν
1533 3113 1545 3126 ·

106 3187 366 3240 πλείστων
426 3186 590 3238 ἄλλων
634 3185 681 3238 οἳ
731 3191 830 3257 μιᾷ
865 3184 1024 3256 ψήφῳ
1062 3186 1198 3236 κατὰ
1243 3188 1338 3242 τὴν
1393 3189 1715 3257 κυριώνυμον

108 3279 168 3328 τὸ
224 3277 429 3347 Πάσχα
484 3274 726 3328 ἐπιτελεῖν
767 3277 1037 3348 ἑγγράφως
1075 3277 1351 3344 ὡρίσαντο.
1408 3275 1475 3326 Οί
1526 3291 1583 3345 γε
1611 3278 1714 3344 μὴν

105 3367 246 3417 κατὰ
325 3365 680 3422 Παλαιστίνην
765 3366 1072 3436 Νάρκισσός
1127 3381 1182 3414 τε
1245 3366 1336 3415 καὶ
1415 3361 1651 3424 Κάσσιος
1688 3364 1714 3414 6

103 3457 301 3528 Τύρου,
359 3457 451 3506 καὶ
499 3454 524 3505 6
575 3449 931 3524 Πτολεμαίδος
1002 3451 1220 3522 Κλάρος,
1309 3455 1398 3503 καὶ
1473 3452 1588 3502 ὅσοι
1643 3447 1710 3508 δὴ

104 3541 256 3596 ἄλλοι
337 3545 388 3604 ες
441 3545 603 3595 τὰυτὸ
663 3543 938 3607 συνῆλθον,
1029 3545 1196 3614 μυρία
1256 3540 1390 3592 ἄττα
1466 3544 1714 3614 πρότερον

107 3629 400 3695 διελθόντες
448 3637 567 3704 περὶ
605 3639 696 3693 τῆς
739 3631 790 3693 ἐξ
827 3630 1002 3705 ἀρχῆς
1056 3638 1156 3682 τῶν
1207 3627 1508 3682 ἀποστόλων
1545 3648 1714 3703 παρα-

107 3717 311 3782 δόσεως
359 3727 453 3773 τοῦ
494 3722 712 3792 Πάσχα,
770 3725 858 3772 καὶ
917 3718 967 3780 ἐς
1020 3719 1210 3780 αὐτοὺς
1263 3717 1534 3783 ἐλθούσης,
1576 3719 1714 3770 κατὰ

104 3814 169 3864 τό
198 3811 341 3872 τέλος
369 3817 464 3873 τῆς
520 3806 806 3870 συνοδικῆς
851 3815 1058 3884 γραφῆς
1109 3813 1198 3860 καὶ
1237 3815 1402 3859 ταῦτα
1443 3803 1509 3866 δὴ
1546 3826 1709 3878 προσ·

104 3902 318 3953 τιθέασι
349 3918 361 3929 ·
392 3921 420 3949 α
452 3906 559 3960 Τῆς
607 3896 667 3953 δε
720 3897 997 3958 ἐπιστολῆς
1053 3899 1198 3968 ἡμῶν
1252 3898 1533 3969 πειράθητε
1575 3899 1711 3948 κατὰ

105 3995 286 4043 πᾶσαν
353 3987 632 4047 ἐκκλησίαν
709 3987 1001 4062 ἀντίγραφα
1085 3983 1515 4058 διαπέμψασθαι,
1576 3985 1710 4046 ὅπως

106 4083 180 4152 μή
235 4080 413 4151 ἔνοχοι
458 4076 590 4151 ὦμεν
645 4084 754 4139 τοῖς
808 4073 1004 4152 ῥᾳδίως
1055 4075 1318 4128 πλανῶσιν
1368 4073 1563 4126 έαυτῶν
1614 4075 1709 4134 τὰς

103 4167 319 4240 ψυχάς.
358 4167 617 4239 Δηλοῦμεν
668 4163 726 4220 δὲ
773 4167 916 4238 ύμῖν,
966 4167 1047 4218 ὅτι
1100 4172 1162 4238 τῇ
1218 4164 1350 4236 αὐτῇ
1405 4164 1575 4238 ἡμέρα
1617 4167 1708 4216 καὶ

100 4259 152 4310 έν
186 4254 558 4330 Ἀλεξανδρείᾳ
603 4257 826 4328 ἄγουσιν
866 4253 997 4328 ᾗπερ
1047 4257 1138 4306 καὶ
1190 4255 1360 4325 ἡμεῖς.
1397 4253 1527 4328 Παρ’
1559 4253 1705 4324 ἡμῶν

98 4349 207 4422 γὰρ
250 4347 320 4399 τὰ
355 4348 642 4418 γράμματα
687 4344 961 4416 κομίζεται
1000 4342 1193 4408 αὐτοῖς,
1254 4347 1343 4395 καὶ
1395 4344 1520 4414 ἡμῖν
1579 4341 1704 4416 παρ’

1821 1841 2241 1914 episcoporum
2272 1843 2454 1898 variis
2483 1843 2541 1899 in
2582 1844 2726 1900 locis
2759 1852 2898 1902 sunt
2927 1849 3061 1904 acti.
3097 1850 3202 1906 Ubi
3235 1869 3372 1908 cum
3406 1855 3470 1909 in

1821 1932 2098 1988 eamdem
2113 1933 2543 1988 concessissent
2560 1935 2937 2002 sententiam,
2952 1943 3155 2008 postea
3184 1942 3469 1998 omnibus

1821 2021 2045 2094 ubique
2075 2021 2340 2077 ecclesiis
2381 2021 2686 2078 decretum
2723 2024 2848 2080 sive
2887 2026 3144 2083 edictum
3179 2031 3469 2103 scriptum

1820 2111 2209 2182 promulgaru
2226 2116 2290 2167 ut
2326 2116 2381 2167 et
2413 2119 2872 2183 proposuerunt,
2911 2122 2974 2172 ut
3002 2116 3076 2172 de
3107 2125 3321 2176 caetero
3346 2136 3470 2176 non

1820 2200 1937 2257 alio
1957 2217 2144 2273 quam
2167 2201 2474 2256 Dominico
2499 2201 2593 2256 die
2621 2205 2995 2261 tremendum
3022 2210 3470 2266 resurrectionis

1820 2295 1878 2347 et
1921 2290 2224 2347 Paschatis
2279 2291 2652 2362 mysterium,
2701 2293 2930 2364 jejunio
2976 2300 3101 2352 tum
3159 2298 3468 2366 solvendo,

1821 2381 2235 2437 celebraretur.
2273 2380 2445 2452 337
2484 2381 2986 2438 Circumferuntnr
3021 2387 3199 2442 etiam
3231 2403 3472 2444 numce-

1821 2470 2184 2526 lebratarum
2211 2485 2280 2524 eo
2314 2476 2578 2540 tempore
2633 2471 3004 2541 synodorum
3060 2473 3286 2543 litterae,
3334 2493 3471 2550 qua:

1820 2559 2124 2616 variarum
2150 2558 2290 2613 hinc
2311 2563 2367 2613 et
2397 2557 2534 2613 inde
2565 2559 2948 2616 ecclesiarum
2977 2563 3290 2636 episcopos
3319 2566 3472 2622 desi-

1823 2653 2010 2719 gnant
2041 2664 2055 2700 :
2086 2649 2369 2703 Romanae
2406 2646 2626 2703 scilicet
2655 2649 2967 2715 Victorem,
2991 2654 3470 2726 Hierolymitante

1822 2738 2188 2803 Narcissum,
2221 2738 2502 2792 Caesareas
2555 2736 2878 2794 Palaestinas
2925 2740 3338 2813 Theophilum,
3367 2747 3474 2818 Ty-

1823 2829 2048 2884 riorum
2077 2826 2370 2888 Cassium,
2402 2824 2777 2880 Ptolemaidis
2813 2827 3071 2884 Clarum.
3102 2831 3334 2888 Emdem
3388 2833 3474 2888 lit-

1824 2922 1963 2973 terae
2003 2916 2170 2971 Ponti
2209 2914 2473 2970 ecclesiis
2515 2920 2639 2970 tum
2691 2915 2997 2987 prmfuisse
3024 2918 3291 2976 indicant
3325 2923 3476 2978 anti-

1824 3005 2185 3082 quissimum
2222 3004 2486 3059 Palmam
2523 3021 2536 3058 :
2585 3003 2784 3059 Galliae
2823 3010 3024 3062 autem
3079 3013 3259 3080 atque
3295 3012 3473 3068 etiam

1625 3098 1715 3147 καὶ
1746 3123 1787 3181 C
1826 3100 2101 3155 Osroenae
2132 3092 2521 3149 ecclesiarum
2553 3093 2840 3149 lrenmum
2888 3110 2900 3150 :
2952 3098 3214 3152 Corinthi
3270 3103 3472 3155 autem

1826 3183 2192 3256 Bacchylum
2227 3201 2241 3241 :
2272 3187 2329 3237 et
2353 3181 2795 3254 provinciarum
2851 3183 3105 3240 aliarum
3157 3187 3325 3254 alios,
3365 3187 3473 3261 qui

1825 3290 1946 3332 uno
1983 3271 2270 3342 suffragio
2317 3277 2374 3326 et
2419 3273 2709 3326 sententia
2750 3287 2961 3328 omnes
3018 3275 3326 3332 Dominico
3377 3277 3474 3332 die

1825 3361 2049 3420 Pascha
2072 3359 2500 3416 celebrandum
2522 3366 2866 3416 sanxerunt.
2892 3364 3199 3419 Narcissus
3231 3381 3394 3430 sane,
3419 3371 3475 3422 et

1825 3454 2083 3516 Cassius,
2113 3449 2430 3514 Palaestini,
2463 3455 2519 3504 et
2549 3449 2756 3505 Clarus
2783 3467 2819 3506 a
2854 3452 3238 3520 Ptolemaide,
3283 3460 3338 3510 et
3360 3455 3467 3527 qui

1824 3548 2112 3615 praeterea
2162 3541 2224 3595 in
2261 3538 2538 3594 eamdem
2569 3554 2901 3594 convenere
2955 3543 3278 3614 synodum,
3333 3559 3474 3598 cum

1822 3631 2087 3704 primum
2137 3627 2589 3702 quamplurima
2617 3627 2690 3682 de
2723 3627 3054 3696 traditione,
3088 3647 3273 3703 quam
3303 3631 3472 3686 initio

1821 3719 1902 3776 ab
1932 3717 2222 3791 apostolis
2256 3722 2559 3788 sumptam
2589 3731 2776 3787 usque
2805 3717 2882 3772 ad
2911 3723 3180 3790 tempora
3207 3736 3315 3776 sua
3337 3735 3476 3775 con-

1823 3813 2145 3878 servarant,
2172 3806 2613 3877 exposuissent,
2638 3807 2794 3861 circa
2817 3807 2998 3863 tinem
3027 3809 3334 3879 synodalis
3366 3809 3476 3865 de-

1821 3899 1960 3955 creti
2009 3897 2138 3953 haec
2189 3910 2431 3968 quoque
2475 3893 2761 3950 addidere
2813 3912 2825 3949 :
2877 3914 2905 3947 «
2954 3897 3232 3968 Epistolas
3293 3899 3473 3969 hujus

1818 3993 2037 4045 nostrae
2060 3986 2231 4042 facite
2262 3989 2320 4040 ut
2347 3984 2422 4039 ad
2465 3982 2749 4039 ecclesias
2777 3999 2987 4040 omnes
3023 3987 3300 4058 exempla
3333 3989 3476 4043 mit-

1819 4083 2021 4134 tantur
2048 4093 2062 4131 :
2105 4091 2180 4131 ne
2228 4074 2448 4130 scilicet
2479 4075 2561 4129 rei
2593 4078 2772 4148 atque
2816 4075 3136 4148 participes
3158 4077 3346 4132 simus
3370 4093 3474 4133 eo-

1817 4181 1974 4231 rum,
1996 4165 2100 4237 qui
2130 4163 2298 4220 facile
2316 4163 2556 4220 animas
2587 4180 2729 4220 suas
2753 4164 3061 4236 decipiunt
3091 4170 3270 4238 atque
3297 4165 3473 4222 sedu-

1816 4261 1978 4313 cunt.
2008 4253 2289 4310 Certiores
2311 4258 2512 4310 autem
2541 4267 2650 4309 vos
2677 4253 2956 4321 facimus,
2987 4254 3202 4310 eodem
3225 4271 3473 4326 prorsus

1815 4345 1914 4402 die
1933 4340 2324 4407 Alexandriae,
2356 4357 2479 4415 quo
2507 4342 2671 4414 apud
2713 4358 2836 4408 vos,
2878 4343 3106 4400 Pascha
3145 4343 3473 4401 celebrari:

99 4440 298 4500 αῦτῶν,
349 4436 483 4487 ὥστε
541 4439 826 4507 συμφώνως
883 4437 974 4484 καὶ
1025 4433 1156 4504 ὁμοῦ
1206 4432 1350 4504 ἄγειν
1416 4432 1559 4504 ἡμᾶς
1609 4434 1704 4490 τήν

1822 4437 2036 4526 litteras
2067 4448 2330 4539 namque
2360 4448 2431 4489 ea
2465 4431 2552 4530 de.
2568 4447 2630 4487 re
2668 4431 2746 4488 ad
2777 4431 2906 4532 illos
2957 4432 3259 4500 dedimus,
3293 4438 3474 4506 atque

97 4526 256 4599 ἁγίαν
288 4527 484 4599 ἡμέραν
516 4544 566 4579 υ,

701 4724 942 4774 ΚΕΦΑΔ.
986 4723 1110 4772 AZ‘.

91 4833 260 4902 Περὶ
323 4833 434 4890 τῆς
493 4821 800 4902 ένμἊσίᾳ
861 4821 1214 4902 διαφωνίας
1270 4823 1703 4902 τοῦ-Πάσχα*

168 4893 290 4953 καὶ
330 4901 447 4971 ὃ-σα
481 4899 507 4950 ό
543 4893 816 4971 Ἐφίσού
857 4893 1280 4971 Πολυκράτης
1320 4893 1707 4970 Βίκτωρἰ“τῷ

166 4968 476 5046 προέδρῳ
515 4967 636 5032 τῆς
666 4969 905 5042 Ῥώμης
944 4967 1242 5041 ἔγραψεν.

169 5085 323 5134 Πᾶσι
378 5080 469 5150 μὲν
513 5071 602 5129 οὖν
649 5077 723 5138 εἷς
768 5077 886 5149 ὄρος
935 5077 959 5128 ό
1006 5075 1185 5150 ῥηθεὶς
1242 5071 1604 5136 ἐξενήνεκται⁸
1660 5073 1708 5124 οἱ

87 5166 146 5225 δ’
189 5167 242 5220 έν
289 5167 451 5237 Ἀσίᾳ
504 5169 594 5218 καὶ
649 5164 725 5217 ἔτι
777 5161 1206 5238 διισχυρίζοντο,
1253 5166 1343 5214 καὶ
1394 5170 1595 5237 χρῆναι
1623 5165 1709 5234 μέ-

83 5279 203 5335 χρι
251 5256 430 5317 τῦιους
485 5261 604 5316 ταῖς
651 5253 1024 5315 ἀποστολικαῖς
1080 5251 1315 5323 ἀντέχειν
1376 5248 1709 5326 παραδόσεσε

87 5347 216 5403 δεῖν
280 5351 463 5417 ᾤοντο.
519 5351 626 5405 Τῆς
671 5340 721 5396 δ’
781 5341 858 5396 ἐπ’
909 5343 1120 5403 ἐκείνοις
1164 5338 1321 5404 δόξης
1366 5343 1708 5416 προασπίζων

82 5438 342 5514 μάλιστα
416 5433 759 5506 Πολυκράτης
815 5427 897 5499 ἦν,
966 5433 992 5484 ό
1042 5438 1138 5492 τῆς
1207 5430 1454 5503 Ἐφεσίων
1521 5429 1712 5492 πόλεως

169 5597 257 5677 (1)
299 5598 450 5656 Tum
479 5593 639 5653 enim
664 5593 939 5668 jejunare
971 5589 1290 5651 Christiani
1325 5589 1634 5652 desinunt.

1812 4521 1896 4599 illi
1937 4525 2146 4583 itidem
2193 4522 2270 4580 ad
2302 4537 2412 4577 nos
2441 4521 2751 4593 scripsere,
2803 4523 2885 4578 ita
2909 4526 2966 4577 ut
3002 4537 3123 4578 uno
3164 4536 3473 4579 consensu

1815 4615 1993 4674 simul
2018 4617 2296 4670 sanctum
2321 4609 2484 4666 hunc
2520 4624 2884 4681 peragamus
2909 4610 3090 4666 diem.
3120 4631 3148 4661 η

2383 4717 2612 4776 CAPUT
2641 4717 2901 4772 XXXV".

1814 4834 1900 4890 De
1924 4829 2281 4887 dissensione
2309 4826 2662 4898 Asianorum
2691 4830 2938 4898 propter
2957 4823 3192 4898 Pascha
3219 4839 3238 4879 :
3266 4830 3322 4881 et
3347 4837 3474 4898 qua:

1887 4920 1955 4960 ea
1967 4905 2040 4959 de
2050 4917 2113 4958 re
2126 4901 2471 4969 Polycrates
2485 4895 2776 4969 Ephesius
2788 4896 3095 4966 episcopus
3124 4895 3475 4954 VictoriRo-

1885 4990 2063 5032 ηιαηο
2094 4968 2363 5042 ερίεοομο
2399 4968 2725 5038 scripserit.

1890 5081 1979 5137 Ad
2026 5093 2237 5136 omnes
2273 5077 2449 5146 igitur
2489 5090 2677 5130 unum
2707 5073 2820 5130 hoc
2852 5073 3268 5146 praescriptum
3297 5078 3355 5130 et
3385 5088 3473 5129 reo

1817 5171 1958 5244 gula
1983 5167 2411 5237 estdivulgata.
2435 5163 2637 5220 Asiani
2667 5168 2869 5220 autem
2893 5163 3246 5219 sententiam
3271 5163 3471 5219 adhuc

1819 5277 1992 5318 suam
2019 5257 2374 5323 retinebant,
2402 5260 2458 5311 et
2487 5270 2551 5309 se
2577 5253 2658 5309 ad
2686 5253 2868 5308 finem
2902 5269 3090 5324 usque
3120 5252 3472 5309 traditiones

1819 5349 2176 5424 apostolicas
2212 5345 2529 5403 defendere
2566 5348 2837 5416 oportere
2866 5342 3288 5414 opinabantur.
3324 5343 3472 5398 Sen-

1820 5440 2017 5500 tentias
2055 5453 2265 5496 eorum
2295 5435 2615 5511 primarius
2644 5432 3026 5507 potissimum
3056 5437 3469 5506 propugnator
