4036 6288
630 275 771 330 1063

1940 272 2324 330 NICEPHORI
2370 272 2687 330 CALLISTI
3802 284 3883 339 1064

627 406 757 456 erat
781 400 1137 474 Polycrates,
1162 400 1424 457 ecclesiae
1453 400 1845 472 Ephesiorum
1866 401 2128 457 antistes.
2154 400 2217 456 Hi

2314 406 2359 457 A
2392 406 2508 463 τοὺς
2562 406 2745 465 οἴακας
2798 402 3274 476 ἐγκεχειρισμένος.
3344 403 3441 466 Ὃς
3492 402 3640 474 δῆτα,
3681 408 3800 471 πολύς
3842 432 3889 475 τις

626 506 886 563 magnus
917 496 973 546 et
996 490 1361 561 apostolicus
1404 491 1492 545 vir
1526 490 1787 558 habitus,
1818 489 2196 547 traditionem
2227 497 2284 546 et

626 581 1041 636 auctoritatem
1071 580 1468 650 apostolicam
1500 580 1578 635 ad
1626 586 1899 651 tempora
1926 596 2036 635 sua
2065 580 2285 637 duran-

624 673 745 725 tem
792 670 1003 724 Victori
1049 669 1330 739 episcopo
1389 676 1443 724 et
1493 668 1750 724 ecclesiae
1797 670 1962 724 urbis
2000 670 2284 725 Romanm

623 757 957 823 declarans,
981 757 1059 814 ad
1081 758 1240 812 hunc
1264 758 1509 813 modum
1531 760 1764 830 scripsit
1789 774 1801 813 :
1829 761 1994 813 «Nos
2020 759 2284 829 profecto

623 846 783 902 diem
813 847 973 902 hunc
1020 846 1437 902 intemeratum
1468 853 1648 919 atque
1678 848 2053 912 inviolatum,
2088 864 2283 920 neque

623 935 931 1001 addentes,
958 951 1153 1007 neque
1177 935 1509 992 auferentes
1531 936 1886 1008 quidquam,
1913 937 2281 1007 peragimus.

624 1025 690 1079 In
716 1026 853 1080 Asia
891 1041 1155 1097 namque
1186 1025 1455 1095 ingentia
1505 1026 1835 1098 primordia
1877 1027 2182 1082 dormiunt
2212 1044 2282 1082 ac

622 1114 1076 1184 conquiescunt,
1105 1130 1241 1187 quas
1261 1114 1509 1186 quidem
1550 1115 1945 1184 resurgentia
1984 1116 2282 1171 adventus

627 1203 807 1274 338
854 1203 1088 1258 Domini
1132 1203 1319 1259 nostri
1348 1203 1443 1258 die
1490 1222 1503 1261 :
1563 1219 1685 1275 quo
1714 1203 1811 1259 die
1837 1220 1976 1259 cum
2024 1204 2213 1274 gloria
2250 1222 2281 1261 e

621 1293 784 1349 caelis
810 1293 1025 1358 veniet,
1072 1298 1128 1348 et
1172 1292 1562 1348 exsuscitabit
1582 1308 1794 1348 omnes
1828 1300 2068 1349 sanctos
2100 1312 2113 1349 ε
2148 1294 2282 1349 Phi-

618 1380 821 1453 lippus
855 1381 1127 1436 videlicet
1168 1398 1238 1436 ex
1266 1380 1587 1436 duodecim
1617 1382 1904 1454 apostolis
1954 1398 2131 1446 unus,
2177 1380 2281 1455 qui

618 1469 918 1541 Hierapoli
958 1470 1323 1526 obdormivit
1365 1491 1376 1529 :
1423 1471 1681 1542 dumque
1712 1470 1847 1526 ﬁlim
1881 1472 2031 1542 ejus,
2072 1473 2151 1527 ad
2181 1473 2279 1528 de-

620 1559 910 1632 crepitam
939 1575 1126 1631 usque
1153 1564 1387 1616 aetatem
1420 1561 1677 1631 virgines
1710 1576 1722 1614 :
1771 1560 1965 1616 etalia
1996 1568 2282 1632 praeterea

618 1649 745 1705 ﬁlia
781 1650 932 1718 ejus,
976 1650 1035 1703 in
1086 1650 1306 1719 Spiritu
1346 1656 1554 1704 sancto
1603 1665 1778 1704 cursu
1813 1650 1944 1704 vitae
1981 1651 2276 1716 absoluto,

2392 496 2480 544 καὶ
2528 490 2869 552 ἀποπολικὸς
2917 489 3045 544 εἶναι
3108 489 3294 559 δοκῶν,
3364 498 3457 551 τήν
3512 493 3808 555 ἀποστολικήν
3835 520 3890 551 πι-

2391 578 2614 653 ροίδοσιν
2662 587 2752 633 καὶ
2792 582 3060 634 αὐθεντίαν
3107 584 3242 657 ἄχρι
3297 580 3367 641 δή
3411 588 3501 636 καὶ
3541 584 3589 647 ἐς
3631 586 3893 640 αὐτόνέλθον

2395 689 2490 721 σαν
2543 675 2766 745 Βίκτωρι
2822 676 2911 723 καὶ
2958 679 3021 743 τῇ
3077 674 3213 724 κατὰ
3260 671 3463 743 Ῥώμην
3502 672 3757 746 Ἐκκλησία
3788 696 3895 750 παρι-

2394 755 2585 824 δηλών,
2646 761 2834 832 ἔγραφε
2877 757 3057 813 τοιάδε
3110 781 3123 794 ·
3187 783 3207 810 ι
3242 761 3418 831 Ἡμεῖς
3479 758 3563 814 οὖν
3602 760 3896 838 ἆῤῥᾳδιούργς-

2390 867 2475 900 τον
2532 849 2723 919 ἄγομεν
2776 853 2869 907 τήν
2921 852 3137 922 ἡμέραν,
3224 856 3356 921 μήτε
3428 854 3772 923 προστιθέντες,
3811 861 3895 925 μήτε

2394 936 2780 1008 ἀφαιρούμενοι.
2846 943 2946 990 Καὶ
3033 941 3134 1010 γὰρ
3196 943 3331 992 κατά
3410 945 3504 998 τήν
3562 938 3724 993 Ἀσίαν
3763 945 3897 1013 prlii:

2395 1033 2638 1097 στοιχεῖα
2692 1032 3020 1099 κεκοίμηται,
3076 1028 3225 1080 ἅτινα
3298 1027 3644 1087 ἀναστήσεται
3692 1039 3742 1102 τῇ
3786 1034 3897 1102 ἡμέρᾳ

2392 1124 2485 1176 τῆς
2567 1120 2865 1187 παρουσίας
2937 1124 3029 1168 τοῦ
3108 1121 3323 1192 Κυρίου,
3386 1117 3435 1169 ἐν
3580 1122 3767 1194 ἔρχεται
3814 1126 3895 1192 μετὰ

2393 1200 2555 1265 δόξης
2630 1204 2683 1266 ἐξ
2758 1212 3007 1278 οὐρανῶν,
3088 1210 3178 1258 καὶ
3261 1205 3549 1265 ἀναστήσει
3618 1211 3782 1267 πάντας
3824 1214 3898 1269 τοὺς

2392 1292 2575 1363 ἁγίους
2607 1310 2619 1322 ’
2686 1293 2937 1346 Φίλιππον
2980 1298 3065 1346 τὸν
3130 1304 3230 1346 τῶν
3277 1292 3489 1348 δώδεκα
3533 1295 3794 1349 ἀποστόλων
3831 1299 3896 1353 ἕνα.

2389 1383 2446 1444 ὃς
2494 1388 2801 1455 κεκοίμηται
2864 1386 2912 1435 ἓν
2984 1383 3264 1458 Ἱεραπόλει
3298 1406 3311 1418 ’
3405 1390 3493 1437 καὶ
3551 1383 3642 1437 δύο
3700 1388 3897 1458 θυγατέρες

2393 1470 2553 1523 αὐτοῦ
2624 1479 2973 1545 γεγηρακυῖαι
3052 1476 3296 1547 παρθένοι
3329 1492 3342 1505 °
3398 1479 3487 1526 καὶ
3546 1476 3575 1532 ή
3633 1474 3758 1549 ἑτέρα
3792 1475 3897 1527 αὐτοῦ

2394 1562 2651 1634 θυγάτῆρ,
2733 1560 2781 1612 έν
2848 1562 2977 1633 ἁγίῳ
3083 1565 3344 1634 Πνευματι
3443 1563 3823 1635 πολιτευσαμένε,
3869 1564 3898 1613 ἐν

2392 1648 2589 1721 Ἐφέσῳ
2630 1650 2969 1702 ἀναπαύεται.
3010 1651 3130 1704 Ἔτι
3169 1648 3227 1704 δὲ
3278 1658 3369 1704 καὶ
3428 1654 3657 1714 Ἰωάννης
3703 1654 3725 1704 6
3766 1652 3827 1704 ἐπὶ
3862 1658 3897 1703 τὸ

2733 1562 2781 1612 έν
2848 1562 2977 1633 ἁγίῳ
3083 1565 3344 1634 Πνευματι

619 1737 829 1811 Ephesi
877 1738 1145 1809 quiescit.
1204 1738 1412 1793 Itidem
1444 1743 1497 1793 et
1522 1737 1806 1804 Joannes,
1831 1738 1932 1810 qui
1965 1756 2147 1811 supra
2183 1756 2213 1812 p

2313 1753 2355 1807 Β
2396 1741 2590 1801 στῆθος
2632 1746 2723 1791 τοῦ
2786 1745 2978 1813 Κυρίου
3051 1739 3357 1793 ἀναπεσὼν·
3424 1742 3476 1804 ὃς
3534 1745 3725 1813 ἐγενήθη
3778 1744 3896 1813 ἱερεὺς,

620 1833 750 1884 ctus
800 1827 1032 1882 Domini
1078 1826 1369 1895 recubuit,
1418 1828 1640 1899 quique
1704 1828 1982 1883 sacerdos
2044 1834 2275 1885 creatus

616 1915 1259 1988 pontiﬁciuminsigne,
1282 1914 1547 1986 petalum
1581 1916 1819 1981 scilicet,
1836 1916 2282 1989 sivelaminam,

618 2010 847 2075 martyr
899 2004 1079 2061 simul
1132 2009 1188 2059 et
1238 2004 1447 2060 doctor
1504 2007 1779 2075 gestavit,
1837 2006 2051 2077 Ephesi
2113 2007 2283 2066 obiit.

618 2094 903 2150 Praeterea
918 2093 1283 2165 Polyczirpus
1297 2095 1714 2165 Smyrenensis
1728 2094 2049 2165 episcopus
2063 2101 2120 2152 et
2133 2112 2284 2151 mar-

618 2190 712 2255 tyr
744 2200 758 2249 ;
793 2184 936 2238 item
966 2182 1261 2238 Thraseas
1301 2184 1602 2239 Eumenis;
1632 2184 1973 2256 episcopus,
2001 2185 2284 2257 idemque

618 2279 867 2344 martyr,
895 2272 998 2344 qui
1029 2271 1303 2344 Smyrnae
1337 2280 1606 2328 mortuus
1638 2279 1748 2327 est.
1785 2274 1939 2339 Quid
1967 2274 2283 2344 Sangarim

618 2365 969 2436 episcopum
1002 2378 1032 2416 e
1052 2366 1377 2433 martyrem
1410 2363 1631 2428 dicam,
1651 2363 1753 2435 qui
1786 2363 2092 2419 Laodiceae
2118 2380 2281 2419 mor-

618 2457 760 2509 tuus
782 2457 872 2506 est
902 2451 929 2506 ?
962 2453 1242 2506 Praeterea
1273 2450 1483 2506 beatus
1533 2451 1846 2523 Papyrius,
1879 2457 1934 2507 et
1966 2452 2152 2508 Melite
2182 2470 2280 2509 eu-

618 2542 871 2605 nuchus,
923 2540 1025 2611 qui
1066 2555 1172 2610 per
1224 2540 1509 2611 Spiritum
1562 2546 1834 2596 sanctum
1887 2543 2009 2597 vita
2038 2548 2281 2613 peracta

617 2630 906 2686 Sardibus
937 2628 1225 2684 humatus
1257 2634 1365 2694 est,
1393 2629 1798 2685 visitationem
1830 2646 1861 2685 e
1893 2631 2056 2687 ccelis
2078 2648 2282 2703 exspe-

617 2726 804 2784 ctans,
837 2719 897 2774 in
928 2733 1052 2790 qua
1100 2734 1135 2773 a
1180 2719 1430 2773 mortuis
1468 2725 1756 2789 resurget.
1784 2719 1885 2775 Isti
1912 2736 2121 2775 omnes
2150 2722 2281 2777 reti-

615 2814 885 2867 nuerunt
913 2813 970 2863 et
1000 2814 1312 2862 servarunt
1335 2807 1633 2862 decimum
1666 2814 1951 2880 quartum
1982 2810 2143 2865 diem
2177 2811 2280 2867 Pa-

619 2898 865 2963 schatis,
909 2898 1084 2967 juxta
1123 2896 1531 2967 Evangelium,
1574 2897 1719 2952 nihil
1752 2900 2277 2967 transgredientes,

616 2987 721 3044 sed
741 2985 1091 3058 praescripto
1109 2986 1324 3041 canoni
1340 2986 1475 3041 ﬁdei
1500 2987 1865 3044 insistentes.
1891 2990 2012 3058 Ego
2033 2989 2278 3059 quidem

612 3083 881 3132 vestrum
906 3080 1084 3145 atque
1107 3073 1259 3129 adeo
1310 3076 1583 3130 omnium
1608 3076 1896 3131 minimus
1931 3076 2278 3149 Polycrates,

613 3165 783 3237 juxta
825 3168 1219 3233 cognatorum
1266 3179 1559 3227 meorum,
1614 3180 1685 3219 ex
1724 3165 1947 3236 quibus
1978 3166 2279 3238 quosdam

624 3270 757 3309 sum
789 3257 1165 3308 consectatus
1190 3252 1437 3324 (septem
1465 3268 1729 3325 namque
1758 3256 1997 3323 cognati
2026 3255 2141 3310 mei
2163 3261 2281 3325 epi-

615 3343 782 3416 scopi
808 3343 990 3406 fuere,
1011 3356 1122 3410 ego
1138 3346 1385 3396 octavus
1410 3343 1565 3413 sum)
1599 3342 1980 3398 traditionem
2010 3344 2279 3402 ambulo.

616 3432 685 3488 Et
736 3431 976 3501 cognati
1027 3430 1144 3486 mei
1193 3446 1431 3501 semper
1474 3430 1633 3486 diem
1673 3431 1857 3498 hunc,
1907 3432 1983 3504 (1)
2032 3435 2280 3505 quando

613 3523 957 3579 Iudaeorum
1013 3520 1275 3591 populus
1328 3536 1542 3592 azyma
1592 3520 1838 3589 condiit,
1885 3522 2276 3595 celebrarunt_

611 3614 753 3681 Ego,
783 3611 1052 3681 inquam,
1092 3608 1326 3676 fratres,
1357 3609 1669 3680 sexaginta
1701 3616 1756 3664 et
1784 3610 2056 3683 quinque
2087 3628 2280 3669 annos

608 3706 786 3757 natus
829 3698 887 3753 in
948 3696 1218 3761 Domino,
1263 3698 1365 3769 qui
1399 3713 1535 3752 cum
1584 3698 1764 3753 totius
1795 3699 1952 3754 orbis
1997 3699 2280 3756 fratribus

614 3790 729 3846 hac
760 3788 835 3843 de
862 3804 923 3843 re
945 3786 1189 3851 contuli,
1232 3792 1288 3841 et
1339 3788 1704 3858 Scripturem
1737 3794 2006 3845 sanctam
2038 3806 2277 3845 omnem

614 3879 858 3948 perlegi,
882 3876 1028 3931 nihil
1068 3891 1312 3930 moveor
1342 3882 1444 3931 aut
1474 3876 1787 3948 perturbor
1809 3878 2147 3934 minacibus
2181 3879 2280 3935 de-

613 3964 1095 4024 nuntiationibus
1144 3969 1200 4018 et
1246 3964 1592 4020 terroribus.
1652 3966 1801 4021 Nam
1850 3968 1952 4038 qui
1979 3983 2073 4022 me
2102 3967 2277 4039 longe

619 4057 881 4127 majores
916 4053 1098 4117 fuere,
1127 4052 1262 4124 plus
1313 4053 1721 4109 obediendum
1761 4071 1889 4110 esse
1943 4058 2059 4113 Deo
2091 4073 2276 4128 quam

618 4144 971 4202 hominibus
1003 4140 1262 4197 edixere.
1300 4164 1328 4194 »
1377 4146 1435 4196 In
1469 4142 1586 4198 ﬁne
1631 4160 1811 4215 porro
1855 4145 2277 4216 episcoporum

621 4235 893 4290 omnium
905 4231 1008 4304 qui
1031 4232 1336 4287 sententiae
1353 4248 1477 4286 suae
1499 4234 1937 4289 consentientes
1956 4233 2275 4298 affuerunt,

620 4323 911 4387 meminit,
941 4320 1023 4374 sic
1055 4318 1323 4375 scribens
1351 4337 1362 4374 :
1386 4323 1671 4376 «Possem
1694 4322 1940 4393 quidem
1968 4323 2277 4395 episcopo-

619 4429 776 4481 rum,
804 4411 910 4484 qui
943 4412 1089 4468 mihi
1128 4410 1369 4474 adsunt,
1396 4408 1570 4464 edere
1596 4409 1866 4475 nomina,
1894 4426 2050 4482 quos
2098 4412 2178 4467 ita
2213 4417 2277 4468 ut

619 4502 912 4569 voluistis,
938 4515 1249 4558 accersens
1274 4498 1545 4553 evocavi:
1574 4499 1681 4553 sed
1712 4514 1920 4554 eorum
1950 4501 2199 4558 nomina
2221 4502 2271 4557 si

621 4592 1049 4661 adscriberem,
1084 4588 1402 4646 multitudo
1445 4602 1654 4642 eorum
1685 4587 1746 4643 in
1774 4588 2143 4645 immensum
2173 4607 2270 4647 ex-

620 4686 924 4737 cresceret.
956 4680 1039 4736 Illi
1066 4685 1285 4742 autem,
1316 4675 1616 4732 tenuitatis
1641 4692 1791 4732 mea:
1818 4676 1998 4749 probe
2025 4681 2271 4748 conscii,

2306 4433 2417 4509 D7

2392 1830 2450 1879 τὸ
2485 1828 2701 1880 πέταλον
2739 1834 3051 1900 πεφορεκὼς,
3111 1834 3201 1881 καὶ
3251 1832 3449 1903 μάρτυς
3503 1836 3589 1883 καὶ
3632 1827 3895 1890 διδάσκαλος.

2389 1916 2510 1972 Ἔτι
2568 1914 2627 1969 δὲ
2670 1922 2760 1969 καὶ
2818 1918 3157 1993 Πολύκαρπος
3198 1921 3224 1970 6
3260 1918 3308 1971 ἐν
3351 1923 3549 1992 Σμύρνη
3589 1919 3895 1977 καὶέπίσκοπος

2392 2010 2481 2057 καὶ
2520 2007 2722 2078 μάρτυς
2756 2023 2768 2035 ⁸
2811 2012 2901 2058 καὶ
2956 2011 3219 2081 Θρασέας,
3266 2014 3359 2060 καὶ
3402 2007 3687 2075 ἐπίσκοπος,
3721 2013 3792 2059 καὶ
3812 2011 3895 2078 μάρ-

2391 2114 2484 2155 τυς
2528 2096 2553 2146 6
2608 2093 2709 2147 ἀπὸ
2752 2096 3046 2167 Εὐμενειας,
3102 2099 3157 2158 ὃς
3201 2096 3248 2149 έν
3299 2100 3503 2170 Σμύρνῃ
3560 2102 3834 2168 κεκοίμηται.
3856 2102 3893 2147 Ti

2394 2181 2453 2237 δὲ
2510 2181 2594 2237 δεῖ
2646 2184 2807 2257 λέγειν
2879 2188 3137 2258 Σάγγαριν
3221 2186 3508 2239 ἐπίσκοπον
3570 2193 3649 2237 καὶ
3707 2188 3889 2259 μάρτυρα,

2391 2276 2447 2335 ὃς
2508 2273 2556 2325 έν
2620 2271 2913 2347 Λαοδικείᾳ
2953 2280 3303 2347 κεκοίμηται;
3355 2279 3431 2328 ἔτι
3490 2272 3546 2328 δε
3588 2281 3665 2327 καὶ
3702 2277 3887 2346 [Iamiam

2388 2367 2474 2415 τὸν
2534 2365 2810 2438 μακάριον,
2861 2370 2950 2415 καὶ
3001 2364 3269 2418 Μελίτωνα
3306 2369 3397 2417 τὸν
3437 2368 3685 2436 εὐνοῦχον,
3730 2364 3769 2415 ἐν

2392 2454 2654 2524 Πνεύματι
2731 2455 2902 2505 πάντα
2997 2453 3456 2526 πολιτευσάμενον,
3539 2455 3593 2515 ὃς
3672 2461 3799 2505 κεῖται
3857 2448 3887 2499 ἐν

2391 2538 2619 2614 Σάρδεσι
2675 2545 2956 2613 περιμένων
3009 2547 3104 2599 τήν
3174 2541 3275 2594 ἀπὸ
3322 2551 3427 2595 τῶν
3486 2543 3689 2616 οὐρανῶν
3737 2544 3884 2592 imm-

2388 2635 2513 2697 πήν,
2570 2628 2620 2681 έν
2772 2629 2825 2681 έκ
2874 2639 3061 2703 νεκρῶν
3111 2630 3471 2689 ἀναστήσεται
3514 2650 3528 2699 ;
3591 2631 3723 2683 Οὔτιοι
3760 2630 3880 2685 πάντες

2390 2717 2649 2793 έτήρησαν
2704 2724 2799 2777 τήν
2857 2722 3051 2793 ἡμέραν
3109 2729 3203 2782 τῆς
3249 2717 3776 2794 τεσσαρεσκαιδεκάτης
3817 2721 3877 2766 τοῦ

2390 2810 2592 2879 Πάσχα
2642 2811 2779 2860 κατὰ
2832 2812 2886 2860 τὸ
2941 2808 3257 2880 Εὐαγγέλιον
3315 2807 3489 2882 μηδὲν
3542 2808 3871 2881 παραϐαίνοντες,

2390 2896 2519 2949 ἀλλά
2563 2900 2695 2950 κατὰ
2748 2901 2830 2949 τὸν
2903 2903 3094 2950 κανόνα
3158 2906 3252 2961 τῆς
3300 2905 3526 2960 πίστεως
3572 2897 3864 2949 ἀκολουθοῦντες.

2389 2993 2481 3039 Ετι
2533 2983 2593 3039 δε
2643 2985 2789 3058 κάγὼ
2842 2987 2868 3038 6
2915 2990 3219 3060 μικρότερος
3268 2990 3417 3060 ὑμῶν
3477 2992 3556 3039 καὶ
3605 2990 3745 3039 πάντων
3793 2984 3858 3029 Ποο

2388 3075 2671 3148 λυκροίτης,
2729 3078 2866 3128 κατά
2919 3073 3216 3148 παραδοσιν
3275 3086 3382 3129 τῶν
3430 3084 3655 3147 συγγενῶν
3689 3089 3768 3142 μου,
3801 3066 3849 3123 οἷς

2388 3184 2480 3217 και
2537 3166 2982 3239 παρηκολούθησα
3041 3171 3181 3218 τισὶν
3239 3166 3414 3218 αὐτῶν
3494 3167 3627 3237 (ἕτεεὰ
3767 3152 3856 3211 ἦσαν

2392 3262 2659 3325 συγγενεῖς
2703 3275 2803 3326 μου
2851 3253 3150 3323 ἐπίσκοποι,
3191 3254 3291 3326 ἐγὼ
3352 3253 3412 3309 δὲ
3472 3252 3657 3325 ὄγδοος,
3688 3252 3749 3299 καὶ
3778 3244 3865 3294 πάν-

2389 3362 2505 3395 τοτε
2541 3348 2633 3401 τὴν
2685 3344 2880 3417 ἡμέραν
2937 3347 3137 3414 ἤγαγον
3183 3346 3231 3395 οἱ
3272 3352 3542 3416 συγγενεῖς
3588 3349 3684 3414 μού,
3724 3338 3872 3387 ὅτιτῶν

2391 3431 2663 3485 Ἰουδαίων
2719 3434 2744 3483 6
2797 3433 2919 3494 λαός
2984 3433 3143 3505 ήρτυε
3219 3437 3310 3491 τήν
3396 3434 3619 3506 ζύμην)·
3669 3430 3739 3498 ἐγὼ
3774 3427 3872 3492 γοῧνι

2390 3518 2625 3593 ἀδελφοὶ,
2688 3520 2759 3583 ξε¹
2813 3524 2900 3579 ἔτη
2955 3524 3091 3593 ἔχων
3145 3525 3194 3573 ἓν
3237 3528 3439 3596 Κυρίῳ,
3478 3526 3561 3573 καὶ
3609 3512 3874 3588 συμϐεϐληκὼς

2388 3618 2500 3672 τοῖς
2552 3609 2653 3662 ἀπὸ
2692 3619 2789 3672 τῆς
2840 3610 3139 3682 οἰκουμένης
3192 3606 3458 3683 ἀδελφοῖς,
3506 3614 3587 3662 καὶ
3620 3612 3756 3660 πᾶσαν

2389 3704 2596 3774 Γραφήν
2665 3696 3001 3764 διεληλυθὼς,
3068 3700 3128 3751 οὐ
3195 3702 3462 3774 πτύρομαι
3511 3698 3587 3750 ἐπὶ
3644 3700 3733 3752 τοῖς
3772 3704 3876 3738 κατα·-

2387 3789 2770 3861 πλησσομένοις
2799 3806 2811 3818 ·
2896 3791 2945 3841 οἱ
3030 3791 3129 3861 γὰρ
3206 3787 3332 3861 ἐμοῦ
3426 3789 3638 3861 μείζονες
3688 3782 3874 3861 εἰρήκασι,

2390 3857 2703 3953 Πειθαρχεῖν
2754 3875 2837 3930 δεῖ
2880 3886 2993 3949 Θεῷ
3038 3857 3291 3950 ’μαλλον-ἤ
3341 3857 3631 3951 ἀνθρώποις,
3658 3892 3681 3925 ν
3728 3870 3813 3919 Ἐπὶ
3839 3857 3875 3910 δι

2386 3975 2459 4037 τῷ
2507 3968 2637 4019 τέλει
2688 3972 2776 4019 καὶ
2828 3970 3032 4019 πάντων
3097 3972 3354 4039 μέμνηται
3442 3976 3537 4019 τῶν
3601 3960 3875 4033 συμπαρόντων

2386 4062 2475 4109 καὶ
2530 4053 2918 4128 ὀμοδοξούντων
2972 4056 3114 4127 αὐτῷ
3184 4060 3499 4122 ἐπισκόπων,
3553 4060 3695 4106 ταῦτα
3734 4046 3873 4113 λέγων’

2388 4168 2417 4196 α
2476 4144 2780 4219 Ἠδυνάμην
2832 4142 2889 4199 δε
2944 4154 3045 4198 τῶν
3103 4144 3404 4200 ἐπισκόπων
3452 4155 3544 4199 τῶν
3597 4138 3875 4229 συμπαρόνῖωξ

2386 4242 2761 4307 μνημονεῦσαι,
2814 4236 2903 4296 οὖς
2955 4236 3115 4307 ὑμεῖς,
3172 4235 3435 4298 ἠξιώσατε
3471 4229 3863 4310 μετακληθδναί

2386 4326 2510 4396 ἱμοῡ
2544 4340 2557 4354 ⁶
2616 4329 2705 4376 καὶ
2767 4323 3186 4396 μετεκαλεσοίμην
3222 4346 3235 4358 ο
3316 4326 3385 4377 ὧν
3470 4326 3531 4376 τὰ
3604 4320 3782 4388 ὀνόματα
3817 4323 3872 4355 ειη

2421 4415 2587 4487 Pii”,
2648 4412 2811 4465 πολλά
2865 4414 3037 4472 πλήθη
3084 4414 3234 4466 εἰσίν.
3296 4417 3362 4466 Οἱ
3404 4411 3461 4466 δι
3507 4408 3679 4468 εἰδότες
3717 4405 3779 4453 τὸν
3809 4412 3871 4487 ’μι-

2386 4508 2506 4575 κρόν
2576 4522 2677 4575 μου
2744 4502 3010 4575 ἄνθρωπον
3080 4501 3487 4563 συνηυδόκησαν
3556 4508 3609 4572 τῇ
3677 4488 3865 4575 επιστθῷ

2616 4329 2705 4376 καὶ
2767 4323 3186 4397 μετεκαλεσοίμην
3222 4346 3235 4358 ο

2385 4589 2583 4653 εἰδότες
2606 4594 2685 4644 ὅτι
2724 4592 2832 4650 εἰκῆ
2866 4592 3050 4654 πολιὰς
3100 4592 3194 4645 οὐκ
3233 4594 3445 4665 ήνεγκα,
3506 4588 3603 4642 ἀλλ’
3639 4585 3679 4638 ἐν
3718 4585 3859 4649 Χριστξθ

2386 4680 2563 4739 Ἰησοῦ
2593 4683 2812 4734 πάντοτε
2836 4681 3229 4755 πεπολίτευμαι.

619 4770 931 4843 epistolam
963 4769 1257 4825 sententia
1296 4782 1407 4821 sua
1436 4766 1907 4837 comprobarunt
1940 4785 1953 4823 :
1984 4783 2106 4824 non
2129 4768 2474 4838 ignorantes
2498 4786 2593 4827 me
2631 4787 2754 4828 non
2779 4771 3001 4829 frustra
3022 4787 3205 4829 canos
3242 4769 3642 4828 circumferre:
3674 4767 3761 4817 tum
3790 4761 3860 4804 δυ·

625 4865 743 4917 tem
769 4862 949 4917 vitam
983 4875 1078 4916 me
1101 4871 1340 4929 semper
1361 4855 1421 4911 in
1441 4854 1578 4911 Jesu
1602 4855 1832 4913 Christo
1854 4857 2045 4927 egisse
2069 4859 2286 4917 sciunt.

2367 5022 2549 5093 ἄζυμα
2572 5022 2880 5095 scripsisse
2910 5023 3109 5090 credo,
3144 5023 3223 5079 ad
3245 5024 3573 5079 Graecorum
3597 5004 3860 5095 scutati???

2367 5080 2775 5220 aitrufndain,
2816 5096 2993 5167 quiin
3018 5080 3382 5152 Eu'charistia
3408 5108 3555 5165 pane
3589 5080 3854 5145 fermentato

2370 5180 2408 5220 u
2441 5181 2518 5221 un
2560 5182 2650 5221 ur.

691 5023 769 5089 (1)
800 5021 1021 5077 Euseb.
1075 5020 1177 5076 lib.
1224 5036 1283 5087 ν,
1325 5034 1459 5090 cap.
1510 5020 1603 5092 24.
1646 5013 1816 5092 ίὈταν
1869 5016 2259 5092 ὀᾼλαὸς-ήρτυε

618 5087 712 5152 fuit
770 5093 961 5163 ζύμην.
1014 5092 1256 5163 Niceph.
1313 5087 1495 5154 addit,
1545 5087 1603 5141 Ὀ
1646 5088 1930 5163 λαὸςῗτῶν’
1980 5087 2253 5144 Ιουδοίίων.

619 5162 954 5236 Legendum
987 5162 1187 5220 tamen
1234 5163 1434 5235 ἄζυμα,
1480 5177 1587 5234 pro
1624 5166 1720 5236 τήν
1784 5162 1955 5233 ζύμην
1987 5166 2161 5233 puto.
2193 5165 2258 5218 Et

617 5235 782 5312 apud
805 5242 1125 5311 utrumque
1150 5241 1454 5293 auctorem
1498 5235 1767 5291 notarios
1803 5239 1896 5293 τὴν
1949 5237 2116 5307 ζύμην
2147 5250 2256 5307 pro
