4036 6288
111 337 258 396 1065

719 471 964 520 ΚΕΦΛΛ.
998 465 1124 521 ΛΗ’.

105 571 229 632 Ὠς
259 573 512 646 Βίκτωρ
547 574 872 646 κλινηᾷεὶς,
906 578 1012 634 τὰς
1042 572 1099 625 ἐν
1129 573 1311 646 Ἀσίᾳ
1344 575 1573 638 πόλεις,
1608 571 1720 627 διὰ

186 646 258 695 τὸ
290 641 544 717 Πάσχα,
573 641 987 717 ἀποδιαιρεῖν
1008 654 1122 708 τῆς
1157 641 1717 709 ἐκκλησιαστικῆς

187 717 474 778 ἐνὼσεως
511 716 837 791 ἐπειρᾶτο,

1747 469 1793 522 Α

193 823 401 894 Βίκτωρ
471 827 564 895 μὲν
635 820 723 876 οὖν
788 832 886 876 τῶν
961 821 1177 876 τοιῶνδε
1250 826 1572 897 γραμμάτων
1648 825 1720 886 εἰς

109 918 313 984 χεῖρας
369 911 614 964 ἐλθόντων
664 911 716 976 ἐξ
773 913 938 974 αὐτῆς
975 915 1068 974 τὰς
1119 921 1214 973 τῆς
1272 913 1450 974 Ἀσίας
1501 912 1722 970 Ἐκκλη-

111 1004 260 1065 σίας,
303 1005 392 1053 καὶ
435 1004 528 1063 τὰς
589 1001 811 1073 ὁμόρους
873 1002 1057 1062 αύταῖς
1113 1007 1389 1076 παροικίας
1443 1005 1508 1062 ὡς
1556 1003 1721 1077 ἑτερο-

107 1087 284 1152 δοξου
348 1095 732 1165 προῖσταμένας
799 1087 1084 1163 δόγματος,
1175 1089 1504 1165 ἀποδιαιρεῐν
1589 1092 1722 1144 ἐπει-

105 1185 274 1253 ρᾶτο,
335 1185 425 1232 καὶ
489 1189 586 1242 τῆς
648 1180 928 1242 καθολικῆς
983 1180 1208 1241 ἐνώσεως
1266 1184 1470 1256 εἵργειν.
1545 1179 1724 1235 Ἔνθεν

107 1289 202 1321 τοι
264 1275 353 1322 καὶ
398 1271 687 1343 γράμματα
739 1266 1040 1341 ἐσχεδίαζε,
1116 1270 1428 1327 στηλιτεύων
1505 1270 1724 1331 ἐκείνους

107 1363 213 1410 καὶ
282 1357 630 1431 ἀκοινωνησίᾳ
700 1358 1017 1431 περιϐάλλων
1082 1363 1204 1422 τοὺς
1286 1358 1449 1412 ἐκεῖσε
1530 1363 1724 1420 πάντας

110 1447 338 1521 ἁθρόον.
387 1453 486 1501 Καὶ
548 1449 573 1500 ό
621 1452 710 1520 μεν
755 1452 914 1509 οὕτως
961 1450 1101 1519 εἶχεν
1159 1450 1346 1522 ὁρμῆς
1394 1451 1453 1501 οὑ
1517 1453 1620 1520 μην
1666 1467 1726 1519 γε

108 1543 215 1588 καὶ
271 1545 380 1599 τοῖς
431 1543 548 1610 περὶ
601 1537 756 1590 αὐτόν
801 1537 1106 1599 ἐπισκόποις
1156 1538 1554 1609 ταῦτ-’ἤρεσκεν
1600 1537 1727 1589 ἀλλά

108 1645 184 1698 γε
242 1625 365 1698 φίλα
423 1646 474 1679 τε
537 1631 626 1679 καὶ
698 1627 932 1700 εἰρηνικὰ
1000 1634 1196 1700 φρονεῖν
1264 1628 1570 1698 εἰσηγοῦντο
1625 1635 1728 1688 τοῖς

111 1720 290 1768 ταυτό
323 1724 412 1776 τῆς
459 1721 684 1778 πίστεως
723 1712 902 1788 δόγμα
939 1719 1262 1788 κηρύττουσι
1291 1735 1301 1744 ·
1335 1721 1424 1768 καὶ
1459 1721 1530 1788 μὴ
1568 1717 1730 1778 οὕτως

112 1805 571 1879 ἀπραγματεύτως
645 1810 739 1862 τὴν
827 1813 926 1856 τῶν
1043 1806 1264 1863 πλησίον
1360 1808 1733 1877 παραιτεῖσθαι

115 1895 366 1966 ὠφέλειαι

119 1983 410 2045 ἐξανύτειν.
461 1987 561 2035 Καὶ
611 1983 1026 2059 πληκτικώτερον
1069 1980 1127 2036 δε
1163 1988 1388 2056 προσεφέ
1435 2003 1582 2059 ροντο
1645 1993 1736 2046 τῆς

119 2077 387 2146 προτέρας
452 2071 682 2144 ἐχομένῳ
732 2067 887 2134 δόξης
921 2089 934 2101 '
996 2072 1108 2144 μεθ’
1163 2073 1230 2123 ὧν
1296 2078 1385 2124 καὶ
1463 2071 1734 2146 Εἰρηναῖος

125 2157 194 2219 ἦν
229 2180 244 2193 ’
287 2164 350 2222 ὡς
377 2159 478 2212 ἀπό
523 2169 621 2212 τῶν
669 2161 736 2211 ὧν
791 2161 1013 2235 ἐξῆρχεν
1064 2161 1114 2212 ἐν
1171 2160 1414 2224 Γαλλίαις
1450 2171 1734 2232 παροικιῶν

130 2255 359 2324 Βίκτωρι
413 2250 621 2322 γράφων
679 2254 930 2321 φαίνεται.
989 2254 1316 2322 Παρίσταται
1373 2254 1462 2322 μεν
1535 2257 1589 2308 οη
1646 2256 1734 2302 καὶ

127 2338 305 2403 οὗτος,
337 2343 405 2400 ὼς
442 2335 549 2390 δεῖν
597 2334 728 2390 εἶναι
759 2341 896 2391 κατά
931 2343 1024 2397 τὴν
1065 2347 1390 2413 κυριὼνυμον
1427 2343 1485 2391 16
1534 2341 1735 2411 Πάσχα

129 2428 378 2482 ἐπιτελεῖν
409 2445 422 2458 ·
465 2427 660 2486 ἣκιστα
690 2425 740 2480 δ’
793 2424 1046 2480 ἐνδίδωσι
1079 2434 1298 2501 Βίκτωρι
1339 2433 1490 2481 τόσον
1537 2429 1731 2492 πλῆθος

134 2517 426 2575 ἐκκλησιῶν
490 2524 586 2577 τῆς
657 2516 1098 2578 ἐκκλησιαστικῆς
1167 2520 1392 2579 ἓνώσεως
1487 2514 1728 2592 διαιρεῖν,

133 2613 230 2660 καὶ
273 2607 412 2658 ταῦτ’
445 2605 678 2679 ἀρχαίου
747 2611 836 2657 καὶ
896 2606 1243 2658 ἁποστολικοῡ
1301 2608 1446 2667 ἔθους
1498 2627 1730 2680 παραφυ-

136 2696 426 2756 λαττούσας
470 2691 792 2768 παράδοσιν.
848 2695 1018 2748 Πολλά
1074 2692 1160 2748 οὖν
1213 2699 1280 2756 ὡς
1325 2697 1456 2756 εἰκὸς
1500 2698 1525 2748 ό
1579 2698 1731 2769 Εἰρη-

144 2793 290 2846 ναῖος
341 2790 451 2858 περὶ
501 2785 704 2858 εἰρήνης
757 2789 980 2859 Βίκτωρι
1033 2793 1318 2859 παραινῶν,
1368 2783 1587 2857 ἐπιλέγει
1642 2790 1730 2838 καὶ

149 2880 313 2926 ταῦτα
353 2889 366 2904 ⁸
428 2874 581 2926 καλὸν
632 2878 734 2948 γὰρ
797 2879 888 2925 καὶ
950 2875 1113 2936 αύτάς
1172 2873 1362 2927 ἐκείνου
1423 2877 1732 2946 παραθεῖναι

148 2965 236 3022 τὰς
294 2963 562 3028 συλλαϐὰς,
630 2969 748 3039 περὶ
821 2962 1114 3034 ἀναγκαίων
1172 2967 1329 3024 οὔσας
1397 2973 1458 3024 τῆ
1514 2963 1732 3022 Ἐκκλη-

142 3056 250 3123 σία,
285 3054 458 3127 ὧσπερ
502 3048 568 3109 δὴ
602 3053 696 3102 κάν
725 3058 835 3113 τοῖς
876 3051 1242 3126 Πολυκράτους
1272 3052 1514 3110 ἐποίησα.

147 3148 257 3204 est,
290 3142 463 3197 sicuti
523 3141 705 3196 modo
744 3140 817 3194 de
871 3141 1180 3212 Polycrate
1238 3140 1505 3205 fecimus,
1538 3143 1724 3198 verba

137 3245 289 3286 cere.

745 3323 984 3372 ΚΕΦΑΛ.
1018 3319 1143 3373 ΛΘ’.

134 3426 279 3488 Ὠςό
302 3424 1257 3498 εἰςηνικὼτατοςΕἰρηναίοςτό
1284 3423 1734 3498 ἀστασίαστον

207 3505 339 3560 ταῖς
370 3496 558 3554 ἐκκλη
584 3494 1108 3570 σίαιςᾼπαρέσχε,
1142 3499 1216 3548 τὰ
1244 3505 1362 3548 τῶν
1394 3494 1734 3568 διαδόχων

209 3578 326 3621 τῶν
357 3569 734 3621 ἀποστόλων
767 3565 1282 3640 διηλγησάμενος.

213 3676 399 3747 Γράφει
446 3670 533 3726 οὖν
562 3691 575 3704 ⁶
625 3693 653 3724 ‹‹
703 3675 778 3726 Ού
834 3677 936 3746 γὰρ
994 3679 1147 3747 μόνον
1197 3678 1311 3748 περὶ
1356 3674 1448 3735 τῆς
1489 3675 1658 3746 ἡμέρα
1699 3674 1728 3730 ἡ

139 3763 555 3837 ἀμφισϐήτησις,
621 3763 749 3815 ἀλλὰ
802 3770 892 3816 καὶ
931 3768 1047 3838 περὶ
1078 3770 1169 3815 τοῦ
1213 3759 1383 3822 εἴδους
1431 3762 1590 3814 αύτού
1641 3770 1734 3822 τῆς

137 3859 400 3915 νηστείας.
436 3855 501 3905 Οἱ
543 3856 632 3924 μὲν
679 3855 781 3926 γὰρ
815 3856 1012 3904 οἴονται
1051 3857 1174 3924 μίαν
1230 3853 1426 3923 ἡμέραν
1477 3847 1585 3903 δεῖν
1638 3851 1733 3901 αύ-

137 3945 258 4002 τούς
290 3945 576 4006 νηστεύειν,
608 3943 656 3993 οἱ
687 3938 746 3994 δε
767 3938 865 3994 δύο
900 3962 910 3972 ·
947 3944 996 3993 οἱ
1037 3938 1095 3994 δε
1134 3945 1223 3992 καὶ
1261 3940 1494 4001 πλείονας
1537 3957 1550 3968 ·
1593 3939 1641 3990 οἰ
1674 3935 1732 3990 δι

139 4029 192 4102 μ’
252 4031 384 4104 ὠρας
442 4031 699 4103 ἡμερτνάς
753 4049 806 4083 τε
861 4035 950 4082 καὶ
1013 4032 1305 4102 νυκτερινὰς
1371 4036 1731 4102 συμμετροῡσι

138 4124 227 4177 τὴν
284 4121 480 4192 ἡμέραν
511 4121 700 4174 αὐτῶν.
737 4125 836 4173 Καὶ
882 4122 1099 4178 τοιαύτη
1141 4122 1230 4190 μὲν
1277 4120 1308 4176 ἡ
1364 4117 1598 4170 ποικιλία
1630 4125 1729 4169 τῶν

136 4208 538 4281 ἐπιτηρούντων,
571 4209 628 4261 ού
695 4217 781 4260 νῦν
844 4209 919 4280 ἐφ’
950 4210 1094 4280 ἡμῶν
1146 4215 1410 4278 γεγονυῖα,
1463 4206 1590 4258 ἀλλὰ
1639 4211 1729 4258 καὶ

136 4297 267 4351 πολύ
323 4303 570 4370 πρότερον
635 4301 718 4350 ἐπὶ
773 4306 872 4349 τῶν
926 4302 1026 4371 πρό
1106 4298 1272 4369 ἡμῶν,
1329 4305 1428 4348 τῶν
1490 4300 1608 4368 περὶ
1671 4299 1728 4347 τό

135 4387 347 4462 ἀκριϐὲς
411 4390 480 4448 ὡς
543 4387 672 4448 εἰκὸς
737 4389 1058 4458 κρατούντων
1136 4391 1228 4442 την
1277 4387 1394 4437 καθ’
1461 4385 1730 4442 ἁπλότητα

134 4482 227 4529 καὶ
295 4473 606 4548 ἰδιωτισμόν
676 4477 952 4534 συνήθειαν
1030 4475 1100 4536 εἰς
1166 4474 1224 4526 τό
1297 4478 1570 4546 μετέπειτα
1643 4493 1730 4526 πε-

137 4571 451 4624 ποιηκότων.
520 4571 618 4623 Καὶ
675 4562 828 4617 οὐδέν
876 4563 1081 4617 ἓλαττον
1150 4564 1335 4625 πάντες
1398 4564 1542 4616 οὗτοι
1594 4563 1732 4636 εἰρη-

133 4657 325 4708 νευσάν
385 4673 438 4707 τε
488 4660 577 4706 καὶ
627 4653 946 4729 εἰρηνεύομεν
995 4656 1126 4728 πρὸς
1188 4651 1432 4713 ἀλλήλους
1469 4667 1482 4680 ⁸
1552 4657 1640 4703 καὶ
1697 4653 1727 4709 ἡ

136 4743 406 4816 διαφωνία
453 4751 546 4805 τῆς
601 4747 840 4802 νηστείας
902 4746 995 4800 τὴν
1062 4743 1300 4814 ὁμόνοιαν
1365 4749 1459 4802 τῆς
1511 4747 1734 4802 πίστεως

138 4838 448 4890 συνίστησι.
528 4853 558 4884 ››
639 4838 817 4884 Ταῦτα
884 4831 1061 4900 λέγων,

135 4924 414 4986 συνάπτει,
474 4923 536 4980 ἦν
585 4917 652 4979 δὴ
708 4925 798 4972 καὶ
856 4923 1053 4976 ταύτην
1107 4921 1414 4990 προσθεῖναι
1463 4915 1670 4971 δίκαιον
1722 4933 1734 4946 '

1147 4836 1237 4882 καὶ
1317 4832 1553 4903 ἱστορίαν
1629 4832 1739 4882 ἑπι-

136 5018 272 5086 φησὶ
316 5014 416 5086 γάρ
451 5032 464 5044 '
505 5035 533 5062 ιι
567 5011 646 5064 Ἐν
694 5012 766 5069 οἷς
823 5015 912 5060 καὶ
965 5011 1012 5060 οἱ
1064 5013 1163 5083 πρό
1219 5016 1452 5083 Σωτῆρος
1511 5006 1734 5081 πρεσϐύ-

133 5121 302 5174 τεροι,
381 5102 430 5152 οἱ
502 5101 819 5175 προστάντες
866 5106 955 5158 τῆς
1014 5097 1350 5165 Ἐκκλησίας,
1393 5098 1452 5158 ἧς
1517 5101 1576 5150 οὺ
1651 5104 1738 5148 νῦν

135 5192 344 5264 ἀφηγῇ,
415 5190 688 5246 Ἀνίκητον
739 5189 947 5259 λέγομεν
998 5193 1088 5239 καὶ
1133 5195 1276 5252 ῐιῖον,
1317 5191 1496 5258 Υγίνόν
1543 5205 1597 5238 τε
1650 5191 1738 5238 καὶ

134 5281 476 5354 Τελεσφόρον,
535 5283 626 5331 καὶ
656 5281 856 5331 Ξύστον
896 5294 909 5307 '
941 5280 1056 5328 οὔτε
1105 5277 1250 5328 αὐτοὶ
1297 5275 1579 5350 ἐτήρησαν,
1621 5279 1738 5327 οὔτε

135 5378 247 5430 τοῖς
328 5371 438 5442 μετ’
487 5369 671 5428 αὐτοὺς
739 5370 1008 5441 ἐπέτρεπον
1060 5383 1072 5396 '
1138 5371 1227 5417 καὶ
1302 5363 1452 5418 οὐδὲν
1534 5364 1739 5417 ἔλαττον

137 5461 294 5513 αὐτοὶ
347 5463 418 5530 μὴ
481 5467 756 5530 τηροῦντες
813 5455 1069 5529 εἰρηνευον
1116 5463 1223 5515 τοῖς
1267 5453 1366 5506 ἀπό
1421 5463 1517 5506 τῶν
1564 5474 1743 5527 παροι-

135 5558 286 5614 κιῶν,
328 5548 379 5600 ἐν
428 5549 505 5608 αἶς
554 5551 784 5617 ἐτηρεῖτο
825 5546 1127 5617 ἐρχομένοις
1180 5547 1304 5618 πρός
1335 5544 1522 5603 αύτούς
1565 5563 1578 5576 ·
1629 5547 1744 5595 καί·

138 5657 226 5696 τοι
270 5637 461 5712 μᾶλλον
493 5636 714 5688 ἐναντίον
757 5631 818 5693 ἦν
846 5639 905 5685 τό
954 5640 1126 5706 τηρεῖν
1157 5640 1262 5694 τοίς
1308 5638 1378 5705 μὴ
1428 5640 1688 5709 τηπρούσι
1729 5649 1743 5661 ·

433 5736 675 5793 Ρλτιιοι..
709 5737 808 5791 Gs.
851 5730 1076 5792 CXLV.

1152 338 1721 399 ECCLESIASTICE
1763 340 2128 400 HISTORL/E
2167 343 2303 400 LIB.
2343 344 2439 401 IV.

1775 3349 1816 3406 C

3339 341 3475 400 1066

2283 469 2462 540 339
2494 468 2717 526 CAPUT
2749 469 3014 524 XXXVIII.

1834 577 1905 634 Ut
1937 576 2918 648 Vz'ctorpermotus/‘uerit,civitates
2933 563 3480 647 Asiaticas,propter

1892 649 2110 719 festum
2142 649 2405 714 Pascha,
2439 649 2516 705 ab
2555 651 2784 704 unitate
2840 648 3236 705 ecclesiastica
3281 663 3479 719 segre-

1893 735 2061 790 gare.

1900 827 2090 881 Victor
2115 825 3150 897 verolitterisejuscemodiacceptis,
3179 825 3480 898 extemplo

1830 916 2000 981 Asite,
2020 916 2191 987 eique
2204 916 2486 971 finitimas
2499 914 2800 980 ecclesias,
2831 915 3007 970 veluti
3021 914 3276 970 alienum
3300 919 3482 986 atque

1831 1005 2132 1060 diversum
2164 1005 2388 1074 dogma
2415 1011 2889 1076 propugnantes,
2914 1004 3330 1074 rejicere,etab
3353 1005 3482 1060 uni-

1833 1099 1949 1149 tate
1970 1094 2265 1150 catholica
2293 1109 2512 1160 arcere,
2546 1095 2604 1149 in
2646 1094 2849 1149 animo
2878 1093 3160 1149 habebat.
3186 1095 3375 1158 Quam
3401 1094 3481 1149 ob

1833 1199 2081 1239 causam
2111 1193 2168 1238 et
2208 1183 2406 1238 subito
2434 1182 2658 1238 litteras
2683 1182 3053 1254 conscripsit,
3086 1182 3311 1254 quibus
3353 1182 3482 1238 illos

1832 1273 2069 1344 publice
2096 1271 2364 1343 notabat,
2397 1287 2726 1344 omnesque
2777 1271 2950 1327 simul
2981 1287 3017 1326 a
3055 1272 3484 1328 communione

1832 1362 2210 1428 prohibebat.
2243 1368 2426 1432 Atque
2445 1361 2542 1416 ille
2564 1362 2807 1433 quidem
2825 1360 3194 1431 ejuscemodi
3213 1376 3488 1432 sumpse-

1833 1456 1921 1505 rat
1947 1451 2282 1505 consilium.
2316 1452 2531 1504 Verum
2564 1449 2624 1504 id
2670 1449 2816 1515 aliis,
2849 1450 2954 1522 qui
3011 1466 3150 1505 cum
3181 1466 3252 1506 eo
3295 1459 3482 1516 erant,

1835 1539 2131 1610 episcopis
2162 1541 2363 1594 minus
2397 1539 2636 1610 placuit.
2670 1538 2873 1610 Itaque
2903 1539 3071 1594 illum
3099 1545 3238 1595 sunt
3266 1540 3486 1596 adhor-

1841 1628 1962 1691 tati,
1992 1635 2054 1683 ut
2093 1628 2410 1700 benignius
2467 1643 2572 1697 per
2609 1627 2853 1682 consilia
2896 1633 3110 1700 pacata
3149 1627 3224 1684 de
3267 1629 3351 1684 eis
3379 1629 3487 1701 qui

1839 1715 1976 1771 ﬁdei
2029 1717 2414 1788 praedicarent
2469 1716 2713 1786 dogma,
2772 1721 3088 1771 statueret:
3124 1733 3318 1788 neque
3362 1723 3486 1772 tam

1846 1806 2039 1874 facile,
2072 1822 2131 1860 re
2161 1807 2470 1873 intentata,
2503 1807 2913 1878 proximorum
2947 1805 3227 1876 abjiceret
3250 1811 3306 1862 et
3331 1811 3488 1878 post-

426 1913 439 1925 '
495 1898 664 1966 ἡρέμα
743 1891 801 1946 δέ
869 1900 957 1946 καὶ
1010 1900 1141 1966 λόγῳ
1199 1899 1288 1947 καὶ
1349 1899 1526 1968 χρόνῳ
1594 1905 1730 1947 τοῦτ1

1846 1895 2089 1950 haberet
2117 1895 2425 1950 utilitatem
2460 1910 2472 1949 :
2506 1895 2730 1950 sensim
2784 1895 2842 1950 id
2887 1899 2943 1950 et
2970 1894 3239 1951 doctrina
3267 1900 3324 1950 et
3348 1900 3488 1951 tem-

1841 1999 1985 2056 pore
2012 1984 2340 2056 aliquando
2379 1983 2593 2054 corrigi
2625 1999 2693 2038 ac
2733 1983 2935 2054 perfici
2967 1999 3165 2055 posse.
3202 1985 3262 2038 Et
3295 1984 3490 2039 acrius

1841 2074 2224 2146 severiusque
2254 2089 2392 2128 cum
2434 2073 2552 2138 illo,
2586 2073 2689 2145 qui
2733 2073 2913 2144 priori
2953 2073 3256 2128 sententias
3286 2073 3489 2129 adhin-

1839 2169 2012 2228 reret,
2066 2168 2314 2231 egerunt
2355 2178 2367 2216 :
2415 2163 2566 2216 inter
2613 2177 2766 2232 quos
2806 2166 2862 2217 et
2908 2163 3164 2216 lrenaaus
3221 2167 3366 2228 erat,
3425 2166 3490 2218 ut

1839 2251 2090 2323 quidam
2121 2267 2191 2306 ex
2235 2266 2304 2306 eo
2348 2253 2588 2323 scripto,
2618 2251 2782 2323 quod
2817 2250 3177 2306 Gallicarum
3217 2250 3492 2307 ecclesia-

1838 2357 1996 2407 rum,
2023 2356 2174 2412 quas
2200 2340 2465 2410 regebat,
2493 2341 2736 2395 nomine
2753 2339 2832 2396 ad
2867 2341 3155 2396 Victorem
3172 2341 3353 2405 dedit,
3388 2355 3493 2410 ap-

1840 2435 2024 2501 paret.
2053 2429 2274 2484 Astruit
2302 2429 2527 2501 quippe
2556 2435 2614 2484 et
2665 2430 2817 2501 ipse,
2857 2427 3070 2484 debere
3098 2429 3341 2500 quidem
3365 2445 3494 2485 om-

1838 2519 1980 2574 nino
2033 2519 2336 2574 Dominico
2381 2517 2477 2573 die
2530 2518 2760 2574 Pascha
2809 2518 3066 2589 peragi:
3108 2533 3493 2590 nequaquam

1839 2614 2040 2664 tamen
2091 2607 2301 2663 Victori
2351 2607 2660 2686 permittit,
2729 2613 2793 2663 ut
2836 2612 3066 2664 tantam
3110 2607 3494 2663 ecclesiarum

1839 2698 2264 2754 multituditem
2331 2697 2408 2753 ab
2465 2697 2866 2753 ecclesiastica
2926 2698 3149 2753 unitate
3203 2701 3490 2766 segreget,

1839 2785 2043 2858 idque,
2087 2802 2226 2842 cum
2269 2790 2516 2841 vetustae
2555 2791 2612 2842 et
2659 2784 3001 2858 apostolica;
3045 2784 3494 2841 consuetudinis

1839 2877 2158 2931 observent
2188 2873 2593 2932 traditionem.
2629 2875 2803 2932 Multa
2833 2890 2977 2930 sane
3001 2875 3310 2947 praeclare.
3341 2878 3398 2930 et
3429 2878 3496 2931 ut

1841 2979 1952 3036 par
1981 2964 2108 3033 fuit,
2139 2967 2394 3020 lrenaaus
2441 2965 2516 3020 de
2566 2979 2712 3036 pace
2741 2971 2798 3020 et
2825 2963 3050 3020 unitate
3091 2963 3170 3019 ad
3204 2964 3494 3019 Victorem

1843 3053 2129 3119 scribens,
2162 3054 2284 3108 haec
2323 3068 2566 3125 quoque
2585 3053 2778 3109 refert.
2821 3054 3024 3124 Operm
3044 3052 3298 3125 pretium
3331 3052 3493 3108 enim

1770 3141 1896 3214 ejus
1927 3141 2204 3216 perutilia
2240 3147 2298 3198 et
2351 3143 2689 3199 necessaria
2741 3142 3003 3199 ecclesiae
3057 3141 3259 3199 futura
3304 3141 3497 3198 addu-

2435 3321 2655 3376 CAPUT
2683 3321 2900 3376 XXXIX.

1848 3427 1916 3483 Ut
1929 3426 2094 3492 pacis
2107 3425 2568 3482 studiosissimus
2583 3426 2612 3480 Ι
2613 3441 2840 3481 renaaus
2865 3426 3121 3482 ecclesiis
3145 3424 3490 3495 tranquilli-

1915 3504 2093 3553 tatem
2115 3504 2167 3553 et
2181 3499 2556 3552 concordiam
2572 3498 3187 3565 restituerit,exempla
3198 3511 3458 3553 successo
3471 3525 3487 3539 -

1913 3585 2048 3626 rum
2079 3575 2419 3624 sanctorum
2447 3571 2850 3638 apostolorum
2876 3583 3358 3624 commemorans.

1915 3675 2172 3729 lrenaaus
2218 3674 2298 3729 ita
2350 3675 2552 3730 scribit
2585 3690 2597 3728 :
2633 3697 2661 3725 κ
2697 3677 2824 3730 Non
2848 3675 3030 3730 modo
3078 3674 3238 3730 enim
3265 3673 3340 3729 de
3369 3672 3486 3737 die,

1841 3780 2050 3818 verum
2101 3763 2278 3818 etiam
2330 3763 2403 3817 de
2456 3763 2667 3834 jejunii
2729 3763 2925 3834 specie
2981 3761 3387 3818 controversia
3435 3766 3492 3818 et

1841 3852 2095 3924 quaestio
2143 3858 2248 3906 est.
2283 3851 2538 3917 Quidam
2593 3867 2856 3923 namque
2896 3851 3256 3916 existimant,
3304 3867 3493 3906 unum

1839 3942 1998 4012 ipsos
2029 3947 2302 4012 oportere
2355 3940 2516 3995 diem
2554 3939 2850 4010 jejunare,
2878 3939 3130 4012 quidam
3170 3941 3346 4006 duos,
3397 3938 3496 3996 alii

1840 4031 2017 4085 etiam
2050 4029 2272 4100 plures,
2296 4029 2566 4084 nonnulli
2594 4035 2793 4084 autem
2823 4029 3303 4100 quadraginta,et
3330 4028 3492 4084 horis

1839 4120 2069 4173 diurnis
2097 4125 2152 4174 et
2178 4119 2483 4173 nocturnis
2511 4119 2838 4173 numeratis
2865 4118 3022 4172 diem
3040 4133 3216 4172 suum
3242 4117 3492 4172 metiun-

1841 4213 1950 4262 tur.
1983 4209 2158 4279 Atqui
2193 4208 2440 4263 varietas
2474 4209 2599 4262 haic
2642 4207 3126 4263 Observationum
3157 4222 3278 4260 non
3318 4211 3490 4261 aetate

1839 4303 2042 4352 nostra
2067 4303 2272 4352 exorta
2302 4303 2410 4361 est,
2443 4296 2545 4351 sed
2599 4296 2778 4365 longe
2833 4305 3005 4350 antea
3041 4295 3204 4366 apud
3234 4295 3489 4365 majores

1838 4392 2073 4442 nostros
2111 4385 2493 4458 exstitit:qui
2552 4386 2634 4440 ita
2686 4393 2748 4439 ut
2802 4385 2998 4440 decuit
3048 4390 3320 4440 accurate
3348 4399 3487 4438 con-

1839 4482 2135 4532 servatam
2170 4473 2347 4546 340
2378 4490 2482 4547 per
2547 4474 2879 4546 simplicem
2924 4474 3319 4530 sinceritatem
3359 4488 3502 4527 con-

1840 4564 2172 4627 suedinem,
2205 4565 2282 4618 ad
2336 4568 2605 4634 posteros
2650 4564 3054 4618 transmisere.
3089 4561 3486 4618 Nihilominus

1842 4658 2044 4707 tamen
2074 4651 2163 4705 isti
2192 4667 2402 4705 omnes
2420 4666 2631 4722 pacem
2658 4656 2919 4712 tenuere,
2951 4657 3130 4721 atque
3161 4649 3492 4704 etiamnum
3583 4670 3590 4677 υ

1847 4756 2059 4813 pacem
2099 4741 2248 4794 inter
2294 4755 2405 4795 nos
2461 4739 2808 4807 retinemus,
2851 4744 2905 4793 et
2949 4738 3160 4808 jejunii
3200 4737 3493 4793 dissensio

1850 4830 1989 4884 ﬁdei
2045 4844 2412 4884 consensum
2449 4829 2849 4883 commendat.
2874 4850 2901 4877 »
2934 4828 3027 4882 llis
3070 4826 3266 4882 verbis
3303 4825 3495 4882 histo-

1849 4919 1999 4974 riam
2031 4918 2307 4982 adnectit,
2327 4917 2577 4986 dignum
2631 4917 2894 4987 profecto
2946 4932 3081 4988 qum
3128 4915 3222 4970 hic
3252 4931 3496 4987 quoque

1848 5009 2160 5064 inseratur.
2199 5025 2226 5055 «
2264 5005 2575 5060 Enimvero
2615 5006 2715 5076 qui
2758 5006 3022 5060 Soterem
3067 5011 3498 5076 praecesserunt

1849 5095 2202 5170 presbyteri,
2231 5102 2287 5150 et
2325 5093 2639 5149 ecclesiam
2683 5109 2868 5165 quam
2910 5100 2970 5148 tu
3001 5109 3161 5148 nunc
3197 5092 3498 5164 gubernas

1851 5186 2364 5250 administrarunt,
2417 5183 2726 5237 Anicetum
2805 5183 2958 5245 dico,
3047 5182 3236 5245 Pium,
3325 5181 3500 5252 Hygi-

1852 5292 2020 5342 uum,
2072 5273 2519 5344 Telesphorum,
2551 5284 2606 5326 et
2668 5274 2908 5342 Xystum
2943 5290 2955 5329 :
2988 5285 3176 5342 neque
3229 5271 3336 5342 ipsi
3394 5269 3476 5325 ita

1853 5365 2072 5420 Pascha
2087 5371 2141 5418 et
2166 5361 2460 5433 jejunium
2484 5361 3093 5432 observarunt,squue
3114 5377 3215 5414 eos
3237 5360 3496 5430 quicum

1853 5455 1964 5509 illis
1991 5453 2170 5518 fuere,
2194 5453 2514 5506 observare
2548 5449 3082 5520 permiserunt.Sed
3106 5448 3500 5502 nihilominus

1855 5543 1971 5615 ipsi
1998 5557 2120 5596 non
2153 5541 2561 5604 observantes,
2605 5554 2818 5610 pacem
2861 5544 3176 5594 tenuerunt
3205 5537 3500 5593 adversus

1857 5648 1956 5689 eos
1982 5631 2086 5706 qui
2118 5630 2193 5688 ad
2230 5645 2291 5688 se
2321 5644 2395 5686 ex
2479 5627 2802 5696 ercclesiis,
2854 5643 2991 5701 quae
3049 5627 3132 5683 ita
3181 5627 3534 5706 observant.

3145 5726 3214 5782 34
