4036 6288
647 287 784 344 1067

1958 285 2345 344 NICEPHORI
2383 287 2700 344 CALLlSTI

3761 302 3842 358 ωδε

641 417 952 474 venerunt.
1006 415 1198 486 Atque
1237 412 1518 484 equidem
1569 412 1980 486 maximopere
2031 415 2186 470 inter
2224 432 2251 468 s

2327 413 2374 469 Α
2404 419 2494 466 καὶ
2522 411 2648 467 οὐδέ
2680 433 2804 466 ποτε
2834 411 2928 466 διὰ
2965 417 3023 466 τὸ
3053 411 3189 476 εἶδός
3226 423 3375 468 τοῦτο
3403 415 3705 478 ἀπεϐλήθησώ
3729 444 3846 489 tm;-

641 509 776 572 ista,
799 505 1118 561 observare
1151 500 1392 567 scilicet,
1434 507 1490 558 et
1520 518 1640 557 non
1665 503 2004 568 observare,
2036 503 2288 561 disside-

639 593 1150 664 bant.Nunquam
1177 597 1380 646 tamen
1438 607 1572 647 eam
1625 592 1705 647 ob
1755 607 1882 647 rem
1924 592 2109 665 aliqui
2149 600 2288 653 sunt

637 683 857 756 rejecti.
891 683 1042 746 Quia
1097 679 1210 751 ipsi
1250 695 1371 734 non
1424 679 1837 746 observantes,
1889 681 1993 753 qui
2051 686 2190 738 ante
2234 690 2287 740 te

637 773 874 830 fuerunt
905 768 1253 841 presbyteri,
1293 768 1747 824 advenientibus
1777 786 1848 825 ex
1875 769 2138 826 ecclesiis
2176 773 2284 828 ob-

637 859 1015 918 servantibus
1073 857 1501 912 Eucharistiam
1533 858 1617 928 (t)
1672 859 1980 914 miserunt.
2016 863 2095 914 Ac
2143 877 2280 917 cum

633 951 848 1008 beatus
887 947 1250 1019 Polycarpus
1301 962 1547 1017 peregre
1593 946 1850 1002 Romam
1898 949 2011 1004 sub
2041 950 2283 1006 Aniceto

633 1040 974 1102 venisset,et
997 1035 1436 1108 aliquantulum
1466 1035 1547 1090 illi
1574 1035 1724 1091 inter
1756 1053 1820 1092 se
1848 1037 1923 1092 de
1957 1038 2134 1093 rebus
2161 1055 2280 1096 nou

631 1129 868 1198 magnis
893 1125 1272 1187 dissiderent,
1287 1123 1370 1178 eis
1391 1124 1592 1179 statim
1616 1127 1982 1196 compositis,
1999 1125 2278 1200 deinceps

631 1218 776 1275 nihil
807 1215 1140 1289 quidquam
1168 1215 1582 1270 contreversiaa
1606 1214 1756 1270 inter
1777 1231 1839 1270 se
1867 1216 1940 1270 de
1960 1216 2072 1272 hoc
2085 1221 2278 1290 capite

630 1310 968 1364 moverunt.
1000 1304 1201 1374 Neque
1242 1303 1402 1357 enim
1441 1303 1722 1358 Anicetus
1777 1304 2102 1377 Polycarpo
2148 1323 2277 1378 per-

629 1395 881 1452 suadere
911 1392 1122 1465 potuit,
1156 1395 1221 1445 ut
1250 1406 1372 1446 non
1412 1391 1496 1446 ita
1531 1391 1896 1457 observaret,
1923 1395 2148 1466 quippe
2170 1399 2272 1468 qui

626 1486 687 1542 id
720 1489 857 1556 post
889 1483 1184 1537 Joannem
1208 1481 1439 1535 Domini
1477 1481 1662 1536 nostri
1693 1480 2077 1553 discipulum,
2111 1491 2166 1540 et
2187 1501 2275 1540 re-

623 1574 815 1646 liquos
844 1569 1149 1642 apostolos
1185 1584 1323 1623 cum
1361 1567 1582 1640 quibus
1620 1571 1867 1640 vixerat,
1909 1588 2142 1644 semper
2167 1575 2271 1631 ob-

623 1666 957 1718 servasset:
990 1674 1186 1730 neque
1217 1657 1578 1729 Polycarpus
1618 1659 1948 1726 Anicetum,
1985 1669 2047 1716 ut
2068 1663 2272 1720 obser-

2404 503 2509 556 ἁλλ’
2562 503 2713 556 αὐτοὶ
2771 507 2842 574 μή
2901 511 3178 573 τηροῦντες
3228 506 3276 556 οἱ
3329 509 3422 579 πρὸ
3464 516 3544 559 σοῦ
3590 511 3850 586 πρεσϐύτεροι,

2397 600 2507 654 τοῖς
2543 595 2646 644 άπὸ
2703 600 2802 644 τῶν
2860 601 3144 668 παροικιῶν
3200 602 3445 668 τηροῦσιν
3505 598 3685 669 ἔπεμπον
3740 605 3853 674 Εὐχα.

2395 687 2624 756 ριστίαν.
2679 687 2777 736 Καὶ
2840 690 2930 734 τοῦ
2975 689 3234 757 μακαρίου
3285 681 3345 736 δέ
3402 685 3692 759 Πολυκάρπου
3733 689 3852 750 imi:-

2395 777 2661 842 μήσαντος
2718 771 2766 823 ἐν
2813 771 2981 845 Ῥώμη
3033 770 3117 824 ἐπὶ
3161 771 3457 839 Ἀνικήτου,
3503 781 3710 852 καὶπερὶ
3748 780 3854 832 ἄλλων

2393 869 2543 912 τινῶν
2616 863 2779 934 μικρὰ
2853 863 3061 932 ἔχοντες
3131 865 3260 934 πρός
3342 861 3580 932 ἀλλήλους,
3644 867 3854 940 εἰρήνευσο

2392 949 2544 1012 εὐθὺς
2614 955 2731 1021 περὶ
2805 970 2988 1003 τουτου
3046 959 3138 1003 τοῦ
3202 951 3491 1024 κεφαλαίου,
3533 959 3594 1022 μή
3651 955 3858 1029 ριλιριστέ-

2392 1057 2569 1100 σαντες
2623 1043 2749 1113 πρὸς
2823 1039 3052 1100 ἑαυτούς.
3125 1043 3260 1093 Οὔτε
3330 1044 3428 1114 γὰρ
3473 1044 3497 1093 6
3537 1043 3756 1107 ’Δνίκητος
3802 1051 3856 1098 τὸν

2391 1127 2726 1202 Πολύκαρπον
2795 1136 2974 1181 πεῖσαι
3038 1125 3254 1182 ἐδύνατο
3313 1135 3384 1202 μή
3444 1139 3616 1204 τηρεῖν,
3672 1135 3743 1186 ἅτε
3775 1139 3859 1206 μετὰ

2387 1217 2624 1270 Ἰωάννου
2673 1226 2766 1270 τοῦ
2815 1220 3054 1290 μαθητοῦ
3117 1226 3208 1272 τοῦ
3278 1224 3465 1294 Κυρίου
3519 1223 3644 1292 ἡμῶν
3688 1228 3758 1275 καὶ
3795 1233 3855 1275 τῶν

2385 1303 2574 1358 λοιπῶν
2631 1305 2933 1359 ἀποστόλων
2979 1303 3057 1368 οἷς
3103 1303 3458 1380 συνδιέτριψεν
3497 1311 3568 1362 άεὶ
3606 1318 3856 1384 τετηρηκότι,

2385 1399 2502 1446 οὔτε
2565 1397 2591 1447 6
2651 1395 2989 1469 Πολύκαρπος
3051 1399 3140 1448 τόν
3202 1397 3215 1417 ’
3243 1401 3483 1456 Ανίκητον
3538 1401 3684 1451 ἔπεισε
3729 1408 3853 1473 τηρεῖν,

2383 1483 2595 1555 λέγοντα
2645 1490 2739 1543 τήν
2781 1487 3056 1543 συνήθειαν
3105 1494 3204 1538 τῶν
3260 1490 3361 1560 πρὸ
3410 1488 3542 1559 ἡμῶν
3595 1487 3858 1561 πρεσϐυτέρων

3023 1578 3124 1628 Καὶ
3206 1577 3400 1628 τούτων
3477 1579 3621 1637 οὕτως
3688 1576 3858 1648 ἐχόντων,

3115 1667 3216 1718 Καὶ
3274 1663 3322 1716 ἐν
3380 1672 3438 1723 τη
3494 1665 3711 1737 ἐκκλησίᾳ
3759 1686 3860 1741 παρε-

2383 1573 2597 1646 ὀφείλειν
2679 1577 2944 1646 κατέχειν.

2381 1665 2722 1722 ἐκοινώνησαν
2797 1663 3018 1724 ἑαυτοῖς.

621 1757 804 1816 varet,
868 1749 1108 1814 inducit,
1166 1747 1658 1802 consuetudinem
1720 1764 1928 1805 eorum
1983 1751 2087 1822 qui
2160 1769 2254 1809 no:

2325 1758 2624 1824 3xabpna’tw
2687 1754 2713 1804 6
2766 1753 3042 1814 Ἀνίκητος
3109 1757 3204 1811 την
3266 1753 3610 1828 Εὐχαριστίαν
3651 1762 3710 1824 τῷ
3756 1755 3861 1807 Πολυ-

620 1836 1551 1914 praecesseruntpresbyterorum
1578 1836 1951 1894 retinendam
1981 1856 2112 1895 esse
2134 1841 2270 1899 alle-

619 1934 882 2000 gantem.
903 1928 1044 1993 Quae
1072 1942 1210 1980 cum
1238 1933 1319 1980 ita
1336 1941 1399 1980 se
1428 1924 1736 1996 haberent,
1777 1929 2268 1988 communionem

616 2021 769 2076 inter
798 2035 860 2072 se
891 2017 1284 2072 celebrarunt.
1319 2016 1384 2068 Et
1426 2013 1486 2068 in
1538 2013 1672 2084 ipsa
1697 2017 1950 2072 ecclesia
1990 2018 2267 2076 Anicetus

616 2107 1000 2164 Eucharistiaa
1050 2104 1448 2160 ministerium
1488 2102 1791 2176 Polycapo
1841 2106 2085 2162 honoris
2123 2124 2265 2180 ergo

614 2197 899 2270 permisit.
933 2200 1121 2266 Atque
1178 2193 1260 2247 ita
1304 2193 1363 2246 in
1411 2207 1557 2263 pace
1622 2209 1728 2263 per
1755 2194 2086 2252 discessum
2127 2205 2266 2255 sunt

614 2286 864 2356 sejuncti
893 2301 905 2340 :
940 2298 1153 2356 pacem
1168 2296 1411 2353 quoque
1431 2281 1851 2344 ecclesiis,sive
1874 2284 2265 2344 observarent

611 2376 735 2431 sive
781 2390 901 2429 non
934 2373 1344 2434 observarent,
1391 2371 1802 2426 retinentibus.
1830 2391 1858 2424 »
1889 2374 2263 2447 Quapmpter

611 2465 903 2537 egregius,
946 2469 1007 2517 ut
1055 2461 1366 2534 aptissimo
1418 2459 1647 2514 nomini
1691 2477 1800 2515 suo
1851 2463 2257 2534 responderet,

607 2553 954 2626 paciﬁcator
984 2551 1242 2604 lrenteus
1286 2548 1395 2603 fuit
1441 2547 1544 2619 (2),
1585 2550 1690 2620 qui
1728 2551 1812 2604 sic
1841 2550 2258 2610 intercissione

608 2658 720 2698 sua
741 2657 949 2714 pacem
978 2638 1249 2694 Ecclesiae
1294 2637 1639 2702 conciliarit,
1672 2644 1726 2694 et
1759 2653 1881 2694 non
1913 2641 2096 2697 modo
2117 2658 2256 2698 cum

603 2729 965 2794 Victore,—sed
985 2729 1165 2784 etiam
1203 2743 1342 2782 cum
1359 2727 1486 2782 aliis
1517 2727 1826 2798 permultis
1858 2729 2250 2786 Ecclesiarum

602 2819 984 2886 antistitibus,
1025 2818 1417 2886 congruentia
1455 2817 1990 2890 convenientiaque
2012 2819 2094 2874 eis
2117 2837 2252 2892 quae

600 2908 884 2972 diximus,
915 2907 988 2962 de
1014 2906 1322 2978 proposita
1341 2904 1670 2976 quaestione
1693 2905 2016 2974 afferendo,
2043 2909 2248 2980 egerit.

601 2997 775 3064 Quod
829 3012 969 3051 vero
1009 3010 1207 3050 sermo
1259 3009 1380 3049 non
1433 2996 1751 3064 persuasit,
1783 2995 1844 3050 id
1883 2996 2010 3051 dies
2041 3005 2250 3068 postea

598 3086 863 3160 perfecit.
885 3088 1032 3141 Nam
1063 3084 1175 3140 hac
1205 3085 1264 3138 in
1290 3099 1354 3138 re
1380 3084 1517 3138 Asia
1555 3083 1652 3138 vix
1680 3086 1922 3140 tandem
1943 3087 2119 3141 cessit
2151 3104 2162 3140 :
2193 3096 2248 3144 et

599 3176 822 3248 ubique
855 3181 1144 3230 terrarum
1178 3173 1232 3228 in
1267 3173 1409 3228 orbe
1441 3172 1744 3227 decretum
1772 3180 2084 3240 est,utnon
2108 3192 2246 3232 cum

593 3264 838 3329 Judeeis,
881 3261 1053 3334 351
1101 3261 1374 3332 sedipso
1414 3261 1722 3316 Dominico
1757 3262 1852 3317 die
1894 3265 2244 3334 mysterium

594 3353 838 3410 Paschaa
863 3358 1199 3423 peragatur.
1220 3350 1503 3415 Quamvis
1522 3349 1720 3406 adhuc
1744 3352 1801 3404 in
1822 3353 1957 3407 Asia
1983 3353 2244 3425 reliquias

590 3442 876 3515 quaedam
917 3445 1222 3504 maneant,
1251 3439 1744 3494 consuetudinem
1777 3457 1911 3496 eam
1946 3442 2004 3496 in
2038 3444 2242 3512 paucis

587 3548 835 3604 prorsus
868 3528 1214 3586 inviolatam
1261 3529 1597 3583 retinentes.
1653 3529 1816 3584 Unde
1859 3532 2037 3586 etiam
2087 3534 2241 3597 Qua-

587 3620 1023 3678 tuordecimani
1071 3618 1476 3688 cognominati
1537 3623 1696 3684 sunt,
1747 3621 2238 3677 consuetudinem

587 3725 744 3775 eam,
773 3714 829 3764 et
855 3709 973 3764 alia
1010 3707 1293 3778 quaedam
1330 3722 1403 3762 ex
1431 3706 1750 3778 illegitimis
1783 3713 1838 3763 et
1867 3707 1945 3764 ab
1982 3710 2240 3768 Ecclesia

586 3798 821 3870 rejectis
872 3796 1038 3852 libris
1087 3797 1372 3868 decerpta
1427 3803 1753 3862 servantes,
1795 3802 1852 3851 et
1891 3800 2238 3855 nominibus

585 3887 992 3960 quorumdam
1021 3900 1380 3955 magnorum
1406 3885 1819 3956 apostolorum
1841 3901 1910 3942 ea
1934 3887 1995 3942 in
2012 3903 2073 3943 re
2096 3888 2238 3944 abu-

583 3981 790 4033 tentes.
823 3978 998 4030 Porro
1041 3974 1116 4029 de
1176 3974 1461 4030 Paschate
1513 3975 1765 4046 quaestio
1793 3975 1874 4030 ita
1895 3982 1982 4030 est
2008 3977 2230 4043 decisa,

581 4082 715 4121 cum
737 4080 860 4138 qua
882 4069 936 4119 et
958 4079 1064 4118 nos
1089 4062 1271 4117 ﬁnem
1301 4067 1518 4134 quarto
1544 4063 1683 4117 huic
1712 4062 1864 4118 libro
1878 4063 2188 4122 atferimus
2216 4084 2230 4122 :

582 4171 654 4210 ex
666 4170 788 4226 quo
807 4152 1172 4210 Commodus
1185 4152 1428 4223 quidem
1445 4158 1575 4224 post
1591 4151 1982 4208 tredecimum
2001 4155 2233 4227 imperii

580 4259 810 4301 annum
843 4242 1026 4298 vitam
1046 4241 1217 4305 ﬁniit,
1252 4240 1504 4295 Severus
1539 4256 1677 4296 vero
1701 4248 1840 4312 post
1869 4243 2230 4301 Pertinacem

577 4333 853 4390 nondum
893 4347 1140 4404 prorsus
1187 4346 1423 4385 menses
1470 4347 1572 4385 sex
1609 4331 1668 4384 in
1718 4331 2229 4390 administratione

577 4424 707 4494 ejus
760 4422 1060 4490 transegit.
1105 4418 1377 4474 Continet
1429 4435 1570 4474 vero
1614 4420 1710 4475 hic
1747 4420 1896 4476 liber
1926 4437 2226 4479 annorum

2377 1844 2580 1916 κάρπῳ,
2635 1841 2750 1894 κατ’
2816 1840 3065 1916 ἐντροπὴν
3123 1839 3389 1900 δηλονότι.
3445 1848 3539 1897 Καὶ
3589 1845 3680 1916 μετ’
3719 1844 3860 1917 εἰρήνης

2379 1929 2466 1982 ἀπ’
2525 1930 2756 1989 ἀλλήλων
2831 1929 3208 2002 ἀπηλλάγησαν
3282 1933 3453 1993 πάσης
3521 1940 3606 1994 τῆς
3668 1932 3861 1991 ἐκκλησίας

2376 2021 2583 2092 εἰρήνην
2637 2019 2884 2092 ἐχόντων,
2935 2028 3038 2072 τῶν
3110 2023 3403 2092 τηρούντων
3455 2025 3540 2074 καὶ
3592 2025 3651 2092 μὴ
3712 2024 3859 2094 τηρούν-

2374 2129 2494 2164 των.
2555 2130 2584 2161 »
2643 2113 2959 2181 Φερωνύμως
3013 2114 3184 2162 τοίνυν
3233 2111 3260 2161 6
3318 2111 3580 2182 Εἰρηναῖος
3633 2109 3858 2184 εἰρηωποιὸς

2372 2218 2454 2261 τις
2510 2201 2598 2267 ὧν,
2655 2203 2749 2257 τὴν
2805 2198 3010 2273 εἰρήνην
3058 2206 3176 2260 ταῖς
3230 2197 3532 2262 ἐκκλησίαις
3579 2198 3854 2274 ἐπρέσϐευεν·

2371 2288 2430 2340 οὐ
2483 2295 2555 2358 τῷ
2622 2293 2842 2360 Βικτωρι
2900 2292 3075 2360 μόνον,
3130 2287 3258 2340 ἀλλὰ
3333 2294 3424 2342 καὶ
3475 2285 3706 2363 διαφόροις
3748 2287 3858 2346 ἄλλοις

2370 2377 2656 2434 ἐκκλησιῶν
2750 2378 2974 2448 ἡγεμόσι
3061 2376 3391 2439 καταλλήλως
3486 2386 3583 2438 τοῖς
3660 2379 3857 2450 εἰρημένοις

2366 2471 2485 2540 περὶ
2537 2473 2630 2518 τοῦ
2683 2471 3022 2538 προκειμένου
3083 2470 3386 2539 ζητήματος
3439 2464 3718 2540 διωμιλεῖτο.
3750 2464 3858 2518 ιιιὶὸ

2364 2554 2516 2626 λόγος
2555 2555 2648 2607 οὐκ
2692 2557 2884 2620 ἔπεισε,
2923 2562 3075 2608 τοῦτο
3103 2560 3298 2630 χρόνος
3343 2555 3402 2620 ἐς
3451 2561 3646 2629 ὕστερον
3683 2551 3814 2627 ἔδρασε
3841 2567 3851 2584 ⁸

2363 2650 2454 2697 καὶ
2512 2641 2610 2707 εῖξέ
2645 2664 2704 2716 γε
2732 2646 2762 2702 ἠ
2793 2646 2804 2669 ⁹
2838 2649 2977 2698 Δσία
3022 2649 3173 2717 μόγις
3205 2663 3218 2674 ⁸
3257 2651 3346 2699 καὶ
3397 2646 3684 2718 ἁπανταχοῦ
3705 2652 3769 2704 τῆς
3802 2641 3850 2694 εἰ·

2361 2739 2615 2806 κουμένης
2667 2738 2740 2806 μὴ
2793 2736 2924 2805 μετὰ
2978 2743 3078 2786 τῶν
3136 2731 3439 2802 Ἰουδαίων,
3493 2734 3593 2787 ἀλλ’
3640 2734 3678 2786 ἐν
3717 2740 3760 2802 τῇ
3794 2750 3850 2780 τι·

2359 2827 2602 2895 ριωνύμῳ
2653 2826 2712 2875 τὸ
2771 2831 2863 2874 τοῦ
2925 2824 3126 2896 Πάσχα
3179 2828 3481 2898 μυστήριον
3541 2823 3745 2876 τελεῖσθαι
3785 2815 3849 2871 διε·

2359 2930 2562 2981 γνωστο
2595 2927 2607 2941 ³
2641 2910 2734 2962 κάν
2773 2913 2848 2963 ἔτι
2887 2909 2937 2963 ἐν
2978 2919 3040 2984 τῇ
3071 2913 3083 2934 ’
3120 2917 3259 2985 Atria
3306 2915 3382 2965 τὰ
3427 2911 3636 2984 λείψανα
3676 2908 3834 2978 habet,

2358 2995 2731 3072 ἀπαράτρωτον
2813 3003 2872 3052 τό
2955 3002 3070 3062 ἔθος
3151 2996 3544 3073 διαμεμενηκός
3619 2999 3653 3051 ἐν
3712 2995 3828 3063 ὅλέτθις

2357 3093 2547 3157 πάντη,
2611 3091 2661 3141 οἰ
2729 3092 2818 3141 καὶ
2881 3087 3534 3163 Τεσσαρεσκαιδεκατῖται
3592 3086 3821 3160 προσωνυμίαν

2355 3179 2516 3248 ἔσχον
2559 3195 2570 3208 ·
2601 3179 2795 3236 ταύτην
2847 3185 3124 3250 τηροῦντες
3169 3183 3259 3230 καὶ
3312 3178 3455 3232 ἄλλα
3514 3189 3605 3232 τὼν
3639 3177 3738 3227 νόθων
3771 3171 3834 3220 ut

2355 3263 2658 3324 ἁποϐλήτων
2716 3273 2778 3338 τῇ
2832 3265 2842 3284 ’
2874 3267 3144 3339 Εκκλησίᾳ
3203 3264 3432 3340 βίϐλων,
3483 3269 3675 3340 ὀνόμασι
3708 3258 3741 3313 δ’
3785 3257 3842 3309 οὖν

2352 3364 2502 3409 τινῶν
2563 3363 2662 3406 τῶν
2727 3355 2961 3428 μεγάλων
3019 3354 3318 3408 ἀποστόλων
3391 3361 3756 3432 προσχρώμενοι.
3797 3347 3851 3397 τὰ

2351 3449 2441 3518 μὲν
2471 3441 2557 3496 οὖν
2585 3444 2716 3516 ἀμφὶ
2762 3451 2855 3496 τοῦ
2906 3445 3106 3516 Πάσχα
3150 3445 3466 3516 ζητήματος
3506 3452 3707 3499 τοιοῦτον
3741 3437 3855 3504 εἴληφε

2349 3539 2528 3606 πέρας,
2581 3532 2628 3584 έν
2753 3539 2844 3585 καὶ
2899 3534 3046 3605 ἡμεῖς
3111 3534 3253 3594 τέλος
3305 3544 3374 3608 τῇ
3426 3537 3635 3608 τετάρτη
3678 3529 3852 3596 Esi-(03w

2347 3631 2445 3676 τῶν
2503 3623 2788 3696 Ἰστοριῶν,
2845 3619 3086 3694 Κομόδου
3139 3627 3228 3695 μὲν
3293 3625 3388 3678 ἐπὶ
3458 3622 3582 3678 δέκα
3628 3626 3701 3674 καὶ
3743 3618 3856 3689 τρισὶν

2348 3714 2485 3764 ἐτεσι
2529 3715 2586 3763 τό
2643 3709 2795 3783 βιοῦν
2826 3711 3231 3777 καταλύσαντος,
3265 3719 3499 3788 Σευήρου
3547 3709 3602 3764 δέ
3636 3709 3739 3781 μετὰ
3775 3709 3854 3772 Πιρ-

2345 3805 2529 3854 τίνακα
2589 3796 2703 3851 οὐδ’
2757 3799 2896 3862 ὅλοις
2955 3800 3008 3864 ἐξ
3068 3805 3203 3872 μησὶ
3279 3799 3638 3875 διαγενόμενον
3690 3796 3755 3849 ἐπὶ
3799 3794 3857 3846 τὴν

2347 3888 2522 3961 ἀρχὴν
2588 3891 2962 3952 καταστάντος.
3033 3894 3276 3966 Περιέχει
3353 3890 3417 3946 δέ
3484 3895 3571 3944 καὶ
3630 3891 3655 3946 ἡ
3710 3884 3854 3952 τετάρπ

2343 3998 2433 4050 μοι
2463 3982 2594 4036 αὕτη
2647 3977 2830 4050 βίϐλος
2858 3987 2958 4032 τῶν
3015 3989 3329 4053 συγγραφῶν
3361 3982 3559 4056 χρόνον
3604 3978 3709 4032 ἐτῶν
3741 3969 3776 4026 δ’
3803 3971 3857 4020 ui

2344 4068 2596 4132 εἰκοστὸν,
2656 4067 2831 4140 ὀλίγον
2895 4064 3098 4135 δέοντα,
3166 4068 3434 4143 ἀρξαμένη
3667 4063 3748 4116 ἀπὸ

2343 4157 2516 4230 ἀρχῆς
2553 4157 2565 4178 ’
2608 4162 2892 4210 Δντωνίνου
2943 4160 3058 4210 υἱοῦ
3106 4142 3348 4231 Μάρκου,
3407 4155 3730 4219 καταλήξασα
3757 4142 3851 4212 illi?

2341 4246 2431 4319 ὅλῃ
2475 4255 2537 4318 τῇ
2571 4244 2714 4321 ἀρχῇ
2776 4243 3018 4318 Κομόδου
3049 4264 3104 4300 τε
3155 4253 3247 4300 καὶ
3293 4253 3650 4320 Περτίνακος·
3705 4239 3853 4292 ﬁrmi“

2338 4339 2542 4407 κόσμου
2594 4337 2683 4406 μὲν
2740 4337 2852 4396 ἔτος
2881 4353 2904 4386 ε
2958 4335 2997 4406 ψ
3049 4335 3136 4388 α’⁶
3170 4334 3272 4388 ἀπὸ
3332 4333 3396 4390 δὲ
3447 4344 3547 4399 τῆς
3599 4339 3680 4387 τοῦ
3726 4327 3851 4396 lupi”

2343 4426 2482 4484 θείας
2542 4428 2829 4495 γεννήσεως
2885 4423 3164 4478 ἑκατοστὸν
3230 4426 3380 4478 ἕκτον
3447 4431 3542 4480 καὶ
3614 4414 3851 4477 ἐνενηκοστὸν

573 4528 694 4568 non
721 4509 1324 4579 integrorumviginti
1363 4512 1622 4580 quatuor
1674 4516 1930 4580 tempus,
1970 4511 2228 4568 initium-

2339 4513 2456 4589 έπερ
2465 4517 2653 4572 αίνετο.

571 4616 689 4674 que
719 4600 930 4656 habuit
960 4599 1037 4654 ab
1092 4597 1396 4653 Antonino
1439 4598 1566 4652 Veri
1605 4597 1781 4653 fratre
1828 4599 1927 4670 (3),
1976 4600 2160 4656 ﬁnem
2206 4607 2407 4658 autem
2466 4619 2601 4657 cum
2646 4604 2778 4674 ipso
2839 4601 3151 4660 Commodi
3177 4609 3235 4660 et
3274 4604 3605 4662 Pertinacis
3641 4591 3842 4668 imperio:

639 4729 718 4799 (1)
753 4724 1132 4799 Eucharistiae
1168 4723 1507 4799 communis
1521 4723 2227 4799 participatio,commu-

568 4794 786 4866 nionis,
829 4795 1136 4852 charitatis
1166 4801 1222 4850 et
1253 4795 1491 4850 unitatis
1521 4794 1794 4850 Ecclesiae
1822 4797 2224 4854 certissimum

567 4869 936 4944 symbolum.

636 4978 744 5052 (2)7
803 5048 816 5052 _
884 5047 896 5052 Α
1014 5047 1081 5052 __
1182 4973 1509 5031 Concedere
1537 4974 1726 5031 Roma

710 5047 940 5111 Debuit,
963 5047 1180 5110 aiebat,
1217 5052 1415 5116 potius
1438 5062 1615 5117 quam
1654 5062 1931 5116 rumpere
1958 5063 2164 5116 pacem
2195 5063 2216 5113 ;

701 5120 974 5176 Humani
994 5134 1124 5191 quae
1148 5119 1521 5191 juriserant,
1563 5121 1734 5191 modo
1755 5120 1926 5174 salva
1948 5128 2215 5176 maneret

699 5191 825 5248 Lee
847 5189 1074 5254 divina,
1097 5192 1242 5258 ﬁdes
1285 5189 1518 5256 Christi,
1542 5190 1836 5257 doctrina,
1864 5192 2117 5246 Senatus

703 5265 888 5330 Quam
913 5261 1148 5332 primus
1176 5261 1310 5315 tulit
1333 5276 1433 5316 ore
1448 5277 1576 5318 suo.
1598 5264 1738 5332 quia
1767 5264 2211 5330 traditaabipso

702 5337 941 5390 Clu-isto
967 5342 1093 5389 erat
1127 5333 1403 5388 humanas
1449 5333 1686 5388 doctore
1716 5340 1769 5388 et
1803 5336 2022 5390 lumine
2053 5335 2206 5390 vita.

697 5406 818 5460 Nec
846 5405 1149 5461 curandus
1165 5411 1294 5460 erat
1317 5419 1535 5459 morem
1581 5419 1896 5460 consensus
1935 5405 1997 5461 in
2031 5423 2208 5461 unum

702 5476 891 5548 Usque
918 5478 1088 5532 adeo.
1119 5476 1293 5541 dixit,
1326 5484 1437 5530 etc.

553 5577 817 5656 Baptista
864 5581 1290 5640 Mantuamlib.
1320 5597 1356 5650 ι,
1386 5583 1620 5640 Fastor.
1661 5583 1736 5640 de
1763 5585 1820 5640 S.
1858 5583 2096 5644 Hilario.
2140 5587 2208 5644 Et

2334 4727 2471 4802 haec
2481 4729 2815 4802 certissima
2830 4731 2919 4782 est
2933 4727 3006 4782 de
3022 4727 3386 4801 Adiaphoris
3402 4727 3692 4802 omnibus
3700 4711 3846 4802 τσειιὶξ-

2406 4800 2482 4871 (3)
2501 4801 2617 4854 Hoc
2633 4806 2738 4864 est,
2754 4800 2832 4871 ab
2845 4815 2917 4871 eo
2933 4791 3214 4871 tempore,
3236 4817 3362 4871 quo
3377 4801 3664 4857 defuncto
3675 4796 3722 4849 L.
3738 4791 3848 4871 Verg:

2331 4872 2401 4945 μ.
2414 4861 3190 4945 ῖᾸηιοιιὶηΑιῂελιζὴίιοεορὴυε
3205 4861 3378 4945 solus
3400 4873 3700 4945 imperare
3716 4861 3855 4945 9039}!-

2329 4941 2424 5016 Isti
2450 4949 2648 5016 autem
2669 4941 2793 5016 divi
2809 4941 3016 4997 fratres
3038 4941 3211 5015 aqua
3233 4941 3715 5016 simulpotestate
3731 4941 3860 5016 ῑαρςσ

2328 5014 2482 5068 rium
2517 5013 3014 5068 administrarunt
3046 5009 3219 5070 annis
3256 5018 3338 5072 t1.
3390 5009 3450 5071 [ζ’
3486 5016 3632 5070 Vero
3668 5009 3857 5064 mortuo.

2328 5087 2394 5140 Μ.
2425 5086 2758 5140 Antoninus
2789 5084 2951 5140 solus
2982 5085 3036 5150 4,
3075 5102 3214 5141 cum
3237 5086 3358 5142 ﬁlio
3405 5081 3729 5144 Commodo
3746 5080 3787 5132 5.
3808 5073 3858 5125 Ill

2327 5163 2390 5212 ut
2427 5157 2656 5226 imperii
2705 5158 2771 5212 M.
2806 5157 3089 5211 Antonini
3131 5165 3370 5228 tempus
3405 5163 3474 5212 19
3519 5169 3695 5228 prope
3724 5156 3856 5228 any?!

2323 5222 2772 5299 complectatur.
2789 5228 3154 5297 Nicephorus
3180 5222 3384 5284 autem
3400 5229 3465 5284 in
3488 5222 3561 5284 e'a
3584 5222 3854 5299 fu‘itsentenf

2323 5299 2421 5365 tia,
2453 5296 2514 5354 ut
2540 5298 2878 5363 crediderit,
2911 5296 2970 5354 L.
2999 5299 3205 5354 Verum
3233 5307 3477 5355 tantum
3523 5301 3560 5354 6
3585 5296 3746 5354 annis
3769 5298 3853 5365 cum

2319 5361 2515 5442 Marco
2554 5361 2900 5442 imperasse,
2933 5377 2990 5424 et
3015 5377 3220 5441 postea
3252 5371 3530 5426 Marcum
3562 5365 3726 5425 annis
3749 5361 3851 5442 ξοδ(

2320 5438 2799 5513 δΙὶᾳυοῑὶηείιρθι·
2813 5438 3253 5497 mensibus.Sed
3270 5457 3386 5497 nos
3406 5443 3658 5498 aliorum
3675 5438 3847 5513 script?

2315 5527 2452 5568 rum
2483 5512 2896 5569 auctoritatem
2925 5515 3192 5568 versione
3234 5519 3452 5571 nostra
3489 5513 3673 5570 secuti
3707 5512 3849 5562 sumi!

2318 5585 2433 5644 Sed
2457 5583 2616 5643 enim
2629 5591 2766 5659 post
2787 5583 3013 5642 caedem
3031 5583 3369 5656 Commodi,
3388 5586 3667 5644 Pertinax
3682 5580 3845 5650 imperi
