4036 6288
105 294 236 352 1069

1153 289 1724 348 ECCLESIASTICAE
1763 287 2108 348 HISTORI/E
2146 291 2278 348 LIB.
2321 289 2390 348 V.

3307 287 3447 348 1070

102 437 235 478 cum
261 435 298 477 a
322 420 554 477 mundo
580 420 823 476 condito
851 417 1170 492 quinquies
1197 418 1545 475 millesimus
1571 419 2134 489 septingentesimus
2164 424 2219 476 et
2244 420 2473 492 primus
2499 419 2599 492 (1),
2632 435 2667 476 a
2689 419 2895 477 divina
2917 423 3119 478 autem
3144 421 3447 478 nativitate

101 510 452 566 centesimus
488 511 917 579 nonagesimus
949 512 1150 564 sextus
1182 510 1264 579 (2)
1297 509 1564 580 expletus
1594 514 1748 564 esset
1776 525 1994 564 annus.

101 641 298 680 mense
323 630 376 689 2,
402 625 498 680 die
527 630 616 690 25,
638 625 841 680 Didius
872 631 1073 679 autem
1097 623 1367 679 Julianus
1399 640 1603 680 mense
1627 629 1680 688 2,

1794 626 1914 680 Hoc
1951 625 2035 679 sic
2076 629 2388 698 propterea
2435 623 2788 680 adnotatum
2838 632 2945 689 est,
2998 631 3062 681 ut
3104 625 3439 698 Nicephoro

100 697 191 751 die
221 702 268 762 5,
310 701 452 751 sunt
489 699 844 768 interempti.
889 697 951 750 Et
985 699 1041 750 L.
1064 695 1396 768 Septimius
1433 697 1683 768 Severus
1791 695 2344 768 numerus’etg’ratio
2370 711 2670 751 annorum
2703 703 2952 768 constet.

98 768 377 822 adversus
391 767 1098 836 Pescrenniu’Nigrumab
1111 771 1423 821 exercitum
1436 767 1682 838 Syriaco

96 841 416 896 Antiochiae
427 840 824 911 imperatorem
836 843 1188 902 creatum,co
1196 838 1325 909 pias
1341 855 1482 894 suas
1495 839 1680 894 duxit.

1861 772 1941 838 (ι)
1968 766 2309 822 Secundum
2343 767 2668 823 neotericos
2697 767 3113 838 chronologos,
3141 768 3304 824 4173.

1864 839 1941 909 (2)
1973 839 2223 904 Quintus
2254 839 2475 910 potius.

805 1232 1725 1353 ΝΙΚΗΦΟΡΟΥ
1803 1229 2694 1354 ΚΑΛΛΙΣΤΟΥ

1440 1459 1570 1506 ΤΟΥ
1605 1455 2112 1507 ΞΑΝΘΟΠΟΥΛΟΥ

698 1650 2040 1738 ΕΚΚΑΗΣΙΑΣΤΙΚΗΣ
2120 1650 2820 1739 ΙΣΤΟΡΙΑΣ

1521 1855 1880 1920 ΤΟΜΟΣ
1963 1857 2060 1925 E’.

997 2176 1083 2298 Ν
1100 2174 1798 2300 ICEPHORI
1886 2179 2537 2304 CALLISTI

1523 2420 2026 2481 XANTHOPULI

1086 2612 1890 2708 ECCLESIASTICIE
1945 2616 2443 2708 HISTOBL/E

1532 2787 2033 2918 ‘Twmv

722 3171 965 3225 ΚΕΦΑΛ.
994 3171 1082 3226 Α’.
1727 3173 1773 3226 Α

117 3275 426 3342 Διήγησις
465 3269 525 3322 ἐν
563 3269 848 3342 έπιτόμῳ
886 3277 1004 3321 τῶν
1044 3269 1279 3342 ἄνῳθεν
1318 3267 1698 3341 εἰρημένων,

252 3349 357 3395 καὶ
396 3341 872 3415 μελλόντωντῷ
911 3345 1082 3411 τομῳ
1118 3341 1554 3414 ῥηθήσεσθαι.

182 3455 304 3522 Φέρε
357 3447 424 3507 δὴ
481 3458 589 3512 τοῖς
628 3449 910 3522 εἰρημένοις
957 3453 1046 3501 καὶ
1075 3450 1140 3500 τὰ
1175 3446 1415 3500 λείποντα
1458 3449 1703 3523 παραθεῖ-

105 3560 195 3594 ναι
260 3535 660 3610 σπουδάσωμεν,
717 3541 786 3600 ὡς
849 3540 910 3590 ἄν
965 3557 1024 3608 γε
1093 3537 1209 3589 καθ’
1276 3538 1449 3608 εἱρμὸν
1496 3539 1620 3609 ἡμῖν
1677 3537 1702 3587 ὁ

104 3630 264 3700 λόγος
300 3634 478 3700 προίῃ,
533 3629 709 3702 ἄρτιον
754 3631 810 3679 τὸ
866 3635 1018 3699 σῶμα
1067 3634 1163 3687 τῆς
1222 3627 1360 3700 ἱερᾶς
1405 3624 1706 3697 ἐξυφαίνον-

108 3738 196 3782 tu
248 3719 498 3790 ἱστορίας,
551 3720 628 3769 Τὰ
683 3719 772 3788 μὲν
831 3711 918 3766 οὖν
971 3723 1154 3789 πρῶτα
1209 3722 1300 3775 τῆς
1373 3723 1702 3789 συγγραφῆς,

104 3808 446 3879 προσήκοντά
491 3825 548 3876 γε
609 3801 758 3877 οἶμαι
811 3802 1055 3877 δρῶντες,
1113 3811 1174 3875 τῇ
1252 3803 1440 3876 κεφαλῇ
1500 3806 1704 3855 πάντων

106 3903 332 3969 Χριστῷ
371 3895 668 3967 ἅνεθέμεθα.
721 3896 798 3947 Τά
845 3913 904 3964 γε
950 3898 1053 3965 μὴν
1107 3889 1344 3964 δεύτερα,
1376 3900 1483 3953 τοῖς
1533 3891 1705 3962 ἐκείνῳ

105 3989 425 4057 φοιτήσασι,
499 3992 604 4044 τοῖς
692 3985 845 4057 ἱεροῖς
933 3984 1077 4054 ἡμῶν
1151 3984 1503 4053 καθηγεμόσιν
1553 3984 1707 4051 ὃμοια

100 4081 396 4144 ποιοῦντες⁸
466 4071 867 4146 ἁφωσιὼσαμεν.
933 4075 1032 4124 Τὸν
1108 4068 1167 4123 δε
1219 4075 1390 4143 τρίτον
1443 4078 1600 4142 τόμον
1659 4072 1706 4122 οἱ

96 4167 168 4216 τὰ
249 4171 348 4223 τῆς
431 4168 643 4238 πρώτης
698 4160 898 4212 ἐκείνων
991 4157 1259 4231 διαδοχῆς
1323 4159 1705 4232 ἐκληρώσαντο.

98 4252 197 4306 Ἑν
251 4269 315 4321 γε
369 4256 472 4322 μὴν
500 4258 574 4322 τῷ
611 4251 858 4322 τετάρτῳ,
891 4252 1007 4301 ὅσοι
1037 4245 1103 4307 δὴ
1159 4256 1498 4323 μαρτυρικοῖς
1538 4247 1709 4320 ἀγῶσι

85 4347 190 4394 καὶ
249 4339 428 4410 λόγοις
477 4342 544 4391 τὰ
597 4347 695 4402 τῆς
739 4337 936 4397 πλάνης
975 4337 1303 4411 ὀχυρώματα
1330 4343 1419 4389 καὶ
1451 4341 1542 4396 τὴν
1585 4337 1710 4407 ψευ-

84 4427 356 4500 δὼυυμον
418 4437 612 4500 γνῶσιν
686 4431 1016 4491 κατέσεισαν,
1096 4423 1396 4498 διεξήλομεν
1424 4443 1436 4455 ·
1488 4427 1605 4478 ὅσοι
1657 4445 1710 4478 τε

2358 3170 2537 3245 344
2577 3172 2799 3229 CAPUT
2829 3174 2868 3230 i.

1809 3269 2359 3343 Succinctaeorum
2391 3286 2523 3343 quae
2552 3280 2690 3328 ante
2727 3272 2890 3328 dicta
2917 3279 3055 3328 sunt
3089 3273 3380 3343 repetitio,
3406 3279 3463 3331 et

2116 3341 2503 3398 dicendorum
2535 3346 2644 3399 isto
2675 3350 2827 3400 tomo
2858 3341 3165 3414 expositiol

1883 3447 2150 3519 Agedum
2180 3463 2317 3519 quae
2343 3448 2573 3520 reliqua
2596 3455 2752 3514 sunt,
2778 3450 2870 3505 his
2897 3451 3224 3522 adjungere
3258 3467 3468 3523 perga-

1813 3551 1968 3599 mus,
2005 3541 2067 3590 ut
2097 3537 2246 3590 serie
2272 3552 2381 3592 sua
2402 3537 2593 3592 oratio
2621 3543 2826 3593 nostra
2857 3539 3294 3610 progrediatur,
3322 3539 3467 3594 inte-

1813 3640 2110 3695 grumque
2130 3639 2317 3679 sacrm
2339 3623 2600 3681 historim
2617 3641 2834 3697 corpus
2857 3634 3221 3686 contexatur.
3246 3635 3327 3682 Ac
3350 3629 3468 3700 pri-

1813 3729 1983 3768 mum
2003 3713 2249 3784 quidem
2271 3713 2490 3769 libi-um
2509 3715 2829 3769 voluminis
2849 3716 3028 3785 hujus
3049 3722 3203 3771 recte
3225 3733 3390 3782 sane,
3413 3719 3472 3772 et

1815 3807 1879 3856 ut
1902 3818 2008 3873 par
2033 3801 2160 3867 fuit,
2179 3803 2358 3873 capiti
2379 3802 2650 3857 omnium
2674 3803 2898 3859 Christo
2920 3804 3354 3862 dedicavimus.
3375 3807 3470 3862 Se-

1815 3892 2064 3944 cundum
2079 3890 2464 3946 sectatoribus
2476 3892 2524 3961 ej
2538 3893 2813 3956 us,sacris
2828 3893 3472 3959 auctoribus,ducibus-

1814 3995 1932 4051 que
1954 3982 2196 4044 nostris,
2220 3979 2424 4036 itidem
2449 3980 2659 4036 merito
2681 3983 3186 4037 consecravimus.
3209 3984 3467 4039 Tertium

1815 4069 2211 4139 primieorum
2225 4084 2598 4124 successores
2610 4071 2792 4125 sortiti
2806 4071 3474 4142 sunt.lnquartoantem

1816 4174 1918 4214 eos
1931 4159 2666 4230 commemoravimus,qui
2680 4159 2767 4214 vel
2780 4160 3208 4215 certaminibus
3222 4163 3475 4230 egregiis

1818 4254 2128 4317 martyres,
2151 4247 2242 4302 vel
2260 4247 2507 4302 eruditis
2531 4249 2766 4318 scriptis
2788 4249 3082 4313 doctores,
3107 4251 3322 4305 erroris
3346 4267 3475 4305 mu-

1819 4337 2072 4391 nitiones
2092 4342 2270 4408 atque
2286 4335 2436 4392 falso
2454 4336 2827 4392 nominatam
2845 4338 3152 4393 scientiam
3170 4354 3474 4410 expugna-

1821 4433 1983 4490 runt;
2005 4426 2108 4496 qui
2129 4426 2310 4480 etiam
2330 4425 2705 4481 ecclesiastici
2733 4427 2948 4482 fuerint
2972 4429 3313 4497 scriptores,
3339 4429 3471 4495 qui-

79 4519 548 4574 έκκλησιαστικοὶ
600 4523 919 4592 συγγραφεῖς
946 4532 958 4544 ’
1003 4519 1092 4568 καὶ
1141 4520 1258 4566 τίνα
1310 4512 1376 4574 δὴ
1410 4513 1711 4568 καταλελοι-

1822 4513 2004 4568 busve
2061 4513 2142 4568 illi
2193 4521 2328 4584 post
2379 4530 2440 4569 se
2490 4514 2705 4569 relictis
2762 4517 3208 4571 commentariis
3264 4517 3470 4571 deces-

73 4615 262 4669 πότις
337 4609 728 4680 συγγράμματα
779 4605 1155 4676 ἀπηλλάγησαν
1185 4623 1196 4633 ·
1231 4606 1306 4656 ἔτι
1363 4602 1423 4656 δι
1469 4609 1556 4657 καὶ
1609 4605 1710 4656 ὅσα

73 4694 394 4753 ἐπισυνέϐη
459 4704 531 4766 τῷ
584 4702 676 4748 τοῦ
726 4697 926 4768 Πάσχα
967 4694 1255 4765 ζητήματι.
1303 4691 1361 4745 '0
1394 4690 1452 4745 dii
1478 4698 1712 4766 πέμπτος

69 4789 280 4852 οὗτος,
325 4788 392 4838 τὰ
440 4788 574 4837 κατὰ
622 4789 709 4838 τὸν
755 4784 1215 4858 πολυμαθέστατον
1271 4781 1561 4857 Ὠριγένην,
1625 4785 1711 4834 τὸν

68 4881 188 4931 καὶ
267 4870 644 4948 Ἀδαμάντιον,
695 4873 768 4935 εὶς
822 4873 1001 4926 λεπτόν
1055 4869 1272 4924 διελθεῖν
1330 4873 1708 4944 ὑπισχνεῖται⁸

67 4971 187 5020 καὶ
257 4971 375 5027 τοῖς
430 4969 546 5038 περὶ
588 4963 880 5016 αυτόνικαι
919 4962 1060 5032 αὐτῷ
1114 4963 1412 5019 πονηθεῖσιν
1456 4963 1581 5034 ὑπὲρ
1631 4960 1708 5013 εὐ-

71 5054 320 5115 σεϐείας
353 5073 366 5086 ·
410 5054 513 5114 οἷος
563 5071 617 5106 τε
651 5057 825 5124 γέγονε
881 5057 969 5103 καὶ
1023 5053 1160 5114 ὅπως
1193 5068 1205 5080 ·
1241 5059 1372 5108 ὅσην
1402 5069 1456 5102 τε
1495 5050 1710 5121 εἰσενεγ-

66 5151 206 5198 κὼν
265 5146 391 5216 περὶ
442 5144 508 5194 τὰ
565 5143 677 5195 θεῖα
726 5135 984 5204 σπουδὴν,
1040 5138 1258 5200 πολλοὺς
1309 5139 1381 5200 εἰς
1437 5142 1522 5191 τὸν
1581 5139 1708 5210 ὑπέρ

71 5241 361 5308 Χριστοῦ
419 5231 594 5302 ἀγῶνα
639 5231 848 5302 ἠρέθισε
881 5249 894 5261 ο
964 5234 1052 5281 καὶ
1107 5228 1321 5288 πολλοὺς
1377 5227 1603 5300 ἐραστὰς
1663 5245 1716 5278 τε

71 5329 195 5378 καὶ
257 5318 606 5380 σπουδαστὰς
635 5327 730 5378 τῆς
769 5325 928 5370 αὑτοῦ
958 5318 1263 5390 φιλοσοφίας
1291 5314 1494 5382 διττῆς,
1529 5320 1656 5388 ἔσχε
1698 5332 1710 5345 ⁸

70 5417 195 5467 καὶ
237 5412 335 5483 οἶα
386 5413 748 5481 ἐπικεχείρηκε
803 5407 966 5479 τολμη
1025 5409 1303 5478 παρθενίαν
1359 5405 1534 5457 ἀσκεῖν
1595 5404 1720 5477 βου-

73 5505 370 5574 λόμενος·
436 5504 527 5551 καὶ
602 5505 671 5560 ὼς
739 5497 880 5558 τέλος
955 5503 1050 5557 τῆς
1108 5496 1303 5555 εὐθείας
1379 5495 1720 5566 ἀποσφαλεὶς,

80 5588 378 5660 ἀπατηλῷ
419 5585 635 5660 δαίμονι
677 5588 1068 5659 πειθαρχήσας,
1109 5592 1200 5636 τοῦ
1244 5586 1426 5655 ὑγιοῦς
1473 5583 1748 5659 ἐξετράπη.

1821 4601 2004 4657 sei-int
2031 4619 2045 4657 :
2072 4608 2196 4657 tuin
2221 4609 2440 4668 autem,
2465 4618 2744 4674 quaenam
2766 4603 2840 4658 de
2865 4605 3197 4674 quaestione
3225 4605 3475 4660 Pascha-

1821 4694 1894 4747 tis
1918 4697 2051 4747 acta
2073 4697 2250 4762 atque
2276 4692 2511 4746 decreta
2536 4694 2670 4746 sint.
2697 4693 2946 4757 Quintus
2973 4707 3151 4764 porro
3172 4693 3318 4747 liber
3344 4694 3474 4759 iste,

1820 4797 1914 4837 res
1939 4779 2325 4836 eruditissimi
2345 4779 2630 4849 Origenis,
2660 4783 2763 4853 qui
2788 4788 2844 4837 et
2867 4781 3258 4837 Adamantius
3282 4781 3478 4837 dictus

1822 4875 1928 4935 est,
1954 4869 2300 4941 plenissime
2320 4872 2626 4941 expediet:
2657 4886 2810 4941 quos
2837 4870 2930 4926 ille
2959 4886 3066 4942 pro
3096 4886 3236 4926 vera
3260 4870 3478 4942 pietate

1824 4960 2033 5016 adierit
2064 4958 2334 5023 labores;
2379 4959 2557 5023 unde,
2595 4966 2650 5014 et
2684 4960 2790 5030 qui
2827 4961 3002 5014 fuerit
3050 4980 3062 5011 :
3103 4967 3160 5014 et
3194 4967 3254 5013 ut
3289 4975 3476 5031 quain

1823 5047 2152 5121 plurimum
2179 5047 2358 5102 studii
2383 5048 2461 5102 ad
2492 5064 2584 5101 res
2604 5048 2835 5101 divinas
2863 5048 3197 5113 conferens,
3223 5048 3482 5118 permul-

1827 5143 1917 5192 tos
1939 5137 2017 5192 ad
2037 5141 2336 5192 certamen
2359 5151 2466 5206 pro
2484 5134 2715 5191 Christo
2733 5135 3081 5190 obeundum
3105 5137 3444 5192 excitaverit
3465 5153 3480 5191 :

1827 5243 2012 5298 quain
2033 5226 2173 5280 item
2198 5225 2412 5280 inultos
2434 5231 2732 5280 amatores
2754 5231 2933 5296 atque
2956 5230 3273 5280 sectatores
3301 5223 3479 5297 345

1831 5315 2128 5369 studiosos
2149 5313 2404 5383 duplicis
2427 5313 2820 5385 philosophiae
2845 5329 2968 5368 suae
2991 5312 3268 5368 habuerit
3296 5333 3308 5371 :
3340 5330 3477 5386 quin

1832 5403 1892 5458 in
1924 5405 2127 5474 seipso
2156 5419 2338 5458 ausus
2368 5404 2459 5466 sit,
2493 5402 2837 5458 caelibatum
2867 5408 3049 5474 atque
3085 5402 3481 5474 virginitatem

1833 5507 2184 5548 conservare
2215 5491 2419 5547 volens
2453 5510 2466 5548 :
2503 5498 2563 5547 ut
2590 5492 2844 5562 denique
2875 5492 2952 5547 ad
2985 5496 3357 5563 postremum
3387 5508 3480 5548 se-

1834 5582 2060 5638 ductori
2083 5580 2345 5638 daimoni
2366 5581 2709 5647 obsecutus,
2733 5585 2788 5637 et
2809 5596 2846 5637 a
2867 5586 3028 5639 recta
3049 5580 3152 5639 via
3170 5579 3484 5650 aberrarit,
