4036 6288
662 231 792 290 1071

1994 229 2390 286 NICEPHORI
2437 231 2760 288 UALLlSTl

3767 248 3850 303 1072

656 367 712 416 et
732 376 768 415 a
788 373 935 414 sana
955 356 1223 414 doctrina
1244 355 1546 411 exciderit.
1571 356 2000 426 Complectetur
2020 361 2276 427 praetere.

2377 385 2387 411 ι
2425 366 2769 432 φρονήματος.
2803 359 3123 431 Διαλήψεταί
3169 381 3229 432 γε
3258 366 3358 433 μὴν
3397 368 3477 416 καὶ
3517 364 3666 426 ᾶλλαή
3693 369 3848 444 ἱστορία·

653 449 771 506 alia
796 464 1038 519 quoque
1062 463 1074 501 :
1103 461 1346 515 gravem
1375 444 1646 500 videlicet
1666 445 1824 500 illam
1849 446 1960 499 sub
1989 447 2158 501 Decio
2187 461 2314 518 per-

651 539 1039 601 secutionem,
1091 535 1599 606 ecclesiarumque
1653 551 1962 590 sacrarum
2001 536 2288 590 antistites

653 634 707 686 et
738 644 874 700 quae
906 627 966 681 in
993 628 1077 681 eis
1103 624 1434 681 acciderint
1454 640 1550 678 res
1578 625 1901 695 inOpinataa
1927 630 1980 680 et
2007 600 2312 681 admiran:

653 720 766 776 dae.
791 717 1029 773 Initium
1060 721 1260 771 autem
1291 714 1429 769 inde
1459 715 1842 768 sumendum.

1311 823 1534 878 CAPUT
1577 823 1643 876 ll.

2423 451 2490 501 τά
2525 471 2580 502 τε
2633 456 2751 526 περὶ
2807 458 2899 504 τοῦ
2945 453 3080 504 κατὰ
3127 457 3301 504 Δέκιον
3344 462 3515 527 πικροῦ
3560 453 3757 528 διωγμοῦ,
3781 466 3851 524 τώς

2421 557 2476 590 τε
2528 547 2628 591 τῶν
2685 539 2970 598 ἐκκλησιῶν
3025 542 3299 612 ἡγεμόνας,
3363 546 3446 594 καὶ
3504 547 3562 596 τὰ
3618 548 3680 598 ἐπ’
3727 551 3855 612 ίκιίνοις

2419 625 2716 702 παράδοξα.
2747 630 2986 702 Ἀρκτέον
3022 626 3081 682 δὲ
3111 631 3264 684 ὀῦτω.

3041 831 3282 880 ΚΕΦΔΛ.
3317 825 3384 881 Β’.

645 937 731 992 De
752 933 1160 1010 persecutione
1181 929 1288 1010 sul;
1317 929 1554 1010 Severo,
1582 929 1646 982 in
1675 943 1793 998 qua
1822 927 2276 1010 Leonidespate:

2413 936 2572 1004 Περὶ
2635 939 2750 1010 re}?
2829 935 2996 1010 atare:
3071 941 3373 1010 Σευῆρον
3430 931 3693 1010 διωγμοΔῡ,
3743 935 3855 1010 iis]

789 1005 1078 1075 On'genis,
1097 1007 1344 1072 propter
1371 1000 1669 1056 Christum
1689 1006 1935 1056 mortem
1959 1000 2155 1055 subiit.

715 1180 1046 1240 Commodo
1085 1177 1405 1251 imperium
1446 1176 1918 1242 administrante,
1961 1192 2053 1232 res
2101 1177 2298 1233 Chris-

644 1274 821 1330 tiana:
869 1276 1098 1342 pacataa
1139 1265 1589 1338 tranquilleque
1630 1265 1788 1320 fuere
1830 1265 1928 1336 (t).
1970 1266 2294 1337 Postquam

646 1367 844 1419 autem
876 1359 968 1414 ille
999 1375 1069 1413 ex
1110 1355 1340 1412 insidiis
1371 1371 1555 1410 caesus
1597 1359 1702 1421 est,
1736 1360 1788 1410 et
1821 1354 2094 1409 Pertinax
2129 1354 2295 1410 brevi

644 1449 977 1508 admodum
1027 1453 1291 1519 tempore
1331 1442 1665 1514 imperavit,
1707 1449 1884 1514 atque
1923 1443 2060 1497 huic
2101 1443 2296 1513 (sicuti

641 1539 930 1608 diximus)
959 1539 1208 1592 Severus
1231 1531 1532 1596 successit,
1556 1538 1676 1586 tum
1702 1547 1945 1602 quoque
1967 1532 2108 1586 satis
2132 1531 2294 1587 bono

635 1630 772 1686 loco
816 1643 909 1683 res
962 1629 1178 1680 nostrae
1227 1623 1411 1688 fuere,
1457 1620 1766 1691 indiesque
1814 1619 1954 1674 ﬁdei
2005 1621 2291 1692 professio

635 1721 966 1788 augmenta
995 1731 1102 1769 sua
1131 1712 1304 1783 cepit,
1337 1726 1544 1765 eorum
1576 1725 1728 1781 quos
1759 1711 2161 1764 recensuimus
2202 1727 2292 1765 ec-

643 1806 1108 1865 clesiasticorum
1153 1802 1466 1856 doctorum
1508 1798 1736 1868 scriptis
1780 1805 1959 1870 atque
2007 1800 2290 1859 doctrinis

639 1898 806 1955 illam
831 1890 1319 1966 provehentibus,
1353 1889 1532 1960 idque
1558 1889 1617 1941 in
1649 1888 1923 1942 maximis
1951 1889 2292 1961 quibusque

643 1985 1024 2061 potissimum
1069 1980 1336 2043 urbibus,
1380 1978 1664 2031 nimirum
1704 1977 2096 2042 Alexandriae,
2137 1983 2194 2032 et
2229 1979 2291 2033 in

648 2092 721 2133 ea
751 2073 896 2129 urbe
923 2087 1056 2144 quae
1084 2068 1160 2124 ab
1186 2065 1474 2123 Antiocho
1499 2071 1584 2120 est
1615 2065 1874 2129 condita,
1903 2064 2086 2131 Elite,
2109 2070 2167 2120 et
2186 2082 2293 2138 per

647 2163 1018 2221 Palaestinam
1051 2172 1315 2221 omnem,
1341 2153 1574 2226 Ephesi,
1602 2152 1909 2217 Cassareae,
1931 2159 1989 2208 et
2011 2154 2292 2210 occiden-

652 2262 768 2311 tem
817 2267 1026 2307 versus
1075 2245 1527 2308 Thessalonicae,
1573 2242 1837 2309 Athenis,
1876 2244 2136 2298 Corinthi
2176 2262 2190 2296 :
2229 2245 2287 2299 in

643 2342 865 2406 Galliis,
894 2345 949 2395 et
989 2341 1190 2394 Romae
1232 2334 1512 2390 maxime.
1557 2332 1768 2401 Integri
1807 2333 1966 2388 enim
2006 2333 2213 2404 populi
2233 2337 2290 2388 et

642 2433 862 2488 domus
903 2433 1040 2484 totae
1082 2424 1156 2481 ad
1188 2422 1367 2478 ﬁdem
1403 2421 1786 2485 accedebant,
1820 2421 2056 2490 quidvis
2095 2421 2289 2477 facere

634 2528 688 2578 et
723 2520 842 2594 pati
874 2521 1116 2590 paratae,
1145 2528 1331 2585 quam
1366 2516 1428 2566 ut
1456 2509 1792 2582 quidquam
1824 2514 2031 2565 contra
2061 2510 2289 2582 religio-

636 2626 776 2666 nem
825 2611 1097 2663 nostram
1145 2606 1406 2673 agerent,
1453 2603 1558 2654 aut
1609 2605 1919 2654 novarent.
1966 2599 2136 2663 Quod
2184 2597 2287 2655 ubi

639 2702 854 2756 Severo
896 2694 1145 2750 minime
1184 2687 1558 2746 tolerandum
1600 2693 1686 2742 est
1723 2689 1939 2755 visum,
1989 2688 2286 2757 insignem

631 2766 837 2844 statim.
852 2790 1060 2841 contra
1091 2779 1412 2835 Ecclesiam
1438 2791 1678 2832 omnem
1706 2777 1891 2830 movit
1920 2778 2287 2847 persecutio-

631 2893 792 2934 nem.
815 2877 878 2930 Et
904 2871 1100 2927 subito
1121 2884 1227 2940 per
1247 2882 1487 2923 omnem
1515 2873 1801 2920 terrarum
1828 2867 2033 2920 orbem
2066 2868 2285 2922 eximia

629 2966 896 3022 instituta
918 2965 1054 3015 sunt
1083 2956 1389 3028 martyria,
1420 2954 1677 3009 maxime
1707 2969 1843 3008 vero
1865 2955 1922 3008 in
1955 2955 2203 3027 .Egypto
2229 2961 2286 3011 et

2484 1001 2816 1082 Λεωνίδης
2855 1006 2880 1082 ό
2918 1009 3128 1076 πατὴρ
3161 1001 3516 1080 Ὠριτένους
3546 1001 3603 1059 τό
3636 1004 3721 1060 διὰ
3742 1001 3856 1082 Χρισι

2484 1078 2588 1127 τόν
2628 1076 2810 1136 τέλος
2849 1079 3027 1148 ἔσχε.

2482 1181 2702 1254 Εἰρήνης
2751 1185 2840 1254 μὲν
2910 1179 3045 1254 ἦσαν
3101 1185 3272 1255 μεστὰ
3343 1187 3405 1235 τὰ
3459 1186 3666 1256 ἡμέτερα,
3704 1182 3857 1256 Kopdo‘u

2407 1273 2500 1327 τὴν
2530 1269 2706 1342 ἀρχὴν
2751 1268 2786 1322 δ
2793 1273 3076 1333 ιιθύνοντος
3109 1292 3120 1304 ·
3158 1275 3265 1324 ἐπεὶ
3308 1269 3357 1324 δ’
3396 1271 3564 1325 ἐκεῖνον
3598 1273 3642 1335 ἓξ
3679 1271 3859 1335 ἐπιϐουλῆς

2410 1364 2672 1429 σφαγέντα
2725 1361 2977 1432 Περτίναξ
3053 1366 3244 1436 χρόνον
3300 1359 3589 1433 ἐπίϐραχυν,
3630 1367 3702 1414 καὶ
3749 1371 3858 1414 τοῦτον

2405 1446 2642 1520 Σεϐῆρος,
2697 1452 2768 1510 ὡς
2820 1452 3040 1520 εἴρηται,
3089 1447 3385 1520 διεδέχετο,
3441 1446 3562 1507 ἦσαν
3606 1453 3678 1522 μὲν
3718 1448 3764 1508 δὴ
3805 1450 3860 1501 κᾶν

2401 1539 2567 1606 τούτῳ
2613 1537 2780 1608 ἠρέμα
2834 1558 2942 1599 πως
2993 1540 3182 1610 ἔχοντα
3237 1541 3302 1590 τὰ
3363 1540 3583 1612 ἡμέτερα,
3625 1544 3696 1590 και
3734 1542 3779 1590 τὰ
3805 1547 3862 1598 τῆς

2401 1629 2625 1687 πίστεως
2663 1629 2868 1698 ἤκμαζε
2917 1629 3238 1699 καθημέραν,
3289 1627 3456 1698 λόγοις
3485 1647 3533 1679 τι
3565 1632 3643 1679 καὶ
3679 1624 3860 1679 διδασκα-

2331 1733 2371 1786 B
2400 1712 2537 1776 λίαις
2566 1722 2673 1776 τοῖς
2725 1721 3114 1789 προειρημένοις
3167 1724 3266 1768 τῶν
3320 1715 3583 1774 ἐκκλησιῶν
3622 1712 3861 1774 διδασκαλος

2399 1799 2728 1868 ἐπιδιδόντα,
2784 1809 2874 1856 καὶ
2921 1805 3114 1876 μᾶλλον
3175 1809 3225 1858 ἐν
3276 1813 3394 1867 ταῖς
3427 1812 3668 1877 μεγίσταις
3706 1813 3776 1856 τῶν
3808 1810 3861 1855 το-

2397 1891 2540 1944 λιων.
2605 1889 2773 1946 Αὗται
2822 1889 2873 1943 δ’
2930 1890 3065 1952 ἦσαν
3133 1891 3492 1968 Ἀλεξάνδρεια
3542 1913 3588 1946 τι
3626 1900 3698 1946 καὶ
3738 1896 3758 1952 ἧ
3811 1899 3860 1945 τὸν

2399 1979 2678 2052 Ἀντίοχον
2731 1984 2860 2053 ἔσχε
2910 1979 3201 2057 δομήτορα,
3263 1986 3328 2036 τά
3391 2003 3444 2036 τε
3493 1988 3596 2056 περὶ
3637 1987 3709 2039 τὴν
3751 1981 3858 2034 Adin

2398 2075 2573 2121 πᾶσαν
2611 2074 2699 2122 καὶ
2741 2071 3114 2138 Παλαιστίνην,
3170 2071 3388 2144 Ἔφεσόν
3425 2091 3476 2125 τε
3515 2075 3593 2124 καὶ
3627 2073 3857 2144 Καισάρειαν,

2397 2163 2488 2210 καὶ
2527 2161 2590 2210 τὰ
2633 2163 2748 2232 περὶ
2795 2163 2886 2218 τὴν
2944 2159 3182 2235 ἑσπέραν,
3245 2159 3587 2216 Θεσσαλονίκη
3621 2163 3691 2210 καί
3721 2159 3855 2215 Ἀθῆναι

2397 2251 2486 2298 καὶ
2546 2249 2788 2319 Κόρινθος
2837 2243 2992 2299 αὗται
3016 2265 3029 2276 ·
3076 2254 3165 2300 καὶ
3212 2251 3281 2301 τὰ
3334 2253 3450 2323 περὶ
3495 2246 3693 2312 Γαλλίας,
3734 2252 3794 2298 καὶ
3827 2249 3856 2296 τί

2397 2337 2545 2388 πλέον
2593 2334 2676 2387 ἐπὶ
2723 2336 2922 2408 Ῥώμην
2968 2337 3127 2395 αὐτήν
3162 2359 3175 2370 ·
3217 2339 3288 2400 ὡς
3344 2343 3433 2390 καὶ
3484 2333 3717 2408 αὕτανδμα
3752 2333 3853 2388 πλήθη

2396 2431 2486 2478 καὶ
2559 2428 2732 2488 οἴκους
2781 2425 2932 2488 ὅλους
2980 2431 3253 2501 προσιέναι
3320 2436 3382 2498 τῇ
3431 2446 3612 2489 πισττι,
3655 2429 3722 2477 καὶ
3755 2425 3858 2474 πέντε

2397 2511 2527 2588 δρᾴν
2558 2512 2606 2566 ἐν
2654 2514 2838 2585 ἑτοίμῳ
2868 2517 3008 2586 ἔχειν
3054 2519 3083 2574 ἦ
3145 2535 3195 2568 τι
3224 2521 3524 2589 νεωτερίσαι
3564 2517 3672 2566 κατὰ
3710 2521 3771 2570 τῆς
3803 2513 3856 2558 πί·

2397 2621 2578 2662 στεως.
2643 2603 2783 2656 Ἐπεὶ
2843 2599 2902 2656 δὲ
2953 2609 3159 2677 Σευήρῳ
3218 2608 3420 2664 ἣκιστα
3493 2607 3679 2677 φορητὸν
3735 2596 3851 2662 itan,

2395 2691 2626 2765 λαμπρόν
2675 2692 2863 2745 αὐτίκα
2912 2697 3000 2744 τὸν
3072 2689 3308 2766 διωγμὸν
3363 2696 3495 2747 κατὰ
3551 2694 3689 2751 πάσης
3723 2685 3851 2742 ’Ὲλιλν
3940 2687 3941 2708 ἶ

2398 2785 2511 2840 σίας
2573 2779 2844 2854 ἀνεγείρεὴ
2897 2786 3020 2852 ᾤετο
3071 2779 3201 2834 δεῖν.
3267 2789 3374 2836 Καὶ
3437 2788 3625 2854 γενναῖα
3753 2776 3847 2827 ἀπο·

2392 2877 2564 2940 ταχοῦ
2594 2866 2687 2931 τῆς
2743 2877 2844 2940 γῆς
2883 2867 3230 2942 ἐσχεδιάζετο
3280 2891 3352 2924 τα
3401 2875 3640 2944 μαρτύρια
3663 2886 3673 2898 ⁶
3702 2865 3843 2937 μάλιστα

2394 2955 2444 3010 δ’
2489 2957 2537 3010 ἓν
2564 2958 2816 3030 Αἰγύπτῳ
2856 2965 2945 3012 καὶ
2975 2959 3146 3033 Λιϐύῃ
3179 2965 3269 3013 καὶ
3301 2957 3556 3025 Θηϐαίδι,
3604 2953 3754 3011 κείατ’
3777 2948 3831 2999 τοῖ-

637 3053 846 3124 Lubya
887 3057 1066 3122 atque
1110 3043 1430 3102 Thebaide.
1471 3042 1840 3097 Alexandria:
1885 3059 2060 3114 porro
2107 3041 2276 3099 veluti

2391 3050 2484 3102 τήν
2530 3065 2590 3117 γε
2625 3051 2720 3105 τὴν
2757 3045 3146 3120 Ἀλεξάνδρειαν
3194 3055 3486 3103 συνίστατο
3529 3051 3629 3120 ὑπὲρ
3656 3052 3711 3103 τες
3743 3038 3826 3090 τάπ’

637 3143 894 3210 stadium
929 3154 1077 3193 verae
1117 3133 1348 3207 pietatis
1387 3135 1791 3196 constitutum,
1845 3131 1943 3186 ubi
1977 3131 2280 3196 fortissimi

633 3233 858 3306 quique
905 3235 962 3283 et
1003 3225 1210 3299 optimi
1258 3221 1466 3278 delecti
1517 3227 1828 3292 martyres,
1873 3222 2053 3276 variis
2101 3229 2279 3294 atque

627 3319 933 3394 exquisitis
967 3319 1394 3372 tormentorum
1415 3311 1730 3381 generibus
1754 3310 2139 3381 miriﬁcisque
2170 3313 2276 3366 im-

621 3407 1025 3486 pressionibus
1052 3403 1334 3473 exceptis,
1367 3417 1400 3455 a
1425 3400 1564 3464 Deo,
1599 3398 1692 3453 cui
1723 3398 1888 3454 chari
1914 3399 2095 3468 fuere,
2126 3416 2274 3472 prae-

624 3501 745 3559 mia
769 3504 824 3555 et
845 3510 1099 3553 coronas
1127 3495 1501 3562 acceperunt.
1533 3490 1660 3552 Quo
1693 3495 1957 3558 tempore
1985 3493 2041 3543 et
2075 3490 2273 3544 Leoni-

621 3592 782 3656 dem,
819 3585 1088 3655 Origenis
1131 3588 1383 3653 patrem,
1415 3578 1576 3633 obito
1619 3593 1724 3648 pro
1770 3578 1982 3632 Christi
2019 3580 2266 3634 nomine

616 3677 924 3749 martyrio,
962 3690 992 3728 e
1031 3673 1150 3728 vita
1193 3667 1516 3724 excessisse
1557 3666 1815 3731 tradunt,
1858 3666 2058 3735 gladio
2105 3668 2269 3724 vide-

611 3769 746 3826 licet
777 3780 1023 3828 caesum,
1047 3776 1185 3816 cum
1213 3757 1399 3813 ﬁlium
1429 3755 1758 3811 admodum
1788 3755 1986 3810 adhuc
2012 3771 2264 3826 puerum

616 3859 995 3928 relinqueret.
1022 3849 1200 3922 346
1227 3847 1496 3915 Quantus
1528 3849 1724 3900 autem
1760 3845 2041 3913 Origenes
2069 3845 2262 3915 fuerit,

611 3954 668 4004 et
696 3962 816 4018 quo
842 3946 1038 3999 studio
1065 3938 1369 4008 animique
1399 3934 1793 3989 destinatione
1823 3933 1881 3988 in
1916 3950 2117 3989 sacras
2151 3936 2262 3990 Lit-

612 4045 762 4095 teras
786 4029 1138 4096 incubuerit,
1157 4027 1304 4082 citra
1325 4023 1611 4079 invidiam
1634 4023 1849 4094 exponi
1874 4039 2052 4093 posse
2078 4030 2256 4094 puto:

618 4143 736 4184 non
761 4123 956 4178 solum
978 4117 1141 4190 quod
1161 4114 1408 4170 celebris
1429 4113 1478 4166 is
1499 4113 1587 4166 vir
1611 4112 1775 4182 apud
1799 4127 1907 4166 nos
1931 4114 2022 4177 sit,
2051 4129 2260 4170 verum

607 4217 786 4273 etiam
819 4209 982 4284 quod
1013 4208 1335 4276 ingentem,
1370 4202 1487 4256 vita
1511 4216 1639 4262 sua.
1674 4201 1948 4271 quamvis
1978 4201 2053 4256 ad
2079 4202 2258 4257 tinem

606 4320 732 4362 non
762 4303 1055 4368 integram
1083 4309 1355 4366 prorsus,
1385 4289 1610 4345 famam
1644 4295 1702 4343 et
1731 4289 1984 4358 gloriam
2019 4297 2153 4362 past
2192 4307 2257 4346 se

606 4389 927 4464 reliquerit.
985 4389 1199 4439 Verum
1249 4381 1550 4435 enimvero
1603 4378 1888 4446 singulari
1937 4380 2058 4434 otio
2102 4396 2254 4451 opus

601 4489 777 4548 esset,
807 4478 882 4534 ad
913 4476 1091 4531 vitam
1119 4472 1248 4542 ejus
1269 4484 1511 4524 omnem
1531 4467 1735 4522 litteris
1759 4468 2060 4522 memorire
2087 4485 2254 4524 man-

599 4571 889 4630 dandam.
922 4564 1033 4622 Sed
1066 4577 1175 4617 nos
1207 4575 1235 4614 e
1265 4557 1464 4613 multis
1487 4573 1621 4629 quae
1647 4555 1720 4610 de
1746 4572 1817 4611 eo
1846 4562 1985 4612 sunt
2013 4557 2247 4625 tradita,

597 4661 860 4737 plurima
897 4655 1251 4714 resecantes,
1293 4647 1495 4718 aliqua
1537 4651 1763 4700 tantum
1802 4646 2070 4701 Historiae
2110 4647 2248 4702 huic

2391 3132 2532 3196 ϐείας
2582 3139 2640 3187 τὸ
2698 3133 2934 3205 στάδιον,
3008 3135 3319 3211 ἀριστίνδην
3405 3142 3572 3210 ὥσπερ
3614 3131 3830 3199 ἐξειληρέοωτ

2389 3231 2504 3284 ταῖς
2553 3223 2813 3284 ποικίλαις
2867 3231 2956 3278 καὶ
3031 3225 3318 3298 φιλοτίμοις
3373 3236 3471 3280 τῶν
3522 3224 3699 3300 βασάνων
3736 3212 3846 3271 ἰδίεις

2386 3318 2474 3364 καὶ
2535 3321 2644 3374 ταῖς
2682 3315 2994 3389 ὑπερφυέσιν
3047 3315 3356 3381 ἐνστάσεσι,
3400 3320 3526 3391 πρὸς
3569 3318 3672 3367 Θεοῦ
3699 3309 3743 3359 τὰ
3767 3305 3850 3373 τέρα

2384 3409 2483 3452 τῶν
2525 3401 2766 3474 θεοφιλῶν
2825 3405 3102 3477 μαρτύρων
3143 3399 3512 3477 ἀναδουμένων
3540 3421 3551 3433 ⁸
3597 3405 3662 3454 ὃτι
3700 3393 3746 3452 δή
3774 3409 3854 3462 φασι

2381 3495 2470 3541 καὶ
2510 3488 2778 3548 Λεωνίδην
2831 3495 2917 3544 τόν
2968 3491 3268 3564 Ὠριγένους
3307 3499 3514 3568 πατέρα
3552 3500 3614 3561 τῷ
3651 3489 3742 3556 ὑπὲρ
3940 3517 3941 3568 j

2383 3587 2510 3631 στοῡ
2549 3585 2819 3656 μαρτυρίῳ
2854 3580 3124 3633 τελειῶσαι
3175 3585 3262 3633 τόν
3321 3581 3464 3655 βίον,
3519 3581 3636 3652 ξίφει
3673 3579 3740 3632 τὴν
3773 3572 3857 3632 ltili"

2377 3667 2764 3732 καταλύσαντα,
2817 3673 2924 3721 νέον
2977 3666 3174 3741 κομιδῆ
3227 3674 3314 3722 τόν
3372 3667 3540 3724 παῖδα
3594 3668 3771 3719 λιπόντα.
3808 3656 3858 3704 Ὁ·
3940 3659 3941 3734 l

2375 3765 2520 3820 ποῖος
2551 3761 2639 3826 μὲν
2689 3754 2776 3810 οὖν
2815 3755 2960 3821 οὗτος
2991 3758 3204 3830 ἐγένετο,
3253 3762 3344 3832 οἵᾳ
3396 3779 3448 3813 τι
3478 3753 3660 3828 σπουδῇ
3700 3755 3765 3804 καὶ
3783 3763 3859 3818 πρθ·
3940 3743 3941 3780 ἶ

2375 3851 2570 3920 αιρέσει
2598 3853 2712 3922 περὶ
2751 3852 2836 3900 τόν
2885 3849 3016 3922 ἱερὸν
3063 3848 3212 3920 λόγον
3259 3847 3552 3922 ἐχρήσατο,
3584 3846 3634 3898 οὗ
3677 3833 3856 3914 φθόνοςᾶν
3940 3889 3941 3908 1

2371 3940 2569 4004 γέλοιτο
2629 3934 2848 3989 διελθεῖν
2881 3954 2894 3967 '
2951 3937 3009 3990 οὗ
3048 3943 3200 4010 μόνον
3250 3940 3333 3990 ὅτι
3399 3948 3497 3991 τῶν
3533 3934 3637 3989 καθ’
3681 3933 3781 4002 ἡμᾶς
3802 3927 3856 3974 πεί
3940 3951 3941 3958 ‘

2370 4023 2678 4096 περιϐόητος
2731 4027 2881 4100 ἀνὴρ,
2931 4024 3058 4078 ἀλλὰ
3133 4032 3222 4078 καὶ
3277 4035 3354 4098 τῷ
3411 4025 3600 4084 πολλὴν
3649 4018 3766 4081 δόξαν
3806 4015 3857 4067 τὴ

2368 4119 2484 4186 περὶ
2537 4113 2696 4166 αὐτοῦ
2744 4116 3010 4185 ἐπαφεῖναι
3057 4122 3128 4184 τῷ
3169 4111 3290 4187 βίῳ,
3339 4115 3438 4167 κᾶν
3499 4115 3597 4185 οὐχ
3637 4112 3737 4181 ὑγιᾶ
3768 4104 3857 4158 ri”;-

2371 4206 2471 4254 Καί
2520 4221 2578 4274 γε
2621 4202 2819 4274 σχολῆς
2865 4199 3002 4265 ἰδίας
3059 4206 3087 4262 ἠ
3138 4207 3275 4256 κατὰ
3327 4209 3419 4257 τὸν
3486 4203 3595 4276 βίον
3641 4201 3758 4252 αὐτοῦ
3790 4192 3860 4276 σύγ’

2368 4290 2508 4353 ταξιέ
2565 4287 2721 4345 δέοιτ’
2765 4293 2846 4342 ἄν·
2893 4291 3025 4346 Ἀλλ’
3055 4294 3200 4364 ἡμεῖς
3260 4293 3316 4346 ἐκ
3364 4292 3572 4346 πολλῶν
3599 4298 3679 4344 τῶν
3701 4285 3783 4356 περὶ
3805 4275 3859 4329 r5-

2365 4388 2456 4432 τοῦ
2515 4380 2790 4454 εἰρημένων
2851 4379 3172 4454 ἓπιτεμόντες
3243 4386 3310 4434 τὰ
3383 4382 3597 4436 πλεῖστα
3646 4368 3858 4450 adfatim?”

2363 4478 2423 4542 τῇ
2482 4469 2712 4543 Ἱστορίᾳ
2742 4487 2755 4500 ·
2813 4471 2895 4523 ἱνα
2932 4479 3041 4533 τοῖς
3095 4471 3411 4542 φιλομαθέσι
3475 4466 3610 4544 μηδὲ
3656 4468 3706 4519 τὰ
3743 4460 3854 4512 πῦπυ

2360 4561 2604 4631 ἄγνωστα
2656 4561 2755 4617 εἴη.
2809 4562 2886 4612 Τὰ
2913 4562 3014 4634 γὰρ
3057 4567 3146 4613 τοῦ
3192 4558 3408 4635 ἀνδρὸς,
3442 4566 3531 4613 καὶ
3597 4561 3656 4611 τὰ
3691 4553 3727 4614 ἐξ

2360 4649 2669 4720 σπαργάνων
2699 4647 2822 4710 ἀξια
2850 4653 3054 4720 μνήμης
3078 4647 3398 4720 λελόγισται.

602 4721 953 4810 inseremus,
981 4748 1045 4797 ut
1065 4756 1159 4795 res
1181 4738 1328 4794 tanti
1352 4736 1454 4790 viri
1481 4734 1764 4789 studiosis
1791 4736 2107 4804 incognitae
2137 4753 2258 4792 non
2281 4737 2397 4794 sint
2425 4755 2438 4793 :
2468 4753 2604 4808 quas
2631 4753 2774 4794 sane
2797 4737 3024 4809 judicio
3047 4738 3377 4796 multorum
3397 4738 3594 4809 dignae
3623 4734 3730 4790 visa
3749 4723 3850 4784 sunt.
3940 4721 3941 4770 ἒ

612 4847 675 4899 ut
702 4839 797 4896 vel
821 4836 898 4893 ab
924 4832 1068 4905 ipsis
1099 4825 1478 4884 incunabulis
1507 4824 1792 4896 repetitae,
1824 4825 2128 4882 memorias
2159 4825 2553 4885 traderentur.

1251 4933 1472 4990 CAPUT
1502 4931 1592 4987 lll.

595 5057 678 5116 De
710 5048 976 5122 Origenis
1007 5062 1044 5102 α
1069 5059 1253 5122 puero
1281 5040 1494 5096 studiis
1524 5045 1702 5110 atque
1739 5037 2052 5122 exercitiis,
2095 5047 2148 5094 et
2188 5044 2255 5095 ut

664 5117 987 5185 etiamnum
1046 5117 1385 5172 adolescens
1428 5126 1748 5185 sermonem
1799 5117 2083 5185 veritatis
2118 5128 2252 5185 pro-

659 5182 850 5270 fessus
880 5191 1080 5270 fuerit,
1113 5197 1164 5243 et
1199 5189 1261 5239 ut
1289 5199 1409 5239 sese
1433 5183 1512 5270 uti
1543 5189 1839 5238 certamen
1865 5197 1978 5251 pro
2011 5182 2250 5239 Christo

663 5253 1026 5326 subeundum
1051 5253 1509 5328 praeparaverit.

668 5359 871 5416 Statim
913 5363 1175 5420 namque
1215 5345 1293 5400 ab
1333 5345 1518 5407 initio,
1552 5349 1754 5398 tenera
1776 5347 1982 5398 exacta
2016 5346 2188 5397 aatate
2212 5359 2248 5398 a

593 5455 760 5521 patre
799 5443 1015 5500 divmis
1056 5438 1322 5492 imbutus
1357 5439 1447 5488 est
1475 5431 1726 5486 Litteris.
1762 5431 1866 5486 Cui
1910 5430 2010 5486 illa
2050 5432 2246 5502 prima

601 5546 610 5556 ’
666 5548 742 5626 (1)
787 5544 1026 5614 Propter
1069 5535 1347 5590 Divorum
1395 5530 1615 5587 scilicet
1664 5528 1917 5586 fratrum
1965 5529 2346 5604 rescriptum.

3002 4938 3246 4989 ΚΕΦΑΛ.
3270 4931 3338 4989 Γ’.

2365 5042 2521 5112 Περὶ
2561 5045 2671 5100 τῆς
2731 5040 2792 5090 ὲκ
2848 5035 3088 5112 παιδὸς
3125 5039 3479 5112 ἀσκήσεως
3539 5030 3855 5112 Ὠἷριγένευςξ

2434 5098 2507 5172 ὧς
2544 5098 2810 5183 ἔτι-νέος
2839 5110 2934 5178 ὢν,
2963 5098 3084 5163 τὸν
3108 5110 3318 5168 ἀληθῆ
3363 5098 3556 5183 λόφον
3585 5098 3855 5183 {arpis-Grut

2431 5187 2543 5234 καὶ
2581 5184 2663 5244 ὡς
2700 5182 2784 5243 εἰς
2815 5187 2919 5234 τὸν
2958 5183 3116 5258 ὑπερ
3152 5180 3687 5257 Χριστοιῖἅγῶνα
3710 5180 3852 5244 sapt?

2429 5254 2761 5314 κευοίξετο.

2427 5342 2595 5404 Εὐθὺς
2641 5344 2730 5415 μίν
2775 5345 2878 5416 γὰρ
2915 5341 2969 5405 ἓξ
3023 5340 3200 5414 ἀρχῆς
3247 5345 3339 5400 τὴν
3401 5339 3603 5398 ἁπαλὴν
3645 5333 3848 5400 ἀποθέμκ

2354 5429 2581 5497 ἠλικίαν,
2639 5431 2783 5504 παρὰ
2856 5437 2948 5484 τοῦ
3009 5433 3204 5507 πατρὸς
3257 5436 3368 5492 ταῖς
3446 5431 3606 5498 θείαις
3675 5419 3842 5482 ἐνισιείπ
