4036 6288
133 307 268 364 1073

1164 301 1740 368 ECCLESIASTICE
1780 303 2137 364 HISTORIA?
2179 307 2316 364 LIB.
2357 307 2427 364 V.

3343 303 3478 360 10⁸14

131 439 374 506 Γραφαῖς,
424 441 515 487 τοῦ
571 438 769 508 πατρὸς
818 435 958 507 αύτῷ
1012 439 1140 511 πρὸς
1192 444 1254 509 τῇ
1301 445 1400 488 τῶν
1440 435 1692 506 ῖγκυκλίω

1831 449 1975 488 cura
2002 433 2126 505 fuit,
2165 439 2226 488 ut
2253 433 2408 489 ﬁlius
2439 449 2561 490 non
2593 432 2908 502 succisiva,
2943 431 3049 488 sed
3080 431 3242 502 justa
3295 446 3481 503 opera

126 518 345 594 παιδείᾳ
374 522 432 574 ού
477 528 744 597 παρέργως
784 520 850 582 δὴ
898 529 987 576 καὶ
1025 529 1118 583 τήν
1165 527 1368 577 ἐκείνων
1411 529 1718 595 πόιουμένου

125 608 417 684 φροντίδα·
477 613 612 664 ὥστε
669 609 735 671 δὴ
795 617 1046 688 xai_1rp6
1109 623 1199 674 τῆς
1253 613 1450 666 ἐκείνων
1511 613 1720 686 μελέτης

123 702 340 761 ταύταις
416 698 839 772 ἐνασχολείσθαι,
906 699 1131 764 ἑκάστης
1197 705 1414 774 ἡμέρας,
1502 705 1718 774 μερικάς

120 789 308 841 ἐκεῖθεν
368 789 682 862 ἐκμαθήσεις
736 795 825 842 καὶ
889 788 1200 861 ἀπαλγελίας
1261 791 1712 864 εἰσπραττόμενον.

90 877 198 944 ,ού
249 883 352 950 μην
402 899 460 950 γε
515 884 604 930 καὶ
663 877 763 930 ἀπὸ
821 884 1163 952 προαιρέσεως
1216 888 1289 950 τῷ
1339 877 1497 932 παιδὶ
1549 888 1716 932 ταῦτα

115 962 272 1025 ἦσαν.
321 966 587 1042 Ὑπερίουεί
639 964 698 1020 δέ
743 987 845 1020 τινι
891 970 1154 1040 προθυμίᾳ
1209 974 1326 1041 περὶ
1385 977 1550 1020 ταῦτα
1586 969 1715 1039 μάλ-

112 1055 202 1106 λον
253 1059 384 1128 ἥπερ
441 1061 557 1128 περὶ
609 1059 694 1110 τὸν
748 1055 974 1115 Ἐλληνα
1018 1057 1167 1128 λόγον
1220 1056 1404 1126 ἐπόνει,
1460 1061 1528 1118 ὡς
1574 1055 1713 1130 μηδὲ

110 1147 172 1195 τὸ
224 1142 417 1196 ἀπλούν
473 1145 613 1216 αύτῷ
641 1154 738 1197 τῶν
780 1148 923 1216 ἱερῶν
953 1145 1117 1217 λόγων
1171 1151 1258 1198 καὶ
1306 1152 1587 1220 πρόχειρον
1645 1147 1712 1208 εἰς

107 1235 346 1302 μάθησιν
411 1232 660 1306 ἐξαρκεῖν,
721 1233 846 1286 ἀλλά
905 1239 994 1287 καὶ
1047 1235 1490 1308 πολυπραγμονεῖν
1553 1238 1712 1308 αἱρεῖ-

108 1323 263 1390 σθαι,
320 1327 410 1375 καὶ
466 1327 524 1375 τό
577 1322 862 1396 ἐγκείμενον
927 1324 1112 1386 αὑταῖς
1183 1322 1345 1398 βάθος
1424 1324 1710 1396 ἀνιχνεύειν

105 1413 414 1484 πειρᾶσθαι,
455 1417 544 1465 καὶ
593 1414 882 1487 πράγματα
926 1421 998 1484 τῷ
1056 1419 1217 1486 πατρὶ
1256 1419 1525 1486 παρέχειν,
1583 1413 1710 1466 ἀνα-

103 1503 509 1573 πυνθανόμενον,
549 1507 599 1554 τί
642 1501 702 1553 ἂν
749 1503 853 1571 ἄρα
906 1500 1146 1575 βούλοιτο
1197 1507 1254 1555 τὸ
1293 1506 1514 1576 γράμμα
1555 1512 1702 1558 νοεῖν.

102 1595 194 1660 Τῷ
248 1585 307 1642 δε
349 1595 506 1662 πατρὶ
547 1591 832 1662 θαυμάζειν
870 1595 960 1664 μὲν
1007 1592 1172 1664 εἰσῄει
1213 1597 1301 1644 καὶ
1354 1593 1474 1644 καθ’
1526 1593 1704 1646 ἑαυτὸν

100 1678 556 1745 καταπλήτεσθαι,
635 1682 884 1751 γεγηθότι
961 1681 1039 1732 ὅτι
1113 1684 1242 1743 Θεὸς
1311 1684 1547 1734 τοιούτου
1633 1679 1701 1740 δὴ

1832 538 1952 578 una
1977 539 2116 578 cum
2165 524 2400 595 cyclicis
2444 523 2771 594 disciplinis
2799 539 2902 578 eas
2945 522 3296 578 addisceret.
3329 524 3483 588 Qua-

1827 617 2068 683 propter
2081 620 2216 667 ante
2243 628 2450 668 earum
2467 612 2921 683 disciplinarum
2935 612 3281 667 exercitium
3294 611 3484 682 quoti-

1824 699 1920 756 die
1938 701 2014 756 ab
2045 716 2136 764 eo,
2151 718 2222 756 ex
2245 702 2430 756 sacris
2460 701 2778 771 Scripturis
2798 701 3234 772 promissiones
3249 705 3305 756 et
3321 705 3482 756 certa

1823 788 1974 855 loca,
2017 806 2151 861 qua
2185 791 2523 845 memoriter
2567 790 2876 854 didicerat,
2917 790 3260 860 requirebat
3292 805 3304 844 :
3343 805 3482 861 qua

1822 893 1916 932 res
1963 879 2208 933 minime
2261 890 2473 950 prater
2508 879 2804 950 judicium
2837 884 2893 934 et
2925 877 3289 933 voluntatem
3332 894 3483 949 puer

1821 968 1947 1022 fuit.
1993 967 2228 1022 Mirifica
2255 967 2415 1022 enim
2443 968 2764 1038 cupiditate
2797 967 2988 1037 magis
3014 968 3072 1021 in
3107 967 3234 1022 hac
3281 967 3481 1024 studia

1821 1073 2006 1127 quam
2040 1058 2098 1111 in
2130 1059 2466 1113 Graecorum
2511 1063 2666 1112 artes
2704 1057 3040 1113 ferebatur:
3084 1073 3272 1128 usque
3302 1057 3477 1124 adeo,

1823 1152 1881 1200 ut
1913 1161 2033 1201 non
2058 1153 2371 1201 contentus
2394 1151 2548 1201 esset
2571 1163 2640 1202 ex
2665 1147 2852 1202 sacris
2877 1145 3158 1209 oraculis,
3186 1161 3322 1216 qua
3341 1145 3480 1200 sim-

1820 1233 1995 1305 plicia
2024 1241 2080 1290 et
2111 1249 2228 1290 non
2262 1235 2343 1291 ita
2373 1235 2640 1290 difﬁcilia
2666 1241 2823 1300 sunt,
2851 1235 3078 1290 discere
3108 1256 3119 1287 :
3147 1235 3254 1290 sed
3285 1234 3480 1290 curio-

1817 1325 1986 1378 sitate
2024 1329 2300 1389 uteretur,
2347 1331 2401 1378 et
2431 1325 2668 1381 abditos
2700 1339 2910 1379 eorum
2957 1339 3169 1378 sensus
3223 1323 3477 1378 scrutari

1816 1418 2154 1480 conaretur,
2205 1413 2582 1486 subindeque
2640 1412 2934 1484 quidnam
2987 1412 3191 1468 arcani
3259 1427 3474 1467 sensus

1815 1499 1875 1555 in
1918 1500 2109 1557 littera
2155 1502 2383 1566 lateret,
2449 1503 2885 1572 perunctando,
2947 1501 3099 1572 patri
3165 1501 3475 1570 negotium

1813 1588 2143 1645 facesseret.
2163 1591 2217 1644 ls
2233 1606 2411 1662 porro
2438 1589 2602 1662 apud
2628 1591 2896 1660 seipsum
2925 1605 2994 1645 ea
3015 1589 3089 1645 de
3121 1605 3306 1645 causa
3335 1606 3475 1645 cum

1813 1678 2206 1734 admiratione
2261 1679 2557 1750 stupebat,
2589 1685 2648 1734 et
2685 1678 2861 1734 valde
2920 1678 3246 1750 gaudebat,
3308 1679 3476 1751 quod

99 1771 307 1839 πατέρα
358 1764 546 1829 παιδὸς
591 1771 832 1839 γενέσθαι
880 1769 1028 1832 ἠξίου
1061 1787 1074 1799 ⁸
1120 1767 1236 1842 ἰδίᾳ
1286 1790 1345 1841 γε
1396 1775 1498 1842 μὴν
1545 1771 1692 1830 πλήτ-

1813 1767 1965 1820 Deus
1998 1784 2060 1822 se
2097 1775 2326 1840 patrem
2355 1768 2454 1824 tali
2496 1767 2782 1837 dignatus
2813 1773 2974 1823 esset
3007 1767 3151 1822 ﬁlio.
3186 1769 3251 1822 Et
3279 1783 3477 1840 quan-

97 1875 204 1907 των
251 1852 312 1914 ἦν
357 1861 414 1908 τὸ
448 1853 617 1910 δοκεῖν
646 1854 813 1928 μηδὲν
866 1859 986 1930 παρ’
1035 1858 1241 1917 ἠλικίαν
1299 1865 1387 1911 καὶ
1418 1864 1704 1932 περαιτέρω

97 1954 200 2007 τῆς
256 1944 464 2008 ἀτελοῦς
504 1943 742 2008 διανοίας
801 1951 973 2010 ζητεῖν
1022 1948 1406 2020 εἰσηγούμενος.
1449 1954 1703 2002 Τόσοῡτόν

95 2054 161 2106 γε
215 2040 319 2107 μήν
373 2055 528 2107 φασιν
589 2035 843 2107 ἔκθαμϐον
896 2034 1026 2090 εἶναι
1079 2044 1168 2090 καὶ
1219 2046 1291 2108 τῷ
1363 2035 1550 2111 δοτῆρι
1605 2047 1702 2090 τῶν

97 2123 309 2195 ἀγαθῶν
367 2132 482 2194 Θεῷ
513 2129 605 2183 τὴν
652 2128 815 2199 χάριν
872 2126 1160 2198 ὁμολογεῖν,
1192 2130 1260 2188 ὡς
1307 2126 1582 2186 ἐπιστῆναι
1613 2131 1701 2198 μεν

93 2212 342 2273 πολλάκις
411 2209 617 2266 εύδοντι
687 2223 758 2284 τῷ
840 2211 1016 2278 παιδὶ,
1079 2214 1477 2287 ἀπο-γυμνοῦντα
1533 2215 1592 2270 δε
1643 2221 1701 2268 τὸ

96 2306 329 2375 στέρνον,
417 2300 717 2374 σεϐασμίως
790 2304 930 2375 μάλα
995 2305 1316 2376 καταφιλεῖν,
1404 2303 1488 2358 οἶά
1569 2326 1702 2368 τινος

90 2388 245 2442 ἔνδον
293 2393 430 2444 θείου
478 2395 770 2462 Πνεύματος
817 2395 1202 2455 ἓνσκηνοῦντος,
1265 2400 1354 2446 καὶ
1408 2403 1500 2456 τῆς
1559 2395 1700 2447 εύτε-

91 2484 244 2541 κνίας
293 2484 548 2554 μακάριον
601 2481 782 2533 ἑαυτὸν
822 2483 1090 2552 ἡγεῖσθαι.
1129 2481 1409 2535 Κάντεῦθεν
1465 2483 1523 2535 ού
1576 2504 1700 2556 σμι-

87 2571 222 2640 κρὰς
283 2567 519 2642 ἀφορμὰς
564 2571 590 2621 6
641 2577 764 2632 παῖς
807 2580 905 2623 τῶν
963 2579 1058 2632 τῆς
1116 2575 1342 2633 πίστεως
1394 2577 1484 2624 καὶ
1548 2576 1696 2625 θείων

90 2663 264 2727 λόγων
319 2657 776 2730 καταϐαλλόμενος,
837 2656 890 2712 εύ
957 2660 1098 2731 μάλα
1147 2666 1380 2732 κοσμίως
1456 2660 1694 2732 ἀνήγετο,

91 2755 171 2815 τῷ
224 2745 358 2816 αύτῷ
403 2752 564 2820 πατρί
626 2767 681 2801 τε
744 2754 834 2801 καὶ
897 2746 1204 2820 διδασκάλῳ
1257 2756 1547 2823 χρώμενος,
1607 2757 1697 2805 καὶ

99 2834 300 2906 μεγάλα
383 2838 454 2897 οἷς
551 2835 863 2912 παρεδείκνυ
957 2836 1172 2910 δράσειν
1231 2840 1685 2911 ὑπισχνούμενος.

97 2930 274 2976 Ταῦτα
315 2931 401 2978 καὶ
453 2934 670 2978 τοιαῦτα
727 2923 794 2984 δὴ
849 2947 966 2980 τινα
1018 2928 1166 3000 ἔτερα
1211 2937 1435 3000 συγγενῆ
1491 2933 1696 2993 τούτοις

88 3015 159 3064 τά
187 3021 277 3076 τῆς
313 3012 572 3078 παιδικῆς
616 3016 846 3078 ἡλικίαις
898 3019 1188 3090 Ὠριγένους
1241 3023 1684 3090 μνημονευόμενα,

1811 1856 2012 1929 doque
2045 1859 2318 1927 privatim
2335 1856 2656 1912 simulabat
2671 1872 2732 1911 se
2745 1871 2884 1911 eum
2908 1856 3106 1912 acrius
3125 1855 3224 1928 obj
3238 1869 3473 1926 urgare,

1814 1962 1887 2000 ne
1916 1947 2064 2017 quid
2090 1962 2274 2016 supra
2302 1953 2540 2002 atatem
2579 1962 2754 2002 suam
2780 1952 2836 2001 et
2857 1945 3192 2016 simplicem
3224 1962 3469 2002 sensum

1813 2039 2172 2090 scrutaretur
2185 2036 2538 2092 admonens.
2561 2033 2893 2106 Tantopere
2908 2050 3049 2090 vero
3075 2035 3470 2091 admiratione

1811 2124 1940 2192 ejus
1961 2130 2020 2178 et
2048 2130 2486 2188 consternatus,
2516 2123 2811 2179 maximas
2851 2138 2912 2178 se
2941 2122 3134 2179 datori
3167 2123 3466 2179 bonorum

1813 2215 1930 2268 Deo
1952 2214 2171 2282 gratias
2197 2212 2413 2268 debere
2436 2213 2762 2282 professus,
2798 2218 2858 2266 ut
2885 2226 3301 2283 sapenumero
3331 2213 3468 2268 dor-

1812 2301 2017 2355 mienti
2043 2300 2338 2356 assisteret
2379 2316 2586 2372 puero,
2633 2305 2962 2372 pectusque
2993 2301 3124 2370 ejus
3167 2303 3464 2357 nudatum

1809 2405 1948 2444 cum
1980 2391 2352 2446 veneratione
2385 2389 2572 2446 multa
2600 2389 3068 2454 deoscularetur,
3102 2389 3349 2461 perinde
3380 2395 3466 2446 at-

1807 2494 1926 2549 que
1961 2479 2020 2534 in
2063 2495 2134 2534 eo
2165 2479 2402 2533 divinus
2445 2479 2700 2550 Spiritus
2736 2479 3106 2534 domicilium
3146 2495 3325 2534 suum
3357 2479 3464 2536 ha-

1807 2568 1988 2635 beret,
2025 2569 2389 2639 beatumque
2418 2583 2664 2639 prorsus
2695 2583 2757 2622 se
2800 2572 2923 2624 tam
2971 2567 3122 2623 felici
3165 2567 3463 2640 proliﬁca-

1809 2657 1965 2712 tione
1983 2657 2312 2726 judicabat.
2338 2659 2480 2722 Qua
2497 2672 2594 2711 res
2622 2671 2912 2726 magnam
2936 2657 3188 2727 prabuit
3211 2673 3459 2714 causam

1806 2746 2272 2810 etoccasionem,
2292 2750 2354 2799 ut
2373 2761 2520 2816 puer
2539 2744 2756 2800 ﬁedem
2782 2760 3106 2816 sacrasque
3131 2745 3352 2801 litteras
3380 2746 3458 2802 ab

1806 2834 2046 2890 ineunte
2085 2841 2254 2890 atate
2284 2840 2701 2906 assequeretur
2735 2853 2747 2892 :
2784 2833 2956 2906 347
2990 2839 3047 2889 et
3071 2838 3226 2889 recte
3249 2834 3457 2891 admo-

1804 2924 1951 2978 dum
1982 2923 2654 2984 educaretur,eumdem
2702 2928 2759 2978 et
2786 2929 3020 2994 patrem
3047 2927 3103 2979 et
3137 2929 3461 2995 pracepto-

1806 3028 1930 3067 rem
1963 3013 2213 3078 habens,
2244 3027 2654 3084 magnamque
2669 3011 2744 3067 de
2776 3029 2840 3066 se
2854 3012 3127 3082 prabens
3151 3017 3456 3083 exspecta-

86 3101 233 3154 Ἐπεὶ
290 3099 349 3154 δε
405 3109 610 3175 Σευήρῳ
665 3101 882 3156 δέκατον
931 3108 1021 3177 μεν
1073 3106 1163 3166 τῆς
1195 3104 1369 3180 ἀρχῆς
1415 3109 1524 3168 ἔτος
1550 3108 1690 3165 ἠνύε-

1806 3102 2048 3156 tionem.
2083 3104 2214 3156 Hac
2247 3109 2426 3172 atque
2460 3101 2601 3156 item
2634 3100 2752 3156 alia
2779 3101 2873 3156 his
2906 3101 3126 3156 similia
3145 3100 3220 3156 de
3253 3100 3460 3172 puerili

92 3209 168 3256 το,
224 3197 412 3253 Δαῖτος
459 3189 518 3245 δε
563 3195 770 3265 ἡγεμὼν
825 3193 1112 3264 Αἰγύπτου.
1168 3200 1257 3246 καὶ
1303 3193 1694 3265 Ἀλεξανδρείας

88 3281 393 3348 καθίστατο,
450 3287 730 3354 Δημητρίῳ
777 3279 836 3334 δι
882 3286 1013 3354 μετὰ
1055 3283 1334 3336 Ἰουλιανόν
1377 3285 1499 3358 ἄρτι
1554 3292 1694 3356 πρώ-

79 3377 186 3430 τως
234 3371 261 3421 6
310 3377 407 3431 τῆς
456 3368 850 3443 Ἀλεξανδρείας
895 3374 1068 3444 θρόνος
1123 3371 1487 3446 ἐνεχειρίζετο,
1548 3375 1574 3426 6
1633 3371 1692 3428 δε

80 3467 182 3510 τῶν
229 3459 518 3518 ἐκκλησιῶν
570 3457 806 3532 διωγμὸς
859 3461 929 3523 εἰς
976 3465 1109 3534 μέγα
1161 3460 1538 3536 ἀνερριπίζετο,
1602 3469 1690 3516 καὶ

76 3547 259 3600 πολλοὶ
313 3553 559 3619 γενναίως
621 3556 1072 3624 παραταττόμενοι
1135 3559 1245 3610 τοῖς
1314 3552 1486 3611 ἄθλοις
1569 3555 1689 3614 τοὺς

78 3640 366 3708 στεφάνους
407 3635 703 3712 διήρπαζον
739 3657 751 3669 ·
781 3645 1030 3692 τοσοῦτόν
1083 3658 1240 3712 φασιν
1285 3643 1448 3710 ἔρωτα
1487 3661 1690 3713 μαρτυ-

72 3731 198 3799 ρίου
251 3729 490 3797 γενέσθαι
521 3733 608 3780 καὶ
646 3726 915 3799 Ὠριγένει,
950 3728 1152 3786 ἁπαλὴν
1191 3725 1388 3799 κομιδῆ
1431 3733 1524 3787 τὴν
1577 3730 1689 3788 ἡλι-

72 3819 197 3866 κίαν
249 3819 602 3888 περικειμένῳ,
659 3819 728 3878 ὡς
787 3822 1004 3888 σκιρτᾴν
1067 3813 1199 3880 ἤδη,
1243 3836 1333 3868 και
1398 3818 1531 3889 ὁρμῇ
1585 3838 1687 3870 τινι

77 3902 298 3975 ἀσχέτῳ
340 3904 500 3975 ὁμόσε
545 3913 654 3966 τοῖς
708 3906 834 3976 ύπερ
886 3911 1120 3978 Χριστοῦ
1168 3902 1426 3966 κινδύνοις
1456 3915 1676 3978 χωρεῖν,

77 3997 182 4046 Καί
219 3991 275 4062 γ’
323 3993 674 4050 ἀπηλλάττετο
712 3999 984 4068 μαρτυρίῳ
1040 4003 1131 4046 τοῦ
1172 3995 1288 4066 ζῇν,
1339 3994 1382 4046 εἰ
1437 4000 1508 4066 μὴ
1557 4000 1684 4057 Θεὸς

68 4082 232 4156 ἑτέρῳ
290 4086 531 4150 προνοίας
585 4083 720 4153 λόγῳ
788 4091 884 4145 τῆς
955 4083 1153 4135 πολλῶν
1228 4083 1467 4155 ὠφελείας
1523 4087 1684 4156 χάριν

65 4166 324 4242 ἐμποδὼν
359 4175 453 4228 τὴν
505 4174 708 4244 μητέρα
758 4169 931 4242 ἐκείνῳ
983 4174 1230 4226 καθίστα.
1279 4171 1534 4224 Είσιούσα
1580 4177 1682 4246 γὰρ

64 4264 270 4312 εκείνου
326 4262 414 4310 τόν
448 4259 697 4332 θάλαμον,
739 4257 900 4331 φειδώ
941 4279 1059 4312 τινα
1098 4260 1375 4332 λαμϐάνειν
1426 4269 1515 4322 τῆς
1565 4257 1683 4333 περὶ

62 4351 234 4401 αυτὸν
289 4356 548 4420 μητρικῆς
614 4345 894 4408 διαθέσεως
959 4351 1274 4414 καθικέτευε,
1318 4354 1407 4402 καὶ
1464 4355 1534 4422 μὴ
1599 4351 1684 4403 ού-

59 4456 168 4498 τως
226 4441 316 4494 τὴν
380 4442 581 4510 μητέρα
635 4437 958 4503 καταλιπεῖν,
997 4443 1088 4490 καὶ
1136 4440 1339 4512 θρήνοις
1384 4437 1683 4511 ἀκατασχέ-

55 4545 182 4586 τοις
235 4524 562 4598 περιϐάλλειν
631 4528 931 4599 πειρᾶσθαι.
987 4525 1075 4586 Ὠς
1142 4523 1200 4579 δε
1267 4526 1395 4579 έάλω
1452 4527 1592 4598 αύτῷ
1655 4531 1679 4580 6

48 4621 272 4690 πατὴρ,
349 4621 438 4667 καὶ
493 4611 835 4687 δεσμωτηρίῳ
901 4618 1196 4686 καθεῖρκτο,
1263 4620 1338 4669 ἔτι
1409 4617 1600 4688 μᾶλλον
1653 4620 1678 4670 ὁ

49 4710 198 4780 ἔρως
270 4703 411 4775 αύτῷ
487 4706 784 4764 ἐπετείνετο,
879 4710 970 4757 καὶ
1055 4701 1366 4780 δριμύτερος
1461 4705 1678 4780 εὶσέρῥει

46 4796 227 4854 πόθος
277 4800 368 4844 τοῦ
418 4798 730 4867 μαρτυρίου,
781 4798 867 4845 καὶ
933 4795 1280 4859 καθεκάστην,
1357 4798 1424 4856 ὡς
1497 4795 1672 4858 εἰπεῖν,

47 4891 255 4937 τοῦτον
303 4881 535 4953 ἀνέφλεγς
592 4882 887 4953 πυρπολῶν.
953 4882 1104 4934 Ούτω
1165 4879 1218 4934 δ’
1268 4884 1430 4955 ὁρμῆς
1484 4886 1678 4954 ἔχοντα

46 4975 82 5031 ἡ
157 4975 342 5043 μήτηρ
398 4975 484 5023 τὸν
542 4969 806 5044 Ὠριγένην
863 4973 1081 5044 ὁρῶντα,
1135 4976 1229 5030 τὴν
1269 4971 1468 5031 ἐσθῆτα
1497 4980 1674 5026 πᾶσαν

46 5063 266 5114 ἐκείνου
314 5059 626 5134 ἀπέκρυπτε,
683 5065 772 5113 καὶ
827 5065 960 5112 οἶκοι
1037 5065 1199 5129 μένειν
1281 5058 1354 5114 δι’
1443 5060 1675 5133 ἀνάγκης

48 5151 255 5204 ἐποίει.
303 5148 442 5203 Ἐπεὶ
495 5145 544 5200 δ’
597 5148 719 5202 ἀλλο
764 5153 1004 5222 πράττειν
1051 5150 1144 5203 ούκ
1197 5151 1358 5222 εἶχεν,
1431 5149 1672 5214 ἀλείπτης

47 5243 265 5310 ἒγίνετο
309 5245 383 5307 τῷ
433 5241 603 5312 παπρί
636 5256 649 5268 ·
700 5243 790 5290 καὶ
852 5242 917 5290 τὰ
966 5243 1322 5314 προτρεπτικά
1377 5242 1672 5292 συντάττων

51 5325 370 5392 ἀπέστελλε,
429 5332 518 5379 καὶ
569 5335 737 5380 ταῦτα
787 5331 924 5380 κατὰ
977 5329 1110 5391 λέξιν
1167 5325 1373 5391 διεξιών
1405 5345 1418 5359 ο
1473 5327 1672 5401 "En-st

49 5422 134 5492 μὴ
200 5412 278 5468 δι’
334 5417 469 5487 ἡμᾶς
513 5415 634 5469 ἄλλο
681 5437 733 5472 τι
781 5423 1065 5491 φρονήσῃς.
1120 5425 1285 5470 Τοῦτο
1343 5414 1411 5476 δὴ
1469 5427 1669 5494 πρῶτον

52 5511 204 5564 iam
252 5501 449 5578 δεῖγμα
507 5510 822 5580 σαφέστατον
872 5514 965 5568 τῆς
1023 5506 1078 5558 ἐκ
1134 5512 1362 5581 πρώτης,
1425 5507 1452 5560 6
1518 5527 1665 5582 φασι,

1803 3198 1975 3245 atate
2007 3191 2276 3259 Origenis
2299 3197 2436 3245 sunt
2451 3191 2706 3261 prodita.
2727 3191 3048 3260 Postquam
3066 3205 3205 3245 vero
3223 3190 3457 3245 decimo

1804 3279 1997 3334 Severi
2021 3280 2370 3350 imperantis
2411 3294 2594 3340 anno.
2630 3279 2822 3333 Latus
2849 3280 3103 3349 Egypto
3133 3282 3190 3334 et
3213 3278 3461 3334 Alexan-

1802 3367 1945 3423 dria
1981 3368 2293 3440 prafectus
2333 3374 2438 3432 est,
2481 3373 2538 3422 et
2584 3367 2911 3423 Demetrius
2949 3366 3183 3423 Juliano
3229 3367 3289 3422 in
3337 3367 3460 3438 epi-

1805 3463 2053 3527 scopatu
2069 3457 2471 3512 Alexandrino
2485 3457 2786 3525 successit,
2804 3455 3312 3526 ecclesiarumque
3325 3470 3458 3526 per-

1801 3546 2026 3600 secutio
2057 3546 2387 3601 admodum
2414 3545 2683 3610 invaluit,
2717 3561 2787 3600 ac
2817 3544 2986 3600 multi
3030 3544 3456 3600 certaminibus

1801 3649 2024 3702 magno
2037 3635 2278 3688 animoo
2295 3633 2494 3687 bviam
2511 3638 2746 3695 euntes,
2773 3647 3028 3688 coronas
3045 3637 3452 3703 reportarunt:

1799 3728 2028 3778 tantam
2057 3721 2263 3777 dicunt
2293 3722 2558 3790 martyrii
2580 3721 3242 3791 cupiditatem.0rigeni
3269 3722 3458 3775 inces-

1799 3813 1964 3876 sisse,
1993 3827 2129 3866 cum
2158 3812 2214 3866 in
2233 3811 2481 3883 juvenili
2509 3808 2842 3864 admodum
2867 3809 3066 3864 adhuc
3084 3815 3256 3865 atate
3279 3814 3452 3876 esset,

1799 3906 1860 3954 ut
1887 3900 2186 3956 exsultans
2212 3900 2339 3968 jam
2365 3903 2576 3953 ardore
2605 3897 2873 3970 quodam
2906 3897 3261 3962 incredibili,
3297 3898 3454 3970 peri-

1796 3989 1930 4044 cula
1960 4004 2068 4060 pro
2100 3989 2328 4043 Christo
2359 3987 2669 4042 toleranda
2698 3987 2904 4042 adiret.
2937 3989 2999 4041 Et
3023 3987 3312 4042 ﬁnivisset
3357 3987 3453 4043 ille

1789 4078 1918 4149 jain
1952 4084 2075 4133 tum
2110 4077 2394 4148 martyrio
2437 4077 2641 4142 vitam,
2672 4075 2786 4130 nisi
2834 4075 2951 4131 alia
2988 4075 3207 4131 divina
3256 4077 3452 4132 Provi-

1793 4167 2007 4222 dentia
2046 4169 2292 4230 ratione,
2332 4165 2593 4221 utilitatis
2645 4163 2971 4221 multorum
3003 4165 3216 4234 gratia,
3259 4174 3449 4221 mater

1793 4258 1922 4325 ejus
1977 4256 2430 4311 intercessisset.
2478 4253 2582 4310 Illa
2625 4255 2783 4308 enim
2836 4253 2896 4308 in
2927 4253 3269 4309 cubiculum
3319 4254 3451 4327 ejus

1794 4345 2085 4414 ingressa,
2116 4345 2366 4416 supplex
2397 4343 2447 4397 ei
2485 4342 2610 4407 fuit,
2646 4349 2705 4398 ut
2736 4357 2830 4404 ne.
2864 4347 3134 4397 materno
3161 4359 3271 4398 suo
3305 4359 3450 4412 erga

1791 4450 1930 4489 eum
1955 4436 2159 4489 animo
2199 4439 2255 4488 et
2279 4432 2468 4488 amori
2513 4447 2786 4500 parcens,
2820 4445 3046 4500 agram
3078 4446 3142 4486 se
3169 4431 3248 4487 ita
3279 4432 3449 4487 relin-

1791 4529 2015 4596 queret,
2053 4528 2106 4578 et
2146 4521 2501 4577 intolerabili
2548 4521 2730 4576 luctui
2781 4527 2838 4574 et
2881 4521 3125 4575 marori
3182 4520 3447 4592 objicere

1790 4617 2212 4686 perseveraret.
2268 4611 2369 4665 Ubi
2422 4625 2561 4664 vero
2612 4615 2780 4678 pater
2826 4609 2956 4678 ejus
3005 4615 3218 4679 captus
3269 4613 3326 4664 et
3384 4609 3446 4664 in

1789 4701 2026 4758 vincula
2043 4703 2347 4772 conjectus
2374 4705 2478 4762 est,
2507 4699 2848 4769 majoreum
2877 4699 3056 4754 etiam
3088 4700 3447 4765 amor,acri-

1790 4807 1981 4863 usque
2013 4788 2280 4860 martyrii
2306 4787 2667 4843 desiderium
2691 4787 2926 4851 invasit,
2949 4787 3142 4842 indies
3165 4787 3223 4842 id
3247 4788 3337 4859 (ut
3358 4788 3443 4845 ita

1785 4881 2006 4950 dicam)
2037 4878 2249 4934 ardore
2273 4885 2329 4932 et
2352 4880 2486 4947 igne
2508 4893 2665 4932 novo
2686 4876 2976 4931 excitante
3009 4881 3188 4947 atque
3227 4892 3444 4932 accen-

1784 4969 1982 5024 dente.
2019 4969 2394 5037 Quapropter
2441 4981 2580 5020 cum
2621 4966 2700 5020 ita
2744 4965 3077 5020 animatum
3125 4965 3442 5034 Origenem

1783 5075 1911 5115 esse
1943 5065 2131 5113 mater
2164 5058 2412 5122 videret,
2453 5071 2696 5112 omnem
2728 5056 2856 5126 ejus
2901 5061 3123 5110 vestem
3165 5056 3443 5111 recondi-

1782 5149 1883 5209 dit.
1915 5147 2449 5218 necessitatemque
2491 5147 2543 5200 ei
2587 5145 2752 5200 domi
2785 5144 3068 5200 manendi
3121 5144 3439 5215 imposuit.

1786 5241 1882 5293 Hic
1915 5253 2050 5292 cum
2075 5237 2233 5292 aliud
2262 5235 2452 5290 facere
2481 5249 2601 5288 non
2631 5240 2847 5304 posset,
2892 5233 3113 5304 alipten
3143 5240 3202 5289 et
3237 5239 3442 5290 uncto-

1779 5343 1905 5382 rem
1937 5325 2274 5382 certaminis
2320 5340 2382 5378 se
2411 5323 2563 5395 patri
2591 5322 2862 5394 praebuit,
2886 5326 2943 5378 et
2976 5322 3316 5394 frequenter
3336 5337 3438 5379 co-

1779 5415 2135 5472 hortatorias
2167 5413 2246 5470 ad
2275 5413 2442 5468 illum
2463 5412 2688 5467 litteras
2707 5410 2960 5482 scripsit,
2985 5411 3136 5466 inter
3164 5411 3280 5467 alia
3299 5427 3434 5467 ver-

1779 5507 1860 5564 ba
1889 5506 2000 5562 ista
2024 5518 2320 5577 usurpans
2361 5502 2651 5567 :Sustine,
2687 5505 2743 5559 et
2768 5515 2842 5556 ne
2872 5500 3016 5574 quid
3046 5499 3286 5558 alterius
3307 5515 3438 5564 sen—
