4036 6288
651 284 793 343 10⁸15
1971 278 2309 338 NICEPHOI

2412 277 2484 336 ΞΑ
2497 279 2720 338 LLISTI
3763 291 3845 346 ltiti

638 413 853 470 tentim
881 415 986 470 aut
999 411 1235 470 consilii
1265 415 1469 468 nostra
1489 425 1675 467 causa
1705 407 1912 482 capias
1937 407 2091 464 vide.
2121 407 2308 480 Atque

2419 403 2675 478 βαλϐῖδος
2729 409 2845 482 περὶ
2889 408 3018 462 Θεὸν
3067 407 3226 462 αὐτοῦ
3272 412 3484 481 γνησίας
3529 413 3705 474 πίστεώς
3741 433 3776 468 τι
3803 401 3855 469 καί
3907 415 3910 420 ’

630 502 766 560 hoc
807 503 1066 574 primum
1109 503 1180 558 sit
1219 500 1756 565 evidentissimum,
1795 515 1832 554 a
1866 499 2073 570 primis
2124 497 2308 570 (quod

2419 492 2718 559 διαθέσεως.

651 591 894 663 dicitur)
919 591 1276 654 carceribus,
1312 605 1616 661 germanae
1643 588 1804 652 ﬁdei,
1824 588 2157 659 sincerique
2178 587 2308 658 ejus

657 694 802 750 erga
821 681 1006 736 Deum
1033 679 1239 746 animi,
1268 679 1572 751 specimen
1591 682 1771 750 atque
1803 677 2111 733 indicium.

1308 805 1533 860 CAPUT
1574 803 1658 858 IV.

655 909 743 968 De
793 911 1164 968 institutione
1208 919 1260 968 et
1318 911 1661 968 educatione
1704 915 1756 966 et
1794 924 1994 967 eorum
2031 910 2136 981 qui
2178 911 2306 978 eius

725 983 1150 1039 consuetudine
1179 990 1230 1040 et
1279 983 1553 1040 doctrina
1594 983 1689 1037 usi
1723 983 1858 1037 sint.
1896 982 1972 1036 Et
2007 988 2071 1036 ut
2108 981 2305 1037 decem

727 1065 779 1110 et
801 1063 929 1111 octo
954 1062 1130 1110 natus
1143 1070 1354 1120 annos,
1374 1057 1419 1110 A
1434 1055 2038 1121 lexandrimﬁdelium
2053 1053 2306 1123 prwfue-

725 1127 806 1182 rit
844 1127 1078 1191 scholas,
1117 1127 1272 1183 clari
1295 1143 1545 1196 prorsus
1575 1127 1829 1181 nominis
1857 1126 2216 1182 adolescens.

726 1307 892 1361 Patre
928 1305 1077 1376 ejus,
1111 1305 1279 1360 sicuti
1319 1304 1598 1371 diximus,
1642 1305 1764 1360 vita
1803 1319 1909 1376 per
1946 1303 2302 1374 martyrium

655 1408 766 1466 pro
780 1393 1008 1450 Christo
1022 1393 1492 1462 defuncto,nond
1503 1410 1600 1448 um
1617 1409 1860 1465 prorsus
1876 1391 2299 1464 septemdecim

655 1497 849 1538 annos
878 1489 1224 1545 natus,cum
1245 1480 1410 1552 apud
1434 1486 1684 1537 matrem
1707 1499 1845 1537 cum
1877 1481 2007 1536 aliis
2029 1495 2134 1535 sex
2159 1484 2302 1534 natu

654 1570 994 1627 minoribus
1018 1570 1220 1626 liberis
1248 1575 1422 1634 esset,
1451 1576 1507 1626 et
1528 1571 1690 1643 quod
1713 1571 2142 1640 patrimonium
2171 1570 2300 1640 ejus

653 1675 836 1715 omne
862 1659 1154 1731 imperiali
1184 1659 1333 1715 ﬁsco
1371 1659 1599 1715 illatum
1631 1659 1839 1724 fuerat,
1869 1674 1992 1713 una
2020 1674 2156 1713 cum
2176 1657 2300 1711 suis

3037 805 3278 853 ΚΕΦΑΛ.
3319 803 3390 853 Δ¹.

2416 910 2568 978 Περὶ
2619 913 2727 966 τῆς
2775 907 2908 982 κατ’
2959 905 3152 958 αὐτὸν
3202 905 3632 982 παιδείαςκαὶ
3673 909 3865 982 ἀγωγῆς

2486 982 2750 1050 καὶ-τῶν
2805 980 2974 1050 αὐτῷ
3020 981 3484 1050 φοιτησάντων.
3529 985 3632 1034 Καὶ
3665 980 3726 1043 ὡς
3762 980 3867 1034 ἀκτι-

2485 1046 2762 1102 καίδεκα
2803 1051 2878 1126 ᾦν
2924 1046 3093 1116 ἐτῶν,
3135 1059 3246 1126 τ-ῆς
3298 1053 3354 1103 ἓν
3392 1050 3777 1126 ’ῥλεξανδρείᾳ
3807 1066 3867 1106 τῶν

2485 1130 2729 1200 πιστῶν
2817 1123 3042 1200 ἠγεῖτο
3149 1120 3518 1193 διατριϐῆς,
3607 1120 3937 1200 «ipsimi

2487 1191 2720 1265 ἀθρόον
2767 1191 3129 1265 γενόμενος.

2483 1308 2586 1354 Τοῦ
2648 1297 2708 1353 δὲ
2745 1304 2944 1374 πατρὸς
2998 1301 3182 1366 αὐτοῦ,
3237 1304 3306 1362 ὡς
3352 1305 3560 1374 εἴρηται,
3613 1307 3661 1355 τὸ
3701 1301 3805 1376 βίοῦν
3835 1314 3874 1372 τῷ

2412 1388 2538 1460 ὑπὲρ
2605 1393 2839 1461 Χριστοῦ
2907 1387 3312 1460 μεταλλάξαντος
3380 1394 3634 1462 μαρτυρίῳ,
3702 1391 3744 1442 οὐ
3799 1396 3875 1442 πάνυ

2410 1497 2460 1529 τι
2516 1477 2716 1551 πλήρης
2771 1482 2839 1529 ὦν
2887 1481 3008 1530 ἑτῶν
3073 1475 3446 1544 ἑπτακαίδεκα,
3504 1482 3631 1553 παρὰ
3692 1488 3738 1552 τῇ
3782 1491 3878 1551 μητρὶ

2410 1567 2522 1638 μεθ’
2594 1566 2772 1641 ἐτέρων
2829 1567 2881 1630 ἐξ
2957 1565 3299 1640 βραχυτέρων
3368 1565 3559 1622 παίδων
3630 1569 3877 1640 ταλαιπωρῶν,

2409 1663 2503 1716 τῆς
2557 1664 2816 1730 πατρικῆς
2867 1656 3048 1717 οὐσίας
3104 1664 3210 1717 τοῖς
3241 1656 3531 1729 βασιλικοῖς
3577 1663 3760 1728 ταμείοις
3785 1677 3880 1708 κιτι-

655 1763 994 1805 mrumnose
1009 1748 1068 1803 in
1088 1764 1311 1818 magna
1323 1763 1519 1804 rerum
1536 1749 2008 1804 necessariarum
2025 1745 2301 1816 angustia

2412 1743 2666 1816 λεγείσης,
2725 1747 2774 1796 ἓν
2826 1745 3046 1818 πλείστῃ
3107 1747 3293 1799 σπάνει
3374 1756 3471 1798 τῶν
3523 1744 3760 1817 ἀναγκαίων
3798 1766 3879 1817 7m-

643 1837 840 1910 ,348
893 1844 951 1892 et
995 1838 1247 1908 penuria
1285 1837 1525 1902 viveret,
1581 1838 1780 1893 divino
1827 1838 1880 1893 ei
1923 1840 2303 1892 succurrente

655 1927 930 1992 Numine,
972 1926 1318 1982 incredibile
1348 1932 1702 1983 consecutus
1739 1933 1828 1982 est
1885 1926 2192 1981 auxilium.
2223 1925 2304 1980 Si-

655 2017 904 2090 quidem
943 2017 1156 2073 mulier
1184 2017 1466 2090 qumdam
1505 2018 1845 2088 ingentibus
1873 2017 2090 2072 divitiis
2119 2022 2176 2072 et
2204 2031 2303 2071 co-

653 2106 770 2178 piis
809 2105 989 2172 clara,
1028 2112 1085 2163 et
1121 2107 1290 2163 aliter
1334 2123 1579 2179 quoque
1630 2106 2001 2162 Alexandriae
2031 2105 2301 2169 celebris,

655 2195 1138 2264 magninominis
1149 2196 1343 2251 virum
1366 2196 1802 2252 Antiochenum
1824 2211 2060 2268 genere,
2080 2200 2136 2250 et
2157 2196 2307 2249 inter

653 2284 966 2341 haereticos
1031 2284 1462 2341 Alexandrinos
1519 2287 1895 2356 primarium,
1953 2290 2306 2340 consectans

656 2379 835 2445 atque
865 2373 1286 2444 complectens,
1314 2375 1602 2444 adoptato
1619 2374 1730 2429 sibi
1752 2373 1856 2428 ﬁlii
1877 2373 2009 2429 loco
2034 2375 2304 2441 Origene,

656 2479 794 2518 cum
828 2463 1074 2519 maximi
1101 2463 1410 2527 eumfecit,
1436 2468 1562 2518 tum
1595 2463 1645 2518 ei
1669 2463 1911 2536 suisque
1934 2461 2308 2517 omnibusad

645 2552 1073 2624 quotidianum
1097 2551 1602 2608 usumliberaliter
1624 2553 1930 2622 etcopiose
1951 2551 2156 2606 omnia
2172 2565 2309 2622 sup-

653 2641 958 2712 peditavit.
979 2641 1525 2710 Familiariterergo
1550 2658 1690 2697 cum
1711 2641 2131 2714 Paulo(l)(hoc
2148 2641 2308 2695 enim

653 2745 876 2786 nomen
895 2730 1152 2802 maritiej
1164 2747 1231 2785 us
1245 2731 1508 2786 mulieris
1525 2733 1674 2797 erat)
1689 2731 1911 2794 vivens,
1937 2745 2249 2801 nunquam
2273 2744 2310 2783 a

653 2824 948 2876 consueta
961 2819 1073 2874 sibi
1087 2819 1326 2876 deﬂexit
1348 2819 2168 2891 precatione,communicare
2182 2833 2309 2889 pre-

648 2923 756 2963 ces
769 2923 896 2963 cum
910 2908 1097 2964 Paulo
1109 2907 1380 2963 hmretico
1394 2907 2169 2978 nolens,ecclesiasticasque
2182 2923 2309 2962 san-

657 2996 879 3051 ctiones
905 2997 1348 3052 accuratissime
1363 3012 1632 3052 servans:
1655 3013 1791 3052 cum
1808 2997 2052 3068 quidem
2069 2997 2145 3051 ad
2167 2997 2309 3052 Pau-

655 3083 780 3140 lum
813 3085 1566 3157 permultifrequentarent,
1589 3101 1710 3141 non
1734 3085 1928 3141 solum
1944 3085 2046 3156 qui
2061 3101 2133 3140 ex
2150 3087 2307 3140 Grae-

656 3188 865 3228 corum
896 3181 1091 3229 essent
1110 3174 1551 3245 superstitione,
1577 3175 1680 3229 sed
1711 3175 1888 3230 etiam
1913 3175 2100 3229 nostri
2124 3174 2311 3229 homi-

654 3277 782 3318 nes.
814 3261 1157 3318 Grmcorum
1171 3279 1351 3334 porro
1371 3263 1702 3334 disciplinis
1717 3263 2078 3334 jampridem
2097 3279 2131 3318 a
2144 3270 2310 3334 patre

657 3352 948 3424 imbutus,
977 3353 1170 3424 magis
1200 3353 1384 3408 etiam
1415 3353 1476 3408 in
1503 3353 1670 3409 Pauli
1703 3352 1908 3408 schola
1938 3352 2308 3424 proﬁciebat,

656 3439 907 3497 Proinde
947 3446 1156 3512 postea
1184 3457 1257 3496 ex
1285 3457 1493 3496 earum
1531 3442 1936 3497 doctrinarum
1969 3441 2311 3512 disciplina.

657 3529 755 3585 cui
795 3529 1065 3601 prmibat,
1096 3529 1337 3585 abunde
1361 3546 1454 3586 res
1494 3529 1805 3586 familiaris
1845 3530 1896 3584 ei
1937 3529 2314 3600 suppetebat,

653 3619 1042 3692 Posteaquam
1057 3624 1249 3674 autem
1263 3619 1691 3690 persecutionis
1705 3619 1904 3674 timore
1917 3619 2201 3674 omnibus
2215 3635 2318 3674 ex-

649 3707 1062 3779 pulsis,nullus
1075 3707 1430 3764 Alexandriae
1446 3724 1745 3764 sacrorum
1761 3707 2137 3764 oraculorum
2152 3723 2320 3766 enar-

653 3803 817 3852 rator
830 3797 954 3861 fuit,
965 3796 1130 3852 multi
1145 3813 1217 3853 ex
1231 3797 1509 3866 gentibus
1523 3799 1600 3852 ad
1615 3799 1930 3865 Origenem
1943 3797 2315 3863 accedentes,

652 3885 907 3940 verbum
938 3887 1037 3940 Dei
1069 3887 1505 3956 suntprofessi:
1536 3886 1827 3957 multique
1856 3886 2095 3941 illorum
2125 3887 2320 3957 patria

653 3989 828 4030 sacra
847 3973 1141 4041 detestati,
1176 3977 1390 4046 partim
1421 3979 1486 4030 ut
1512 3975 1882 4031 familiariter
1905 3991 2043 4030 cum
2067 3991 2137 4030 eo
2167 3975 2319 4030 vive-

656 4068 806 4127 rent,
822 4064 1040 4135 partim
1057 4069 1120 4118 ut
1142 4079 1380 4134 semper
1390 4066 1442 4119 ei
1464 4064 1766 4130 adessent,
1789 4080 1913 4135 prm
1927 4064 2107 4118 rebus
2119 4064 2318 4120 omni-

655 4150 774 4207 bus
793 4151 989 4207 studio
1006 4151 1117 4207 sibi
1135 4152 1496 4208 habuerunt.
1519 4156 1597 4208 Ex
1626 4153 1694 4207 iis
1717 4154 1946 4224 primus
1969 4169 2101 4208 esse
2122 4153 2317 4222 perbi-

655 4240 830 4296 betur
856 4240 1221 4305 Plutarchus,
1239 4257 1376 4297 cum
1405 4241 1537 4297 vitae
1551 4242 1881 4307 sanctitate,
1902 4247 2030 4297 tum
2046 4243 2318 4313 martyrii

657 4345 882 4386 corona
919 4329 1138 4385 clarus.
1183 4329 1340 4386 Alter
1370 4330 1449 4386 ab
1480 4331 1596 4386 hoc
1634 4331 1911 4386 Heraclas
1956 4336 2312 4395 recensetur.

656 4419 950 4475 Plutarchi
981 4419 1169 4489 ipsius
1206 4417 1386 4475 frater
1418 4435 1430 4474 :
1459 4419 1565 4491 qui
1595 4426 1825 4474 tantum
1857 4420 1931 4474 de
1962 4435 2024 4474 se
2067 4420 2313 4475 verioris

2412 1851 2559 1905 μενος
2609 1837 2740 1904 μετὰ
2788 1842 2889 1887 τῶν
2937 1837 3067 1906 πρὸς
3117 1839 3276 1905 γένος,
3335 1843 3430 1896 τῆς
3500 1837 3621 1895 θείας
3678 1834 3880 1906 ἅντιλιιξιει-

2412 1927 2622 1994 νομένης
2683 1925 2872 1997 ῥοπῆς,
2942 1933 3038 1986 τῆς
3107 1923 3295 1977 ἐκεῖθεν
3372 1924 3586 1999 ἀρρήτου
3641 1929 3880 1995 antur/1m
3940 1913 3941 1916 Ἴ

2416 2008 2724 2074 δεξιώσεως.
2794 2017 2925 2070 Γυνὴ
3002 2015 3102 2087 ’γάρ
3177 2033 3274 2078 τις,
3355 2014 3551 2085 πλούτῳ
3609 2017 3681 2078 μεν
3749 2022 3880 2083 κομῶσι

2417 2100 2592 2174 βαθεῖ,
2650 2107 2934 2175 περιφανὴς
2987 2099 3046 2155 δε
3102 2102 3267 2164 ἄλλως
3318 2112 3419 2155 τῶν
3467 2105 3540 2156 ἐπ’
3596 2100 3878 2174 ’Δλεξανδριὶις

2415 2195 2506 2242 καί
2557 2211 2674 2243 τινα
2736 2191 3045 2264 περιϐόητον
3103 2189 3293 2264 ἄνδρα,
3345 2193 3614 2264 Ἀντιοχέα
3666 2211 3713 2262 γε
3753 2197 3820 2261 μὴν
3851 2197 3878 2238 ti

2414 2285 2580 2351 γένος,
2628 2289 2728 2332 τῶν
2809 2277 2861 2333 δ’
2913 2283 2993 2333 ἔπ’
3050 2279 3445 2355 Ἀλεξανδρείας
3509 2285 3765 2354 αἱρεσιωτῶν
3802 2285 3880 2349 τρν-
3942 2275 3943 2280 “

2416 2389 2594 2422 τιστον
2647 2375 2986 2441 περιέπουσα,
3043 2373 3187 2424 θετὸν
3229 2374 3343 2424 υἱὸν
3395 2375 3481 2424 τὸν
3527 2373 3745 2445 Ὠριγένην

2418 2459 2717 2530 εἱσῳκέζετο
2744 2477 2758 2489 ⁸
2817 2466 2908 2512 καὶ
2960 2462 3008 2512 ἑν
3069 2467 3182 2521 τοῖς
3207 2461 3444 2532 μᾶλιστα
3469 2460 3755 2523 κατατάξασα
3789 2459 3880 2527 ἄφθε-

2417 2552 2478 2600 νά
2530 2567 2584 2601 τε
2634 2554 2724 2602 καὶ
2775 2545 2975 2620 δαψιλῆ
3033 2552 3100 2602 τὰ
3145 2556 3274 2622 πρὸς
3315 2551 3414 2610 τὸν
3456 2556 3624 2623 χρείαν
3649 2550 3754 2619 αύτῳ
3780 2552 3880 2599 τεκαὶ

3155 2646 3319 2692 συνών
3383 2638 3442 2694 δε
3491 2650 3559 2711 τῷ
3599 2639 3744 2709 Παύλῳ
3780 2638 3878 2702 (τοῦτα

2417 2731 2516 2800 ’γὰρ
2574 2725 2635 2786 ἦν
2691 2732 2852 2800 ὄνομα
2902 2736 2976 2799 τῷ
3029 2733 3244 2801 συζύγῳ
3301 2738 3403 2791 τῆς
3441 2722 3877 2801 γυναίκός),οὗδετν-

2417 2836 2540 2869 ποτε
2586 2824 2681 2878 τῆς
2748 2819 3007 2879 συνήθους
3067 2818 3233 2889 εὐχῆς
3298 2821 3622 2891 παρετράπη,
3661 2821 3743 2876 τοὺς
3773 2812 3875 2866 inlt-

2421 2909 2727 2966 σιαστικοὺς
2775 2908 2999 2977 θεσμοὺς
3050 2909 3098 2967 ἒς
3149 2908 3309 2980 inpos
3362 2904 3636 2981 διατηρῶν,
3694 2911 3749 2955 ui
3779 2907 3870 2952 m3?!

2416 2647 2520 2700 νοῖς
2573 2639 2781 2701 οἰκείοις
2835 2639 3049 2711 έπὴρκει
3083 2658 3094 2669 ·

2418 2994 2614 3046 πολλῶν
2664 2991 2805 3053 δῆτα
2853 3003 2927 3064 τῷ
2986 2995 3174 3066 Παύλῳ
3249 3002 3562 3068 φοιτώντων,
3625 3003 3697 3047 τῶν
3739 3009 3768 3041 π
3806 2994 3858 3044 ff;

2415 3081 2662 3141 Ἑλλήνων
2736 3085 3040 3154 θρησκείας,
3110 3088 3204 3137 οΰκ
3293 3085 3592 3157 ἐλαχίστων
3653 3087 3751 3154 item
3805 3077 3857 3123 ῑιί

2417 3174 2692 3245 ἡμετέρων.
2730 3179 2848 3232 Τοῖς
2906 3169 2964 3225 δὲ
3035 3182 3134 3225 τῶν
3185 3173 3432 3232 Ἑλλήνων
3502 3176 3713 3248 μαθήμασι
3755 3180 3864 3235 κρατι-

2416 3260 2619 3322 λεσθεὶς
2670 3264 2724 3313 ἐκ
2774 3269 2867 3314 τοῦ
2919 3267 3114 3336 πατρὸς
3166 3263 3466 3336 Ὠριγένης,
3514 3268 3593 3317 ἐπὶ
3652 3258 3770 3332 arma!

2421 3346 2557 3403 δωκε
2634 3357 2696 3422 τῇ
2757 3350 2962 3404 Παύλου
3043 3351 3320 3422 σχολάζων
3395 3350 3666 3424 διατριϐῇ’
3713 3344 3884 3398 aberit!

2419 3444 2509 3490 καὶ
2566 3435 2804 3509 δαψιλῶς
2857 3447 2958 3490 τῶν
3011 3438 3311 3510 ἀναγκαίων
3367 3445 3535 3513 τούτῳ
3585 3439 3813 3512 μήκαὶ
3854 3431 3885 3478 ί²

2421 3535 2513 3580 τοὺ
2555 3530 2906 3598 καθηγεῖσθαι
2951 3532 3009 3580 τό
3064 3529 3242 3582 λοιπόν
3279 3538 3396 3593 τοῖς
3447 3533 3730 3602 μαθήμασιν·
3765 3522 3820 3592 ᾩῖ
3852 3513 3885 3566 δί

2422 3619 2626 3669 πάντων
2682 3626 2753 3687 τῷ
2819 3614 2926 3670 δέει
2995 3626 3087 3670 τοῦ
3137 3616 3381 3690 διωγμοῦ
3461 3619 3798 3687 ἀπεληλαειίνων,
3836 3611 3872 3658 ὶτ

2427 3703 2817 3778 Ἀλεξανδρείας
2866 3703 3042 3768 οὐδεὶς
3078 3715 3177 3760 τὼν
3221 3711 3368 3780 ἱερῶν
3419 3709 3660 3780 ἔξηγητής
3694 3701 3756 3768 ἦν,
3783 3696 3885 3749 πολλοὶ

2425 3802 2516 3846 καί.
2569 3804 2666 3847 τῶν
2721 3794 2774 3858 ἐξ
2804 3794 2959 3848 έθνῶν
2997 3799 3164 3866 τούτῳ
3195 3793 3262 3854 δὴ
3300 3804 3687 3869 προσιόντεςτῷ

2426 3888 2513 3936 τὸν
2564 3884 2712 3955 λόγον
2788 3892 2882 3936 τοῦ
2935 3893 3070 3938 Θεοῦ
3121 3887 3526 3958 κατηγγέλλοντο
3565 3906 3577 3919 ·
3631 3882 3766 3937 πολλοὶ
3797 3873 3827 3927 δ’
3863 3871 3888 3928 ἑξ

2427 3971 2625 4026 ἐκείνων
2655 3977 2742 4026 καὶ
2791 3975 2857 4025 τὰ
2898 3976 3096 4047 πάτρια
3149 3971 3581 4048 βδελυσσόμενοι,
3626 3976 3799 4026 συνεῖναι
3828 3961 3889 4013 τίν’

2427 4059 2538 4134 δρὶ,
2601 4067 2688 4115 καὶ
2751 4062 2896 4114 ἄλλοι
2951 4060 3011 4116 δι
3067 4070 3247 4134 φοιτᾴν
3307 4063 3451 4118 ἐσαεὶ
3522 4059 3726 4120 σπουδῆς
3768 4054 3888 4108 ἑπέτις

2425 4153 2627 4204 ἐτίθουν
2697 4153 2995 4226 ὑπέρτερον.
3055 4156 3261 4206 Τούτων
3332 4151 3392 4207 δε
3446 4163 3634 4226 πρῶτον
3679 4149 3786 4205 οὗτος
3834 4157 3890 4190 ιπί·

2427 4246 2736 4312 σημαίνεταί
2791 4241 3135 4313 Πλούταρχον
3166 4260 3178 4272 ο

2423 4335 2801 4402 παρεσχηκὼς,
2857 4336 2946 4384 καὶ
3020 4340 3327 4405 μαρτυρικῷ
3394 4316 3734 4404 κατεκοσμήθη
3781 4316 3888 4387 “'ii'

2423 4440 2492 4490 νῳ
2533 4439 2545 4449 ’
2604 4417 2840 4491 δεύτερον
2899 4417 2958 4472 δέ
3027 4423 3157 4490 μετὰ
3205 4428 3387 4474 τοῦτον
3463 4420 3698 4495 Ἠρακλᾶν
3751 4412 3888 4479 ἱστορεῖ·

3244 4244 3301 4304 ὃς
3367 4248 3686 4317 προσήκοντα
3733 4239 3791 4287 τὸν
3829 4227 3890 4298 βυτ

654 4476 1057 4578 philosophiae
1087 4506 1267 4562 studii
1294 4476 1599 4578 specimen
1625 4508 1895 4578 prmbuit.
1935 4512 1994 4562 ut
2015 4514 2222 4578 postea
2254 4509 2309 4563 in

2465 4476 2473 4490 ι
2754 4476 2762 4491 ι
3027 4476 3035 4490 ι
3524 4476 3532 4495 ι
3825 4476 3828 4479 .

2424 4517 2513 4562 τοῦ
2553 4513 2925 4580 προειρημένου
2971 4505 3030 4562 δὲ
3097 4509 3446 4583 Πλουτάρχου
3502 4508 3705 4580 ἁδελφὸς
3761 4501 3889 4566 ἐτάγιπ·

655 4597 908 4653 ecclesia
948 4595 1352 4653 Alexandrina
1396 4598 1687 4653 Demetrio
1729 4613 2037 4652 successor
2067 4599 2143 4652 sit
2173 4597 2311 4653 sub-

655 4693 924 4756 rogatus.
966 4686 1145 4742 Porro
1195 4687 1497 4742 decimum
1529 4692 1811 4742 octavum
1844 4701 2030 4756 agens
2084 4702 2311 4742 annum

656 4775 964 4844 Origenes,
997 4773 1219 4829 scholae
1263 4775 1610 4831 catechistes
1636 4775 1696 4830 in
1734 4777 1879 4830 urbe
1909 4775 2312 4832 Alexandrina

654 4870 764 4920 est.
798 4863 1132 4936 praefectus.
1157 4865 1224 4919 Et
1240 4879 1380 4919 cum
1399 4864 1624 4920 ibidem
1647 4865 1762 4918 sub
1783 4863 1991 4934 Aquila
2008 4880 2127 4934 prae
2138 4863 2311 4920 fecto-

654 4953 988 5024 persecutio
1019 4953 1282 5008 maxime
1320 4953 1637 5009 exundans
1681 4953 2137 5017 incrudesceret,
2185 4969 2316 5008 ma-

655 5057 847 5112 gnum
872 5049 1232 5098 consecutus
1268 5047 1357 5098 est
1384 5058 1608 5099 nomen
1639 5043 1803 5114 apud
1833 5058 1936 5098 eos
1967 5042 2071 5114 qui
2104 5042 2313 5098 Christi

654 5133 898 5188 nomine
937 5139 1258 5188 censentur
1289 5149 1303 5187 :
1333 5132 1498 5204 quod
1531 5139 1587 5187 et
1618 5138 1790 5188 notos
1824 5133 1937 5187 sibi
1971 5138 2028 5187 et
2074 5132 2310 5202 ignotos

655 5219 1022 5277 familiariter
1059 5221 1362 5293 excipiens
1402 5221 1938 5292 complecteretur:
1981 5227 2038 5278 et
2101 5223 2202 5293 qui
2249 5222 2311 5277 in

656 5309 910 5367 vinculis
938 5313 1128 5374 erant,
1155 5309 1364 5366 sedulo
1391 5310 1670 5378 visitaret,
1702 5310 2070 5367 alacritatem
2101 5327 2309 5367 eorum

2423 4618 2501 4650 νεν
2561 4599 2628 4649 ὧν
2659 4616 2669 4626 ·
2731 4601 2799 4658 ὡς
2840 4596 2906 4657 δὴ
2963 4603 3049 4650 καὶ
3103 4598 3242 4669 αὐτῷ
3279 4599 3475 4658 πολλὴν
3532 4599 3768 4671 φιλοσόφον
3797 4585 3887 4637 ἔπιέ·

2427 4706 2554 4748 σεως
2619 4687 3013 4758 εἰσενηνεγμένῳ
3080 4684 3366 4754 ἀπόδειξιν,
3421 4690 3449 4740 ό
3496 4697 3584 4748 τῆς
3644 4671 3886 4746 Quid?”

2428 4777 2606 4848 θρόνος
2646 4778 2777 4846 μετὰ
2825 4781 3118 4848 Δημήτριον
3169 4775 3473 4850 ἐκληροῦτο.
3524 4771 3726 4846 Ὄγδοον
3759 4761 3893 4824 δεπβδξ

2425 4861 2627 4934 δεκάτῳ
2679 4867 2790 4925 ἔτος
2836 4873 2931 4924 τῆς
2997 4864 3203 4927 ἡλικίας
3262 4862 3321 4923 ἦν
3384 4866 3650 4938 Ὠριγένει,
3701 4861 3810 4917 ἡνίκε
3844 4864 3895 4896 τθυ

2424 4953 2534 5005 κατ’
2578 4949 2971 5025 Ἀλεξάνδρειαν
3018 4957 3245 5024 προέστη
3297 4951 3664 5007 διδασκαλείου
3702 4956 3775 5007 τῆς
3804 4955 3896 4992 ιη’

2423 5048 2631 5114 χήσεως
2690 5059 2700 5069 ·
2779 5043 2862 5093 ὅτε
2912 5047 3002 5094 καὶ
3044 5050 3143 5094 τῶν
3201 5044 3314 5095 κατ’
3373 5043 3596 5098 Ἀκύλαν
3654 5025 3890 5104 διοηξιὼδ

2424 5125 2793 5202 ,Αλεξανδρείᾳ
2866 5127 3074 5203 σφόδρα
3139 5130 3648 5204 πλημμυρησάντων,
3708 5130 3805 5198 μέγα
3853 5131 3888 5162 u:

2421 5220 2726 5295 περιϐόητον
2769 5220 2919 5281 οὗτος
2957 5222 3216 5277 ἑκτὴσατο
3255 5225 3435 5293 ὄνομα,
3478 5223 3550 5282 οἷς
3580 5217 3643 5277 δή
3683 5221 3730 5268 τὸ
3760 5219 3884 5298 Χριτττς

2421 5309 2537 5366 ἐνῆν
2581 5313 2760 5381 ὄνομα.
2817 5315 2956 5361 nam
2997 5311 3098 5382 γὰρ
3137 5315 3224 5362 καὶ
3264 5315 3542 5384 γνωρίμοις
3587 5312 3668 5361 καὶ
3710 5306 3768 5377 με
3810 5305 3881 5349 sui

727 5488 806 5560 (t)
827 5487 1001 5560 Apud
1029 5487 1370 5552 Eusebium,
1397 5487 1503 5544 lib.
1536 5503 1764 5561 vi,cap.
1797 5488 1851 5554 3,
1870 5493 1978 5554 est,
2007 5489 2256 5548 Paulum
2279 5487 2460 5544 istum
2500 5485 2780 5549 afemina
2807 5485 3261 5562 adoptatum,et
3280 5488 3595 5561 Origenem
3611 5459 3876 5543 cumeo

659 5571 822 5633 illam
849 5582 1149 5634 versatum
1169 5575 1379 5636 fuisse.
