4036 6288
197 245 362 302 1077

195 372 412 444 ἐχρῆτο
457 379 518 445 τῇ
575 367 840 434 δεξιότητι
871 387 884 402 ·

195 469 317 524 πῆς
349 460 525 527 ἀξιῶν,
577 466 665 513 καὶ
713 462 992 534 ύπεγείρων
1030 461 1089 510 τὸ
1126 461 1392 532 πρόθυμον
1427 476 1438 488 '
1469 455 1577 518 ἤδη
1612 455 1671 511 δὲ
1718 462 1807 509 καὶ

191 554 303 609 τὴν
345 549 429 603 ἐπὶ
462 551 678 603 θάνατον
725 549 1088 621 ἀπαγομένοις,
1149 547 1446 622 θαρσαλέως
1502 552 1596 600 σὺν
1643 545 1802 618 πολλῇ

192 639 485 714 παρῥησίᾳ
547 641 794 712 προάγειν
846 643 936 690 καὶ
1009 639 1260 710 φιλήματι
1322 637 1760 698 κατασπάζεσθαι
1788 655 1801 668 ·

193 730 268 790 ὡς
324 734 416 781 καὶ
465 728 713 789 πολλάκις
765 735 864 779 τῶν
907 725 1061 780 ἐθνῶν
1115 730 1202 778 τὸν
1252 723 1420 799 δῆμον
1473 725 1804 798 ἑπιμαινόμε-

186 837 286 871 νον
365 817 660 871 καταλεύειν
715 818 1023 890 πειρᾶσθαι,
1099 818 1196 868 κᾶν
1270 819 1416 891 παρὰ
1475 813 1635 878 δόξαν
1708 823 1804 876 τῆς

187 907 398 960 ἄνωθεν
423 903 598 970 δεξιᾶς
635 906 1038 980 προασπιζούση
1051 926 1090 969 ς,
1149 904 1348 977 βοηθοῦ
1377 908 1761 976 κατετύγχανεν
1785 925 1798 937 ο

185 997 380 1072 ὧσπερ
423 993 490 1055 δή
543 1001 634 1048 καὶ
679 994 763 1048 ἐπὶ
809 995 974 1047 πολλά
1026 1000 1117 1047 καὶ
1146 995 1391 1057 πολλάκις
1437 1002 1510 1065 τῷ
1550 996 1801 1068 προθύμῳ

189 1094 294 1146 τῆς
347 1090 466 1159 περὶ
510 1089 596 1138 τὸν
652 1088 782 1138 θεῖον
830 1084 978 1156 λόγον
1013 1080 1252 1146 σπουδῆς
1289 1103 1342 1137 τε
1378 1089 1468 1136 καὶ
1507 1083 1802 1158 παρῥησίας

184 1173 674 1246 ἐπιϐουλευόμενον,
765 1172 1013 1246 ἀνώτερον
1088 1171 1336 1248 διετήρει.
1407 1181 1668 1228 Τοσοῦτον
1741 1170 1801 1226 δὲ

178 1267 286 1316 τόν
336 1264 552 1338 πόλεμον
602 1263 745 1334 αὐτῷ
796 1265 1133 1328 καθεστάναι,
1197 1267 1266 1326 ὡς
1316 1265 1427 1336 μετ’
1503 1263 1596 1316 οὐκ
1652 1261 1798 1333 ἀγεν-

174 1360 320 1416 νοῦς
375 1354 637 1426 φάλαγγος
695 1361 756 1426 τῇ
806 1353 948 1426 οἰκίᾳ
995 1352 1042 1404 έν
1197 1357 1465 1425 κατέμενεν
1531 1349 1795 1425 ἐνδημεῖν,

179 1451 298 1494 τῶν
350 1442 472 1515 παρ’
530 1443 670 1513 αύτῷ
718 1447 1128 1515 κατηχουμένων
1165 1447 1258 1501 τὴν
1317 1444 1454 1515 ἱερὰν
1514 1439 1796 1495 παίδευσιν

178 1534 251 1584 τὸ
283 1531 484 1592 πλῆθος
539 1533 893 1606 ὑφορωμένων.
931 1537 1032 1584 Καὶ
1084 1539 1328 1592 τοσοῦτος
1379 1533 1404 1583 ό
1462 1530 1575 1582 κατ’
1635 1534 1795 1582 αὑτοῦ

183 1617 433 1692 διωγμὸς
499 1622 722 1688 ἀνῆπτο,
778 1624 846 1682 ὡς
906 1620 1001 1673 ἀνὰ
1071 1627 1244 1673 πᾶσαν
1298 1620 1454 1673 αὐτόν
1501 1625 1595 1679 τήν
1647 1619 1794 1672 πόλιν

1281 238 1852 300 ECCLESIASTICIE
1890 238 2254 297 HISTORIAE
2291 240 2427 298 LIB.
2468 241 2535 298 V.

937 370 986 421 ἓν
1037 387 1090 422 τε
1139 365 1357 441 δεσμοῖς
1387 363 1555 433 οὖσιν,
1598 368 1782 422 ίπισκο

1917 368 2184 424 excitans
2210 373 2266 425 et
2295 369 2606 440 adangens
2634 373 2798 427 :tum
2813 372 3014 428 autem
3042 385 3144 426 eos
3173 369 3276 444 qui
3306 368 3384 427 ad
3415 385 3572 427 mor-

3429 242 3574 298 1078

1919 462 2035 514 tem
2052 466 2422 528 raperentur,
2451 459 2633 532 349
2663 477 2801 517 cum
2829 461 3018 518 multa
3050 460 3274 516 ﬁducia
3303 467 3360 517 et
3397 459 3570 516 liber-

1915 549 2033 602 tate
2080 548 2431 619 produceret
2477 554 2658 621 atque
2685 551 3146 606 exoscularetur.
3195 551 3571 621 Quapropter

1916 651 2078 708 saepe
2107 643 2195 692 est
2225 639 2471 704 factum,
2502 644 2563 693 ut
2585 655 2656 694 ex
2674 639 2951 708 gentibus
2985 639 3188 710 plebes
3219 639 3418 696 furore
3443 654 3571 695 cor-

1915 730 2080 794 repta
2128 725 2432 795 lapidibus
2489 742 2627 782 eum
2681 727 2932 783 obruere
2989 727 3377 783 contenderit.
3454 727 3568 782 Sed

1912 813 2070 869 illum
2123 819 2333 884 praeter
2389 817 2916 887 exspectationem,
2949 817 3178 873 ccelitus
3203 817 3411 873 dextra
3463 816 3566 872 Dei

1911 904 2190 973 praesenti
2241 919 2356 974 ope
2408 910 2499 959 est
2555 905 3339 978 tutata:quemadmodum
3384 905 3566 962 etiam

1911 1007 2070 1064 saepe
2105 991 2272 1056 alias,
2308 1002 2545 1064 pr0pter
2580 1010 2886 1050 summam
2926 994 3289 1051 alacritatem
3322 994 3563 1051 liberta-

1909 1086 2148 1152 temque
2187 1082 2371 1137 divini
2412 1083 2577 1138 verbi
2628 1082 2905 1150 docendi,
2965 1084 3197 1140 insidiis
3234 1085 3560 1156 expetitum

1909 1172 2301 1226 conservavit.
2331 1174 2551 1227 Tantus
2582 1188 2760 1244 porro
2793 1174 3082 1229 adversus
3119 1173 3429 1229 hominem
3457 1189 3558 1228 ex-

1908 1259 2049 1315 stitit
2112 1265 2328 1325 motus,
2381 1265 2446 1316 ut
2498 1260 2670 1331 plebe
2718 1262 2956 1318 ethnica
3003 1268 3383 1334 procurante,
3435 1276 3559 1318 non

1907 1350 2346 1406 contemnenda
2377 1351 2633 1406 militum
2666 1368 2904 1418 manus,
2939 1351 3002 1407 in
3028 1368 3100 1408 ea
3124 1351 3222 1408 ubi
3245 1352 3561 1409 habitabat

1905 1437 2089 1494 domo
2121 1445 2474 1506 versaretur,
2501 1444 2557 1496 et
2587 1439 2825 1498 turbam
2867 1456 3076 1497 eorum
3105 1441 3210 1513 qui
3247 1441 3328 1497 ab
3360 1440 3461 1497 illo
3490 1441 3554 1496 in

1905 1527 2086 1583 sacris
2120 1527 2448 1600 disciplinis
2470 1529 2942 1600 instituerentur,
2968 1535 3252 1586 servaret.
3286 1531 3558 1602 Denique

1905 1632 2097 1687 usque
2127 1633 2198 1671 eo
2227 1619 2558 1688 persecutio
2584 1617 2877 1674 adversus
2904 1635 3040 1675 eum
3063 1619 3330 1686 invaluit,
3361 1625 3422 1675 ut
3450 1633 3558 1690 per

179 1712 369 1783 κρύφα
423 1715 695 1786 περιιέναι,
751 1710 919 1763 οἰκίαν
976 1709 1029 1774 ἐξ
1095 1711 1264 1774 οἰκίας
1347 1709 1647 1778 ἀμείϐοντα,
1701 1715 1782 1760 τοί

1902 1706 2112 1762 urbem
2126 1707 2858 1774 omnem,domumdomo
2900 1716 3157 1773 mutans,
3187 1708 3343 1765 clam
3367 1708 3551 1764 circui

185 1803 410 1871 στίφους
463 1803 625 1874 χάριν
682 1808 781 1852 τῶν
847 1796 922 1852 δι’
979 1800 1137 1852 αὑτοῦ
1185 1807 1248 1872 τῇ
1312 1802 1424 1872 θείᾳ
1472 1803 1792 1871 προσιόντων

185 1885 422 1946 ἀσκήσει
472 1897 572 1940 τῶν
632 1889 794 1959 λόγων
827 1910 839 1922 ·
887 1887 995 1942 ἐπεί
1031 1893 1110 1941 τοί
1161 1908 1220 1960 γε
1277 1888 1335 1941 ού
1383 1888 1566 1960 λόγους
1615 1893 1788 1961 μόνον,

183 1975 323 2030 ἀλλά
370 1981 557 2030 καὶτὸ
604 1977 728 2053 παρ’
781 1978 955 2050 ἐκείνῳ
1015 1983 1363 2050 πραττόμενον
1423 1981 1789 2050 γνησιωτάτης

184 2067 497 2139 φιλοσοφίας
548 2066 830 2138 ἐτύγχανεν
884 2064 1120 2130 ἔνδειξις.
1190 2072 1458 2140 Σύμφωνος
1502 2065 1556 2120 δ’
1612 2065 1672 2125 ἦν
1733 2064 1787 2120 εὖ

184 2156 330 2228 μάλα
359 2161 448 2208 καὶ
487 2158 512 2208 ὁ
551 2155 700 2227 λόγος
745 2164 816 2227 τῷ
860 2159 1014 2228 ἔργῳ,
1065 2160 1154 2209 καὶ
1198 2157 1433 2227 ἔμπαλιν.
1482 2156 1658 2211 ’Ἐνθεν
1708 2177 1788 2209 τοι

182 2245 424 2307 καὶτῆς
497 2247 688 2298 ἄνωθεν
773 2251 1142 2320 συναιρομένης
1225 2243 1493 2319 δυνάμεως
1567 2247 1787 2309 πολλοὺς

182 2335 341 2400 εἷλκε,
369 2338 458 2388 atati
491 2334 729 2397 ζηλωτὰς
761 2333 1022 2388 ἐπεσπᾶτο
1051 2340 1291 2409 μυρίους.

815 2553 1038 2603 ΚΕΦΑΛ
1077 2549 1150 2605 Ε’.

182 2654 290 2716 Ὠς
323 2653 702 2743 τελεωτέρας
763 2654 1115 2728 φιλοσόφου
1171 2651 1511 2780 διαέωγῆς
1551 2658 1782 2730 ἥψατο,

269 2729 504 2778 καὶτὸν
544 2727 962 2780 ευαγσγελικόν
1002 2728 1088 2780 εἰς
1127 2726 1278 2780 ἀκοί
1333 2748 1466 2780 ειαν
1505 2735 1782 2780 παοεωύ-

269 2730 366 2805 καὶ
402 2729 504 2778 τὸν
528 2726 962 2805 *εὐαγγελικόν
1002 2726 1088 2791 εἰς
1127 2726 1466 2800 ἀκρίϐειαν
1505 2726 1783 2805 παρεφύ-ξ-

270 2796 480 2850 λαττεν
521 2796 687 2871 ὅρον.

265 2902 346 2966 Ὠς
392 2901 450 2957 δε
490 2903 698 2965 πλείους
727 2903 900 2976 ἐκείνῳ
941 2907 1168 2976 ἐγένοντο
1225 2911 1466 2978 φοιτηταὶ
1524 2915 1618 2969 τῆς
1665 2905 1781 2962 δια-

187 2991 371 3066 τριϐῆς
472 3000 566 3045 τοῦ
639 3001 894 3065 κατηχεῖν
969 2992 1402 3068 ἐπιτετραμμένης
1478 2995 1650 3069 ἐκείνῳ
1725 3000 1780 3049 ἐκ

182 3085 508 3155 Δημητρίου,
570 3079 876 3154 ἀσύμφωνον
935 3085 1004 3145 ὡς
1085 3083 1220 3146 εἰκός
1275 3085 1621 3156 λογισάμενος
1686 3092 1778 3145 τήν

1895 3100 1926 3140 a
1959 3083 2253 3139 Demetrio
2283 3084 2394 3139 sibi
2433 3086 2776 3150 commissa,
2809 3085 2957 3141 vidit

178 3177 283 3221 τῶν
330 3169 508 3233 ἔξωθεν
556 3169 720 3241 λόγων
790 3167 1035 3224 παιδείαν
1091 3181 1201 3235 τοῖς
1255 3175 1412 3247 ἱεροῖς
1463 3181 1777 3248 καταμίγνυ-

183 3261 328 3323 σθαι,
389 3257 676 3332 ἀφίσταται
737 3263 827 3333 μεν
885 3259 1077 3324 ἐκείνης
1131 3263 1278 3324 εὐθὺς
1333 3273 1430 3327 τῆς
1482 3261 1776 3340 διατριϐῆς,

180 3351 252 3411 ὡς
280 3349 477 3408 ἣκιστα
530 3356 776 3402 τοσοῦτον
831 3350 1034 3422 ὠφελεῖν
1088 3348 1394 3425 δυναμένης,
1443 3357 1690 3408 τάναντία
1720 3353 1779 3408 δὲ

177 3441 272 3490 καὶ
319 3445 430 3499 τοῖς
494 3439 650 3510 ἱεροῖς
707 3439 1084 3511 εἰσηγουμένης
1148 3450 1245 3493 τῶν
1319 3441 1503 3513 λόγων.
1563 3443 1780 3498 Ἔπειτα

177 3531 392 3598 γενναίῳ
443 3532 532 3580 καὶ
595 3524 882 3601 ἀνδρώδει,
947 3534 1036 3582 καὶ
1090 3532 1147 3582 τὸ
1201 3530 1372 3583 πλεῖον
1429 3535 1582 3604 φάναι
1639 3534 1778 3606 φιλο-

183 3619 324 3686 σόφῳ
372 3622 443 3685 τῷ
509 3618 766 3690 λογισμῷ,
845 3616 929 3669 ἳνα
980 3623 1052 3690 μή
1131 3618 1404 3696 ἀλλοτρίας
1480 3620 1778 3696 έπικουρίας

181 3701 360 3765 ἐνδεής
404 3705 592 3779 ὁρῷτο,
652 3707 753 3758 ὅσα
806 3726 866 3777 γε
913 3707 1056 3778 αὐτῷ
1112 3705 1245 3766 ἦσαν
1305 3718 1402 3761 τῶν
1459 3708 1672 3783 βιϐλίων
1729 3712 1778 3772 ἐς

181 3796 417 3866 περιττὸν
469 3801 564 3856 τῆς
617 3794 918 3866 φιλοκαλίας
987 3794 1394 3870 ἐσπουδασμένα
1455 3797 1620 3870 λόγων
1667 3800 1778 3854 Ἐλ-

179 3881 397 3940 ληνικῶν
435 3881 516 3935 ἰπὶ
575 3892 676 3956 ὠνῇ
728 3892 798 3955 τῷ
858 3882 1149 3958 βουλομένῳ
1196 3889 1421 3959 προθεὶς,
1487 3893 1774 3964 τέσσαρσιν

181 3970 379 4034 ὀϐολοῖς
431 3971 659 4034 ἑκάστης
705 3975 898 4046 ἡμέρας
956 3978 1087 4048 πρὸς
1167 3983 1259 4028 τοῦ
1336 3976 1620 4050 ἐωνημένον
1687 3977 1773 4032 έκ-

179 4062 532 4134 ποριζόμενος,
591 4061 675 4114 ἐπὶ
738 4061 975 4116 πλεῖστον
1053 4068 1242 4137 χρόνον
1291 4066 1426 4118 οὕτω
1484 4067 1774 4140 φιλοσοφῶν

180 4147 414 4216 διετέλει,
467 4152 642 4203 πᾶσαν
694 4153 1096 4226 νεωτερίζουσαν
1162 4154 1286 4212 ύλην
1343 4160 1434 4207 καὶ
1492 4158 1772 4230 ἐπιθυμίαν

175 4239 239 4291 ού
312 4244 686 4312 προσήκουσαν
753 4239 807 4304 ἐξ
880 4241 1062 4294 ἑαυτοῦ
1119 4241 1501 4316 ἀπωθούμενος.
1553 4245 1771 4322 Ἡμέρας

175 4330 267 4400 μὲν
321 4323 407 4379 οὖν
472 4325 688 4400 ἕνιδρῶν
738 4332 808 4391 ὡς
853 4330 1116 4395 πλεῖστον,
1167 4334 1365 4404 νύκτωρ
1398 4333 1629 4386 πλείοσιν
1661 4336 1771 4388 ἐπε-

1901 1798 2008 1858 ret,
2040 1793 2436 1850 multitudinis
2478 1797 2606 1866 ejus
2651 1797 2861 1866 gratia,
2909 1813 3044 1869 quae
3098 1798 3372 1854 doctrina
3425 1797 3554 1869 ejus

1901 1883 2164 1940 adducta
2197 1883 2277 1941 ad
2311 1884 2578 1940 divinam
2608 1891 2940 1943 accesserat
2970 1887 3422 1959 professionem.
3473 1887 3556 1944 Si-

1899 1975 2144 2044 quidem
2175 1989 2295 2028 non
2343 1975 2528 2030 verba
2559 1974 2778 2040 solum,
2812 1975 2918 2031 sed
2973 1975 3130 2032 facta
3185 1975 3363 2032 etiam
3422 1976 3554 2047 ejus

1898 2064 2300 2118 certissimum
2330 2064 2802 2133 germanissimae
2825 2064 3218 2136 philosophiae
3242 2065 3366 2137 ejus
3387 2064 3550 2122 tuere

1895 2151 2188 2208 indicium
2217 2153 2320 2224 (1).
2375 2155 2619 2209 Prorsus
2660 2169 2945 2227 namque,
2978 2155 3230 2211 orationi
3263 2157 3382 2212 vita
3411 2171 3552 2212 con-

1895 2257 2116 2312 gruens
2152 2242 2574 2314 respondebat.
2609 2244 2801 2308 Quam
2832 2243 2912 2299 ob
2950 2259 3198 2300 causam
3255 2244 3435 2301 etiam
3487 2244 3549 2301 vi

1895 2335 1950 2385 et
1979 2346 2094 2402 ope
2123 2331 2328 2387 divina
2352 2331 2690 2398 auxiliante,
2726 2332 2945 2388 multos
2985 2332 3064 2390 ad
3120 2349 3185 2390 se
3241 2332 3546 2405 pertraxit,

1892 2418 2364 2494 innumerosque
2391 2421 2603 2478 habuit
2626 2421 2976 2479 imitatores.

2563 2547 2785 2604 CAPUT
2814 2549 2883 2603 V.

1901 2655 1974 2712 Ut
1995 2653 2178 2728 vitam
2200 2655 2467 2726 attigerit
2487 2655 2841 2725 philosopho
2859 2655 3286 2728 perfectiorem,
3315 2659 3370 2712 et
3387 2669 3542 2725 prai-

2036 2727 2260 2796 scrt'pta
2284 2728 2622 2798 evangelica
2651 2727 3099 2784 accuratissime
3122 2729 3396 2784 servarit.

1963 2905 2276 2962 Enimvero
2306 2905 2408 2962 ubi
2438 2905 2921 2979 quamplurimos
2961 2908 3042 2964 ad
3083 2922 3146 2962 se
3210 2905 3541 2978 discipulos

1890 2993 2211 3061 conﬂuere,
2248 3011 2491 3051 munere
2525 2996 2858 3052 catechistas
2896 3011 3017 3053 una
3036 3012 3174 3052 cum
3217 2995 3426 3052 schola
3467 3011 3540 3052 ea

3015 3101 3028 3140 :
3080 3086 3410 3141 absurdum
3438 3085 3542 3156 (ita

1890 3179 1954 3228 ut
1994 3189 2106 3246 par
2153 3178 2299 3238 erat,
2354 3174 2697 3243 arbitratus,
2752 3173 3146 3246 profanarum
3206 3174 3539 3230 litterarum

1887 3262 2278 3318 eruditionem
2335 3279 2521 3318 sacras
2574 3264 2961 3319 commiscere
3012 3263 3317 3332 doctrinas,
3379 3263 3536 3319 illico

1887 3357 2268 3408 externarum
2299 3354 2515 3408 artium
2549 3352 2816 3408 studium
2856 3352 3203 3423 posthabuit
3258 3369 3272 3417 ;
3306 3353 3531 3424 quippe

1887 3455 2021 3512 quas
2052 3447 2358 3512 tantopere
2386 3442 2554 3496 utiles
2584 3457 2716 3497 esse
2746 3457 2869 3497 non
2909 3447 3173 3513 possent,
3206 3447 3264 3497 et
3291 3442 3534 3496 diversa

1885 3545 1922 3586 a
1950 3530 2134 3584 sacris
2164 3529 2418 3585 oraculis
2450 3529 2658 3585 aﬁ'erre
2691 3530 2966 3586 solerent.
3003 3530 3222 3586 Deinde
3245 3545 3536 3600 generoso

1885 3623 1942 3675 et
1980 3619 2150 3684 virili,
2193 3618 2489 3690 planeque
2519 3620 2606 3691 (ut
2652 3620 2918 3691 amplius
2966 3619 3261 3692 quiddam
3311 3619 3536 3687 dicam)

1885 3707 2246 3779 philosopho
2277 3709 2498 3773 animo,
2539 3724 2612 3764 ne
2637 3714 2880 3764 externo
2925 3709 3214 3781 quopiam
3268 3707 3536 3762 subsidio

1883 3795 2148 3866 indigere
2175 3796 2487 3862 videretur,
2507 3813 2879 3869 quaecunque
2895 3798 2949 3852 ei
2979 3802 3165 3866 erant,
3190 3795 3533 3852 Graecorum

1883 3883 2172 3941 librorum
2193 3902 2432 3942 summa
2456 3886 2749 3956 elegantia
2768 3891 2824 3942 et
2843 3889 3154 3942 venustate
3181 3886 3536 3942 concinnata

1884 3974 2215 4039 volumina,
2245 3975 2478 4031 venalia
2499 3976 2828 4048 proposuit,
2851 3981 2908 4032 et
2927 3981 3186 4049 quatuor
3215 3974 3534 4030 obolorum

1884 4064 1945 4118 in
1967 4065 2125 4119 diem
2156 4065 2429 4137 quemvis
2451 4066 2706 4138 pretium
2729 4065 2838 4121 sibi
2869 4066 2948 4121 ab
2975 4070 3244 4136 emptore
3274 4062 3536 4136 penden-

1883 4153 2101 4209 dorum
2130 4159 2216 4210 est
2248 4154 2594 4226 stipulatus.
2631 4153 2799 4210 Unde
2838 4154 3100 4227 plurimo
3131 4159 3398 4225 tempore
3450 4153 3529 4208 ad

1885 4258 2022 4297 eum
2074 4243 2324 4299 modum
2381 4244 2790 4317 philosophari
2847 4242 3287 4316 perseverabat,
3353 4241 3532 4314 350

1885 4347 2129 4388 causam
2151 4337 2210 4387 et
2242 4335 2549 4388 materiam
2576 4349 2842 4398 omnem,
2864 4349 3002 4405 quas
3027 4332 3261 4388 allicere
3288 4348 3424 4386 eum
3455 4330 3534 4386 ad

177 4414 337 4470 δίδου
365 4421 560 4481 πόνοις,
612 4421 669 4470 τό
707 4418 878 4471 πλεῖον
917 4424 1070 4492 μέρος
1121 4417 1182 4492 τῇ
1214 4429 1312 4473 τῶν
1368 4424 1513 4474 θείων
1559 4429 1770 4498 Γραφῶν

1895 4438 1978 4478 res
1999 4439 2187 4478 novas
2203 4429 2260 4478 et
2280 4423 2507 4478 illicitas
2530 4431 2748 4494 posset,
2768 4429 2946 4496 atque
2982 4422 3531 4495 concupiscentiam

172 4502 499 4558 έκδαπανῶν.
529 4506 592 4560 Εἰ
645 4503 705 4559 δέ
752 4527 852 4560 που
882 4514 973 4561 καὶ
1012 4509 1173 4562 ὕπνου
1203 4514 1592 4582 παραγεύεσθαι
1637 4512 1765 4566 ἔδει.

169 4597 255 4647 ἐπὶ
308 4594 464 4665 ψιλοῦ
505 4601 869 4668 κατακείμενος
905 4605 998 4649 τοῦ
1029 4595 1269 4670 ἐδάφους,
1331 4601 1426 4652 οὐκ
1473 4600 1556 4654 ἐπὶ
1607 4621 1771 4678 στρω-

164 4693 301 4757 μνῆς
380 4685 787 4756 μεταλαμϐάνειν
863 4683 1054 4756 ἐδόκει,
1119 4687 1365 4760 ὀλιγίστῳ
1441 4692 1608 4750 πάντη
1682 4697 1766 4744 καὶ

165 4777 537 4846 μεμετρημένῳ
620 4777 786 4845 τούτῳ
877 4781 1301 4850 προσχρώμενος,
1379 4787 1452 4849 τῷ
1524 4779 1764 4834 πλεῖστον

166 4865 262 4934 μὲν
311 4861 528 4929 ἀσιτεῖν,
593 4867 681 4916 καὶ
737 4862 910 4924 ἄλλαις
963 4867 1265 4937 φιλοσόφοις
1315 4873 1634 4939 γυμνασίαις
1679 4873 1767 4941 ἑγ-

163 4959 435 5025 καρτερείν
480 4955 818 5023 γενναιότατα
848 4971 861 4985 ο
904 4961 1003 5004 τῶν
1049 4949 1108 5006 δε
1154 4962 1248 5007 τοῦ
1302 4963 1534 5029 Σωτῆρος
1564 4967 1762 5028 φωνῶν,

164 5039 363 5100 έκείνας
407 5039 598 5112 μᾶλλον
654 5041 922 5114 φυλάττειν
975 5039 1082 5094 δεῖν
1141 5048 1286 5114 εῷτο,
1345 5046 1465 5098 ὅσαι
1529 5051 1601 5118 μή
1666 5044 1763 5100 δύο

165 5136 421 5201 χιτῶνας,
485 5126 615 5201 μηδ’
692 5127 1015 5204 ὑποδήματα
1069 5135 1417 5205 περικεῖσθαι,
1475 5140 1608 5206 μήτε
1662 5140 1764 5208 μὴν

166 5223 280 5278 ταῖς
326 5217 587 5272 είσέπειτα
639 5225 905 5294 φροντίσιν
972 5217 1371 5276 έκδαπανᾶσθαι
1447 5219 1770 5278 διακελεύον-

243 5395 478 5474 _(l)_0i'ov
506 5401 648 5474 fyer
677 5398 768 5474 τὸν
797 5395 968 5470 λόγον,
992 5395 1187 5474 ’τοιόνδ
1190 5418 1211 5452 ε
1241 5403 1380 5474 φασὶ.
1425 5403 1510 5453 τόν
1541 5405 1730 5474 τρόπον
1751 5418 1768 5435 ⁸

169 5470 261 5519 καὶ
303 5465 414 5545 οἷο-ν
465 5465 552 5520 τόν
597 5473 808 5545 τρόπον,
835 5465 1039 5545 τοιόνδε
1094 5477 1184 5545 καὶ
1231 5465 1316 5524 τόν
1367 5471 1518 5545 λόγον
1571 5465 1772 5528 έπεδείο

170 5557 350 5596 κνυτο.
376 5541 581 5613 ltaque
607 5540 703 5599 ille
715 5540 958 5615 qualem
970 5542 1322 5611 orationem,
1338 5540 1513 5602 talem
1529 5560 1774 5623 quoque

1883 4511 2255 4567 indecentem
2286 4513 2462 4580 longe
2493 4529 2529 4568 a
2572 4529 2634 4568 se
2685 4513 3048 4584 propellens.
3099 4516 3164 4567 Et
3211 4511 3307 4566 die
3352 4510 3532 4565 sudo-

1879 4600 2044 4656 ribus
2097 4605 2162 4655 ut
2208 4600 2534 4672 plurimum
2579 4608 2835 4673 peracto,
2869 4607 3051 4656 noctu
3098 4601 3276 4656 etiam
3343 4598 3531 4654 multo

1879 4689 2267 4745 incumbebat
2279 4690 2489 4755 labori,
2507 4690 2834 4746 maximam
2847 4690 2896 4761 ej
2909 4708 2973 4745 us
2987 4689 3270 4760 temporis
3298 4692 3531 4760 partem

1881 4777 2264 4834 meditatione
2289 4779 2628 4834 divinarum
2662 4781 3105 4850 Scripturarum
3134 4791 3531 4834 consumens.

1879 4866 1934 4920 Si
1952 4867 2197 4937 quando
2219 4868 2398 4923 etiam
2420 4883 2669 4923 somnus
2699 4868 2889 4924 obiter
2909 4866 3326 4937 degustandus
3351 4869 3530 4934 esset,

1879 4970 1998 5011 non
2028 4955 2086 5010 in
2112 4961 2292 5010 strato
2322 4957 2540 5026 aliquo,
2573 4957 2676 5012 sed
2707 4958 2766 5012 in
2793 4957 2959 5013 nuda
2985 4956 3170 5011 humo
3195 4956 3423 5026 jacens,
3452 4969 3530 5010 eo

1879 5044 2226 5114 parcissime
2264 5046 2554 5112 utebatur,
2604 5045 2849 5116 jejuniis
2899 5044 3228 5117 plurimum
3281 5044 3534 5116 aliisque

1879 5132 2310 5205 philosophicis
2341 5135 2632 5190 exercitiis
2663 5136 3144 5191 constantissime
3175 5149 3412 5205 semper
3437 5134 3534 5188 in-

1881 5226 2092 5279 tentus.
2127 5225 2209 5278 Ex
2252 5224 2574 5280 Servatoris
2603 5224 2920 5296 praeceptis
2952 5223 3054 5280 illa
3106 5223 3367 5280 maxime
3409 5237 3532 5278 ser-

1881 5401 2066 5475 vitam
2101 5418 2117 5475 :7
2147 5407 2204 5456 et
2231 5402 2470 5475 qualem
2502 5404 2706 5468 vitam,
2749 5402 2926 5475 talem
2964 5402 3145 5458 etiam
3193 5400 3527 5461 orationem

1885 5473 2228 5532 exhibuisse
2252 5473 2494 5532 dicitur.
2528 5475 2750 5536 Euseb.
2787 5473 2866 5533 lib
2895 5491 2976 5551 Vi,
3016 5489 3150 5551 cap.
3189 5477 3242 5532 3.
