4036 6288
599 229 738 289 1079

591 355 798 412 vanda
813 371 943 412 esse
957 354 1283 424 iudicabat,
1298 371 1433 428 quae
1451 355 2002 428 prohiberentduas
2022 355 2244 411 habere

590 446 845 514 tunicas,
878 450 979 502 aut
1009 446 1428 503 calceamentis
1460 447 1562 511 uti,
1592 449 1697 500 aut
1718 445 1987 500 animum
2022 444 2244 501 futura-

588 551 725 590 rum
760 551 960 590 rerum
1009 552 1154 591 cura
1183 539 1242 591 et
1285 534 1684 590 sollicitudine
1733 549 2038 589 macerare
2085 539 2243 590 veta-

590 629 745 681 rent.
776 627 976 697 anue
1030 625 1160 696 ipsa
1195 625 1453 679 servavit
1488 629 1783 689 accurate,
1825 623 1885 679 in
1917 624 2132 696 frigore
2187 627 2241 680 et

589 712 883 779 nuditate,
919 715 1099 770 etiam
1151 718 1363 785 praeter
1417 718 1676 779 aatatem,
1732 714 1916 768 vitam
1975 714 2236 782 exigens.

589 801 707 857 Illis
742 818 985 874 quoque
1026 802 1206 858 rebus
1263 802 1447 858 animi
1479 802 1570 856 sui
1599 802 2132 873 promptitudinem
2184 806 2240 857 et

589 891 868 947 ardorem
894 892 1038 947 satis
1080 891 1424 957 declaravit,
1470 891 1634 964 quod
1694 892 1966 961 regiones
2020 889 2238 947 multas

588 981 962 1052 temporibus
1007 981 1206 1036 multis
1232 996 1577 1050 peragrans,
1612 979 1792 1035 nullis
1820 997 1966 1035 usus
2009 981 2082 1034 sit
2123 980 2237 1035 cal-

587 1069 706 1125 ceis
736 1086 748 1125 :
773 1070 1028 1141 vinoque
1055 1085 1324 1140 prorsus,
1349 1070 1600 1140 aliisque
1629 1071 1826 1130 rebus,
1853 1075 2019 1124 extra
2039 1085 2238 1124 neces-

588 1159 816 1216 sarium
868 1159 1244 1225 alimentum,
1296 1158 1688 1215 abstinuerit:
1730 1174 1917 1230 usque
1966 1157 2140 1222 adeo,
2175 1163 2238 1214 ut

584 1248 920 1320 periculum
966 1253 1022 1304 et
1078 1248 1402 1319 perniciem
1457 1249 1690 1320 corpori
1745 1263 1855 1304 suo
1885 1247 2232 1304 conciliarit.

1941 227 2326 286 NICEPHORI
2366 225 2681 285 CALLISTI

3752 229 3841 290 1080

2279 363 2323 417 Α
2355 374 2464 412 ται.
2516 358 2616 407 Καί
2662 351 2712 424 γ’
2765 351 3009 426 ἐφύλαττε
3062 347 3406 423 διαφερόντως
3459 350 3600 420 αὐτὰ,
3651 354 3689 406 ἓν
3729 356 3846 429 ψύχει

2351 449 2441 497 καὶ
2491 447 2777 515 γυμνότητι
2830 438 3185 516 διακαρτερῶν
3239 445 3329 492 καὶ
3370 441 3490 515 παρ’
3538 441 3746 499 ἡλικία-ι’
3789 453 3849 500 καὶ

2351 535 2401 586 ἐν
2445 536 2659 594 ταύταις
2699 527 3118 602 ἐπιδεδειγμένος
3173 533 3231 582 τό
3295 532 3549 604 πρόθυμον
3593 534 3648 592 ὡς
3679 538 3752 586 καὶ
3783 544 3849 605 γει

2351 622 2539 681 πολλὴν
2569 627 2777 696 χρόνοις
2829 627 3052 694 μακροῖς
3101 617 3457 694 διερχόμενον,
3513 616 3740 692 μηδαμῶς
3766 625 3850 677 ὑπο-

2351 709 2558 784 δήμασι
2609 714 2924 786 χρήσασθαι
2955 731 2967 743 ·
3053 714 3190 762 οἴνου
3237 729 3288 763 τε
3330 712 3539 782 πάμπαν
3593 709 3852 783 ἀποσχέσθαι

2349 806 2563 855 καὶτῶν
2602 802 2765 854 ἄλλων
2821 801 2953 859 πλὴν
2993 809 3087 861 τῆς
3141 798 3425 871 ἀναγκαίας
3466 808 3673 872 τροφῆς·
3704 805 3758 862 ὡς
3793 809 3852 855 καί

2347 889 2586 944 κίνδυνον
2657 895 2747 942 καὶ
2824 887 3114 963 διαφθορὰν
3189 897 3260 959 τῷ
3322 893 3520 960 σώματι
3592 889 3851 963 προξενῆσαι,

2347 981 2497 1033 Οὑτω
2531 977 2590 1032 δὲ
2621 979 2772 1053 βιῶν,
2821 985 2912 1032 καὶ
2940 987 3012 1049 τῷ
3052 980 3168 1031 καθ’
3229 977 3404 1030 ἑαυτὸν
3459 975 3770 1049 ὑποδείγματι
3797 987 3852 1032 τοι

2343 1071 2558 1145 ἄριστον
2613 1069 2873 1130 εἰκονίξων
2933 1067 3072 1141 βίον,
3140 1066 3452 1125 κατίπληττε
3507 1071 3591 1139 μὲν
3644 1069 3850 1130 ἅπαντας·

2345 1157 2591 1230 εἰσφέρειν
2653 1154 2712 1210 δὲ
2757 1161 2846 1208 καὶ
2901 1163 3158 1208 κοινωνεῖν
3214 1155 3354 1226 αὑτῷ
3395 1159 3516 1217 τοὺς
3563 1158 3683 1208 οἴκοι
3729 1154 3854 1228 βουλο-

2347 1251 2498 1319 μένου
2511 1268 2531 1309 ς
2573 1245 2841 1318 ἀπέτρεπε.

582 1342 770 1409 Atque
793 1337 905 1393 hoc
937 1337 1118 1393 modo
1160 1339 1380 1406 vivens,
1414 1337 1813 1409 exemploque
1853 1353 1962 1392 suo
2001 1337 2297 1409 optimum
2339 1335 2573 1391 vivendi
2616 1337 2946 1390 institutum
2985 1334 3328 1400 ostendens,
3369 1334 3430 1390 in
3481 1334 3854 1391 admirationem

582 1426 829 1498 quidem
861 1426 954 1481 sui
978 1425 1176 1482 extulit
1203 1442 1436 1482 omnes.
1481 1429 1592 1482 Eos
1632 1431 1832 1482 autem
1859 1427 1964 1498 qui
1993 1426 2137 1482 dare
2175 1430 2278 1483 aut
2303 1425 2752 1482 communicare
2781 1423 3119 1496 quidquam
3143 1439 3285 1478 cum
3316 1439 3386 1478 eo
3425 1423 3704 1488 volebant,
3730 1423 3852 1478 fami-

579 1514 757 1572 liares
790 1531 951 1580 suos,
985 1519 1295 1573 aversatus
1327 1521 1432 1570 est.

1223 1606 1443 1662 CAPUT
1462 1606 1554 1661 Vl.

656 1712 769 1780 Qui
797 1713 872 1770 ab
897 1727 961 1770 eo
990 1712 1152 1769 ducti
1174 1716 1228 1769 et
1255 1712 1476 1784 edocqi,
1505 1713 1778 1785 martyrii
1799 1712 2030 1770 coronis
2050 1713 2164 1768 sint

1263 1785 1562 1841 exornati.

657 1891 1006 1964 Complures
1082 1907 1226 1947 sane
1266 1907 1337 1947 ex
1405 1891 1800 1948 sectatoribus
1843 1892 1987 1957 suis,
2055 1896 2235 1963 atque

581 1981 760 2037 etiam
793 1997 864 2036 ex
897 1981 980 2036 eis
1028 1982 1131 2053 qui
1176 1981 1525 2037 adulterinae
1581 1987 1747 2038 erant
1798 1981 2106 2048 doctrinae,
2157 1981 2234 2036 ad

577 2070 856 2126 eumdem
885 2069 1353 2142 philosophandi
1386 2086 1653 2126 amorem
1677 2071 1965 2126 excitavit.
1995 2071 2058 2124 In
2083 2086 2234 2142 quo-

573 2174 708 2214 rum
734 2159 954 2215 intimis
975 2159 1189 2214 animis
1214 2158 1307 2214 ita
1331 2159 1602 2214 divinum
1626 2158 1760 2214 ﬁdei
1790 2159 2041 2214 verbum
2074 2159 2130 2213 in
2143 2175 2235 2214 se-

572 2248 676 2313 vit,
735 2253 798 2303 ut
855 2252 1156 2302 maturum
1226 2248 1590 2319 uberemque
1655 2247 1935 2319 deinceps
2000 2253 2237 2319 caperet

573 2335 958 2391 fructumzin
981 2340 1233 2402 tantum,
1278 2343 1342 2390 ut
1393 2353 1464 2391 ex
1495 2337 1580 2391 eis
1636 2337 1907 2408 quidam,
1961 2352 2236 2408 persecu-

573 2425 809 2480 tionum
870 2425 1264 2496 temporibus,
1322 2425 1561 2497 maryrii
1622 2427 1860 2480 coronis
1930 2427 2043 2482 sint
2108 2425 2236 2481 illu-

569 2513 779 2570 stratit.
826 2514 1057 2570 Primus
1077 2514 1343 2586 quidem,
1370 2530 1553 2586 quem
1580 2513 1866 2582 diximus,
1885 2515 2233 2570 Plutarchus

578 2602 682 2658 fuit
719 2619 736 2659 :
767 2603 870 2674 qui
902 2619 1036 2658 cum
1066 2603 1143 2657 ad
1205 2603 1569 2674 supplicium
1627 2605 1960 2668 duceretur,
2015 2619 2230 2675 parum

567 2691 760 2747 abfuit
787 2692 931 2764 quin
978 2692 1260 2762 Origenes
1294 2709 1538 2765 quoque
1566 2693 1642 2749 ab
1672 2693 1830 2749 illius
1863 2693 2232 2749 occideretur

568 2781 936 2846 civibus,.ut
961 2782 1065 2852 qui
1118 2788 1328 2838 auctor
1385 2783 1549 2837 necis
1604 2782 1758 2837 illius
1813 2783 2006 2838 dictus
2050 2785 2223 2842 esset.

564 2871 750 2942 quue
791 2870 1015 2926 factum
1084 2870 1348 2941 profecto
1397 2876 1571 2936 esset,
1623 2872 1739 2926 nisi
1796 2888 1932 2926 eum
1995 2888 2225 2926 rursum

565 2961 727 3032 (quae
757 2975 850 3014 res
879 2959 1003 3030 ejus
1029 2975 1240 3015 omnes
1268 2959 1588 3030 dirigebat)
1615 2960 1817 3015 divina
1850 2961 2226 3016 Providentia

570 3047 1006 3104 custodivisset.
1057 3048 1365 3118 Secundus
1395 3047 1468 3104 ab
1493 3049 1607 3104 hoc
1637 3054 1862 3121 martyr
1908 3049 2015 3105 fuit
2068 3052 2226 3106 Sere-

562 3153 700 3201 nus,
730 3137 833 3207 qui
864 3152 934 3192 ex
967 3135 1170 3192 schola
1206 3137 1362 3192 illius
1385 3138 1708 3208 profectus,
1742 3143 2070 3208 spectatam
2091 3139 2226 3195 fidei

563 3224 960 3282 constantiam
1009 3225 1069 3280 in
1123 3226 1259 3295 igne
1315 3232 1517 3297 aperte
1577 3227 1862 3282 exhibuit.
1893 3227 2224 3283 Heraclides

559 3328 742 3386 porro
783 3313 1018 3369 tertium
1048 3313 1308 3370 obtinuit
1345 3314 1568 3381 locum,
1601 3316 1772 3388 351
1837 3332 1975 3370 cum
2026 3316 2226 3371 adhuc

560 3403 622 3459 in
656 3417 826 3458 sacra
852 3402 1255 3458 institueretur
1285 3403 1578 3469 doctrina,
1612 3410 1814 3475 utpote
1853 3405 2226 3460 catechume-

561 3506 697 3548 nus.
732 3492 988 3558 Quartus
1030 3494 1220 3547 Heron
1276 3491 1555 3564 symbola
1593 3494 1668 3564 (ί)
1698 3493 1896 3549 adhuc
1953 3498 2008 3549 et
2055 3495 2227 3563 signa

562 3581 780 3637 divinae
845 3581 997 3636 lucis
1029 3581 1455 3640 circumferens
1494 3584 1621 3654 (2):
1667 3584 1902 3654 utrique
1950 3583 1985 3638 ii
2025 3583 2224 3655 gladio

562 3674 701 3726 sunt
725 3668 1014 3740 percussi.
1050 3669 1302 3735 Quintus
1333 3671 1559 3735 ordine,
1595 3671 1814 3727 scholae
1843 3672 1998 3727 illius
2039 3672 2227 3728 alum-

561 3773 701 3824 nus,
744 3758 922 3829 priori
973 3758 1053 3814 illi
1104 3760 1502 3828 cognominis,
1559 3763 1813 3818 Serenus
1862 3761 2026 3828 alter,
2091 3767 2228 3834 post

564 3846 1006 3919 quamplurima
1031 3853 1447 3905 tormentorum
1477 3850 1848 3917 discrimina,
1882 3867 1987 3922 per
2014 3853 2226 3923 capitis

563 3936 980 4005 resectionem,
1012 3953 1120 4008 pro
1152 3955 1305 3994 verae
1350 3939 1586 4010 pietatis
1633 3941 1902 4010 praemio,
1957 3940 2226 3996 divinam

567 4025 769 4095 gloriae
800 4026 1055 4098 suscepit
1085 4042 1393 4083 coronam.
1429 4030 1638 4084 Sextus
1659 4028 1874 4084 deinde
1913 4030 2224 4096 Basilides,

567 4113 672 4186 qui
689 4114 1068 4171 decantatam
1090 4115 1252 4172 illam
1274 4118 1723 4182 Potamiaenam,
1756 4134 1823 4175 ex
1844 4120 2228 4175 commisera-

567 4202 728 4260 tione
759 4203 837 4259 ab
866 4203 1312 4276 impudicorum
1335 4205 1661 4262 multorum
1689 4207 1980 4279 petulanti
2005 4207 2227 4278 injuria

567 4292 917 4350 vindicavit.

1212 4401 1436 4457 CAPUT
1467 4400 1582 4457 VII.

749 4507 832 4563 De
868 4506 1166 4576 discipula
1195 4509 1321 4579 ejus
1362 4509 1728 4567 Potamiwna
1757 4516 2044 4580 martyre.

645 4689 726 4742 Ex
760 4685 998 4743 feminis
1020 4690 1220 4743 autem
1247 4687 1505 4758 septima
1553 4693 1639 4744 est
1669 4689 1822 4754 Bais,
1859 4705 1995 4761 quae
2026 4690 2223 4746 adhuc

568 4776 645 4833 de
671 4776 791 4832 ﬁde
821 4780 880 4830 et
909 4777 1094 4832 sacris
1125 4777 1345 4832 nostris
1373 4777 1814 4845 instituebatur,
1843 4785 1899 4834 et
1920 4779 2224 4851 baptismo

567 4864 763 4936 (sicuti
813 4865 1032 4920 alicubi
1089 4866 1215 4935 ipse
1275 4866 1437 4937 dicit)
1505 4882 1610 4938 per
1666 4868 1864 4938 ignem
1924 4875 2222 4940 suscepto,

567 4952 922 5026 martyrium
971 4952 1310 5024 complevit.
1346 4955 1566 5010 Octava
1604 4971 1782 5026 porro
1841 4957 2221 5019 Potamitena,

569 5043 744 5116 cujus
792 5042 990 5098 adhuc
1043 5043 1288 5098 celebris
1345 5049 1434 5099 est
1491 5045 1653 5116 apud
1709 5046 2030 5116 populares
2084 5063 2224 5102 suos

567 5130 734 5186 fama
763 5147 776 5185 :
807 5135 872 5185 ut
901 5131 1119 5186 scilicet
1171 5130 1448 5200 plurima,
1477 5138 1682 5188 contra
1741 5140 2060 5201 amatores,
2115 5151 2224 5205 pro

569 5219 856 5291 pudicitia
886 5224 941 5275 et
970 5220 1305 5289 virginitate
1348 5237 1461 5275 sua
1492 5221 1734 5289 tuenda,
1763 5223 2008 5279 subierit
2036 5229 2226 5279 certa-

571 5308 737 5365 mina
793 5309 1138 5378 (accedebat
1202 5310 1364 5365 enim
1427 5311 1487 5366 in
1553 5327 1625 5366 ea
1681 5311 1946 5368 ﬂorentis
2005 5314 2225 5370 animae

572 5397 1059 5464 ulchritudinem,
1119 5399 1297 5456 etiam
1349 5399 1562 5468 forma,
1587 5405 1643 5456 et
1678 5401 1842 5471 vigor
1894 5402 2093 5458 vultus
2135 5404 2226 5458 in-

649 5540 726 5612 (1)
766 5541 828 5598 In
871 5557 1039 5600 sacro
1062 5542 1366 5620 baptismo
1392 5548 1688 5622 suscepta.

2268 1604 2310 1658 Β
2956 1603 3198 1657 ΚΕΦΑΛ.
3240 1604 3336 1684 ς’.

2345 1714 2520 1774 Τίνες
2595 1712 2690 1762 ὑπ’
2747 1710 2916 1781 αὐτῷ
2969 1707 3548 1784 καθοδηγηθέντες,
3621 1729 3854 1784 μαρτυρι-

2539 1789 2682 1845 κοῖς
2736 1784 3081 1854 στεφάνοις
3119 1782 3710 1854 κατεκοσμήθησανζ

2419 1888 2641 1950 Πολλούς
2677 1907 2735 1960 γε
2785 1893 2888 1960 μὴν
2930 1892 3021 1940 καὶ
3052 1896 3150 1940 τῶν
3197 1896 3452 1960 φοιτητῶν
3495 1890 3573 1939 ἐπὶ
3625 1891 3698 1939 τὸν
3735 1888 3854 1956 ὅμοιον

2343 1986 2430 2038 τῆς
2502 1978 2804 2050 φιλοσοφίας
2859 1977 3001 2047 αὐτῷ
3058 1976 3361 2051 ἀνηρέθισεν
3435 1979 3610 2049 ἔρωτα,
3661 1982 3735 2028 καὶ
3789 1984 3850 2026 τῶν

2344 2065 2444 2118 ἀπὸ
2475 2076 2564 2128 τῆς
2604 2069 2757 2119 νόθου
2790 2063 3142 2126 διδασκαλίας
3183 2085 3196 2098 ·
3247 2067 3320 2126 οἷς
3360 2062 3498 2124 δῆτα
3532 2066 3755 2117 καὶκατὰ
3791 2062 3850 2135 βαξ-

2347 2158 2467 2218 θους
2508 2157 2694 2228 ψυχῆς
2742 2160 2828 2209 τόν
2891 2159 3022 2208 θεῖον
3078 2166 3173 2218 τῆς
3231 2161 3459 2216 πίστεως
3513 2155 3647 2226 λόγον
3699 2154 3850 2225 ἔγκατα-

2347 2252 2590 2320 σπείρων,
2651 2247 2810 2307 οὑτως
2869 2248 3065 2318 ὦριμον
3123 2242 3380 2319 ἐδρὲψατο
3439 2248 3524 2297 τὸν
3590 2248 3769 2319 καρπόν,
3808 2246 3850 2302 si;

2342 2342 2430 2390 καὶ
2460 2357 2600 2399 τινας
2627 2336 2794 2388 αὐτῶν
2846 2343 2915 2406 τῷ
2969 2342 3068 2387 τῶν
3154 2331 3406 2406 διωγμῶν
3438 2342 3595 2406 καιρῷ
3637 2337 3847 2406 μαρτυρίαν

2345 2427 2610 2498 στεφάνοις
2643 2422 3008 2499 ἐνδιαπρέψαι.
3051 2431 3256 2499 Πρῶτος
3307 2429 3504 2489 τοίνυν,
3553 2425 3602 2476 ὃν
3630 2423 3845 2493 εἰρήκειμεν,

2342 2513 2685 2586 Πλούταρχος
2741 2510 2802 2572 ἧν
2832 2533 2845 2545 ·

2746 2607 3013 2678 Ὠριγένης
3091 2606 3217 2676 πρὸς
3283 2612 3386 2654 τῶν
3465 2605 3641 2655 ἐκείνου
3690 2599 3840 2674 ἀνῄρητο

2905 2510 2964 2565 οὗ
3019 2511 3346 2585 ἀπαγόμενον
3409 2518 3502 2571 τὴν
3553 2512 3628 2564 ἐπὶ
3681 2514 3842 2568 θάνατον,

2339 2612 2528 2677 μικροῦ
2577 2608 2666 2656 καὶ

2338 2693 2579 2758 πολιτῶν,
2618 2697 2686 2755 ὡς
2729 2695 2891 2755 αἴτιος
2922 2697 3063 2763 αὐτῷ
3118 2703 3209 2753 τῆς
3266 2700 3358 2744 τοῦ
3427 2691 3547 2765 βίου
3588 2694 3839 2763 χρηματίσας

2337 2782 2659 2854 ἀπαλλαγῆς,
2701 2783 2744 2834 εἰ
2775 2787 2846 2855 μὴ
2893 2791 3075 2836 τοῦτον
3107 2779 3257 2844 αὖθις
3287 2786 3316 2841 ἡ
3351 2785 3426 2835 τὰ
3470 2782 3576 2834 κατ’
3601 2781 3724 2832 αὑτὸν
3746 2775 3836 2838 δυξ-

2337 2875 2543 2943 οίγουσα
2613 2877 2726 2924 θεία
2779 2877 2997 2947 πρόνοια
3070 2874 3344 2944 ὑπέρτερον
3410 2868 3648 2943 διετήρει.
3699 2877 3830 2940 Etsi»;

2259 2949 2300 3006 C
2338 2959 2397 3015 δὲ
2449 2965 2580 3034 μετά
2635 2969 2811 3014 τοῦτον
2874 2964 3071 3034 μάρτυς
3127 2959 3420 3029 ἐδείκνυτο,
3498 2970 3589 3023 τῆς
3653 2955 3820 3027 διαζειὲέῖ

2335 3049 2527 3103 ἐκείνου
2566 3055 2844 3123 τυγχάνων
2879 3067 2891 3080 ’
2938 3054 2996 3103 τὸ
3052 3047 3268 3122 δόκιμον
3310 3058 3411 3112 τῆς
3464 3047 3809 3114 nia-remngi

2335 3145 2619 3212 καταφανὲς
2698 3139 2995 3204 ὑποδείξας.
3063 3139 3176 3193 Ἐπὶ
3252 3137 3319 3198 δὴ
3395 3143 3563 3211 τούτῳ
3631 3145 3730 3212 τρίτος
3773 3128 3809 3186 ξ’

2331 3227 2692 3301 Ἡρακλείδης,
2738 3233 2812 3282 ἔτι
2869 3234 2953 3282 τὸν
3009 3232 3140 3302 ἱερὸν
3186 3233 3592 3303 κατηχούμενος
3630 3226 3822 3298 Mulli

2335 3319 2484 3382 ἄλλος
2514 3323 2757 3393 τέταρτος
2785 3337 2796 3349 ·
2852 3319 3024 3393 ’Πρων
3067 3321 3124 3377 ἦν
3179 3323 3319 3389 αὐτῷ
3350 3323 3521 3392 ὄνομα
3547 3338 3560 3350 ·
3607 3322 3668 3370 ἔτι
3689 3318 3732 3366 τὰ
3749 3314 3830 3380 σᾶμ-

2336 3407 2462 3460 6ολα
2504 3416 2595 3460 τοῦ
2653 3411 2790 3461 θείου
2840 3413 3005 3481 φωτὸς
3067 3413 3445 3484 περικείμενος.
3505 3414 3602 3462 Καὶ
3649 3406 3757 3478 ἄμφω
3800 3396 3836 3450 δε

2336 3498 2466 3570 ξίφει
2511 3501 2595 3549 τὸν
2643 3497 2759 3569 βίον
2805 3497 3150 3570 μετήλλαξαν.
3216 3497 3431 3570 Ἕτερος
3481 3495 3539 3551 δε
3584 3503 3762 3568 Σερῆνθς,
3795 3498 3838 3555 7?"

2336 3592 2522 3658 πρώτῳ
2575 3588 2862 3659 ὁμώνυμος,
2921 3592 3154 3659 πέμπτος
3205 3584 3356 3648 οὗτος
3413 3597 3509 3650 τῆς
3561 3586 3716 3638 ἐκείνου
3753 3597 3838 3649 σιο-

2333 3674 2443 3737 λῆς,
2504 3670 2654 3728 ἆθλον
2703 3676 2964 3738 εὐσεϐείας
3042 3678 3172 3747 μετά
3245 3677 3502 3736 πλείστην
3572 3676 3680 3732 ὂσην
3723 3677 3838 3738 πεῖραν

2337 3761 2538 3830 δεινῶν,
2597 3770 2686 3817 καὶ
2733 3765 2956 3838 κεφαλῆς
3007 3764 3248 3838 ἐκτομὴν,
3305 3768 3396 3817 τόν
3461 3769 3584 3819 θεῖον
3634 3772 3705 3822 τῆς
3737 3756 3839 3818 δόξης

2335 3856 2594 3928 περιέθετο
2669 3859 2935 3926 στέφανον.
2986 3854 3162 3916 Ἕκτος
3229 3854 3306 3908 ἐπ’
3365 3855 3545 3928 ἐκείνῳ
3597 3845 3835 3906 Βασιλείδης.

2336 3944 2361 3994 ό
2393 3947 2484 4000 τὴν
2531 3943 2837 4015 περιϐόητον
2891 3949 3243 4017 Ποταμίαιναν
3296 3952 3394 4008 τῆς
3441 3953 3538 3998 τῶν
3576 3942 3738 3996 πολλῶν
3761 3936 3837 3988 ἐαθ-

2335 4030 2528 4084 λάστου
2574 4031 2767 4106 ὕϐρεως
2811 4032 3072 4108 ἀπείρξας,
3113 4034 3229 4106 ἐλέῳ
3293 4042 3362 4105 τῷ
3421 4040 3538 4107 περὶ
3584 4033 3717 4088 αὐτὴν
3749 4044 3839 4098 χρε-

2340 4121 2575 4193 σάμενος.
2952 4113 2954 4115 θ

2259 4259 2304 4314 D

2960 4413 3200 4462 ΚΕΦΑΛ.
3241 4406 3315 4462 Ζ’.

2338 4517 2490 4587 Περὶ
2530 4521 2642 4575 τῆς
2679 4517 3042 4589 μαθητρίας
3082 4515 3277 4567 αὐτοῦ
3330 4512 3830 4587 Ποταμιαίνηςτῖς

2960 4589 3304 4660 μάρτυρος.

2405 4691 2538 4746 Ἀπὸ
2586 4689 2647 4745 δέ
2700 4701 2798 4744 τῶν
2835 4701 3095 4764 γυναικῶν
3135 4690 3332 4765 ἑϐδόμη
3379 4697 3472 4764 μέν
3517 4691 3648 4745 ἔστιν
3680 4691 3703 4746 ἡ
3733 4677 3823 4742 Ῥίῖςν

2333 4782 2408 4832 ἔτι
2436 4786 2806 4854 κατηχουμένη
2857 4786 2915 4836 τὸ
2944 4782 3244 4856 βάπτισμα,
3295 4786 3359 4843 ὦς
3403 4786 3504 4835 πού
3551 4799 3689 4854 φησιν
3719 4775 3826 4828 αὐτὸς.

2332 4873 2389 4921 τὸ
2449 4866 2542 4922 διὰ
2595 4875 2754 4946 πυρὸς
2803 4871 3058 4928 λαϐοῦσα.
3117 4879 3217 4926 Καὶ
3269 4873 3352 4925 ἐπὶ
3416 4876 3617 4931 τούτοις
3661 4862 3778 4938 ὀγδόη
3812 4877 3829 4910 τ

2334 4965 2678 5030 Ποταμίαινα,
2730 4963 2790 5034 ᾖς
2844 4959 2909 5020 δὴ
2962 4962 3122 5024 πολύς
3176 4982 3256 5022 τις
3310 4963 3466 5033 λόγος
3507 4963 3641 5035 ποιρὰ
3665 4955 3836 5016 τοῖςὲρτι·

2333 5054 2555 5121 χωρίοις
2599 5052 2672 5102 ἔτι
2711 5059 2930 5122 κρατεῖ·
2972 5056 3040 5112 ὡς
3091 5051 3312 5104 πλεῖστα
3364 5048 3485 5110 δῆτ’
3535 5044 3834 5121 ἀγωνισαμέπς

2332 5140 2458 5212 ὑπὲρ
2513 5138 2871 5200 τῆς“ἐνούσης
2937 5140 3065 5212 αὐτῇ
3126 5143 3395 5213 παρθενίας
3471 5144 3594 5214 πρὸς
3665 5135 3830 5207 ἐραστάς-

2335 5228 2568 5287 Ἐπὴνθει
2611 5234 2699 5282 καὶ
2745 5233 2846 5301 γὰρ
2900 5229 3030 5302 αὐτῇ
3086 5235 3210 5304 πρὸς
3261 5239 3330 5300 τῷ
3380 5231 3672 5300 τῆςψυχῆς
3715 5223 3830 5292 ὡραίῳ

2333 5322 2422 5369 καὶ
2471 5322 2528 5369 τὸ
2583 5325 2673 5380 τῆς
2728 5317 2888 5389 dum;
2944 5319 3136 5391 εὐφυὲς,
3186 5324 3275 5372 καὶ
3333 5319 3557 5391 ἀκμαῖον
3585 5313 3822 5388 ταμςίλίστι.

2333 5406 2469 5459 Πολὺ
2521 5414 2645 5478 γοῦν
2693 5410 2751 5460 τὸ
2801 5416 3029 5480 γενναῖον
3085 5405 3440 5482 ἐνδειξαμένης
3495 5406 3601 5481 μετ’
3628 5404 3826 5476 ἀφορήτωίῖ

2404 5547 2482 5620 (2)
2521 5547 2865 5622 Neophytus
2896 5547 3187 5608 videlicet.
