4036 6288
187 257 322 315 1081

1236 255 1808 316 ΕΟΟΕΕΞΙΑΞΤΙΟΛΕ
1851 257 2212 320 HISTORIA?
2251 260 2394 320 LIB.
2435 263 2502 320 ν.

3395 260 3534 320 1082

183 383 468 457 βασάνους,
520 384 664 450 τέλος
729 387 935 459 σύναμα
979 392 1042 459 τῇ
1103 389 1265 459 μητρὶ
1336 383 1607 458 Μαρκέλλῃ
1682 386 1757 436 τόι

1880 386 2058 455 genui
2091 390 2147 443 et
2176 387 2436 445 liberalis
2467 387 2789 461 summus),
2821 392 2877 443 et
2907 387 3205 445 constanti
3236 389 3540 458 generosi-

180 470 273 526 διὰ
328 477 488 546 πυρός
535 472 879 539 εἰσδέξασθαι
927 477 1164 529 θάνατον.
1210 478 1430 547 Λέγεται
1458 477 1632 546 μέντοι
1683 477 1768 526 τὸν

179 559 434 622 δικαστὴν
464 564 690 619 Ἀκύλαν
748 565 990 637 χαλεπῶς
1043 565 1173 638 αὐτῇ
1232 567 1289 616 τὸ
1339 572 1492 636 σῶμα
1523 568 1769 636 πρότερον

178 653 554 720 καταξάναντα,
639 650 730 706 εἶτ’
801 653 1106 715 ἀκολάστοις
1182 657 1404 715 νεανίαις
1479 651 1552 723 ἐφ’
1624 651 1769 725 ῦϐρει

181 737 362 793 δοῦναι
418 742 861 816 προσαπειλῆσαι.
929 742 994 795 ⁸0
1054 739 1106 795 δ’
1162 746 1406 816 αἱρεῖται,
1471 740 1658 814 βραχύ
1717 761 1769 794 τι

181 827 525 884 διαλιποῦσαν
604 830 1051 884 ἀναπυνθάνεσθαι
1083 849 1096 862 ⁸
1154 837 1244 884 καὶ
1325 836 1419 890 τὴν
1489 831 1768 903 ἀπόκρισιν

177 923 408 991 γεννικὴν
478 916 532 972 εὖ
586 921 725 992 μάλα
781 923 1080 992 ἓπαγαγεῐν,
1133 923 1203 983 ὡς
1261 925 1350 974 καὶ
1409 924 1768 992 νενομισμένον

178 1004 330 1070 δόξαι
378 1016 451 1078 τῷ
501 1005 730 1081 δικαστῇ
788 1029 840 1062 τι
901 1009 1083 1072 ἀσεϐὲς
1133 1009 1577 1082 ἐπιφθέγξασθαιο
1620 1009 1767 1070 εὐθὺς

178 1093 236 1150 δε
273 1103 361 1150 καὶ
420 1106 489 1169 τῷ
529 1098 664 1170 λόγῳ
705 1095 987 1170 δεξαμένην
1036 1103 1130 1158 τὴν
1171 1096 1325 1157 δίκην
1363 1103 1492 1172 πρὸς
1536 1099 1767 1151 Βασιλεί-

179 1183 275 1238 δου
323 1194 394 1258 τῷ
442 1195 538 1247 τῆς
582 1184 882 1249 καταδίκης
920 1193 1064 1260 τόπῳ
1117 1188 1434 1258 ἀπάγεσθαι.
1474 1189 1562 1249 Ὠς
1618 1184 1676 1240 δὲ
1706 1191 1763 1240 τό

172 1275 389 1340 πλῆθος,
457 1275 665 1348 βάλλειν
724 1297 778 1329 τε
844 1283 1151 1350 σκώμμασι,
1220 1283 1309 1330 καὶ
1350 1278 1521 1349 λόγοις
1572 1276 1762 1329 ἀκολά-

178 1383 322 1427 στοις
372 1369 655 1440 πρόχειρον
712 1365 995 1439 ἐνυϐρίζειν
1068 1364 1149 1433 ἦν,
1227 1363 1542 1428 Βασιλείδης
1593 1366 1764 1438 φιλαν-

174 1443 495 1527 θρωπότερον
547 1458 665 1528 περὶ
720 1460 814 1514 τὴν
871 1458 1115 1528 μάρτυρα
1171 1452 1448 1523 διατεθεὶς,
1509 1453 1647 1528 εἶργέ
1709 1475 1763 1508 τε

171 1549 262 1596 καὶ
320 1543 551 1597 ἀνεσόϐει
593 1547 652 1596 τὸ
713 1553 896 1617 στῖφος
947 1554 1046 1598 τῶν
1097 1545 1378 1619 ὑϐριστῶν.
1441 1544 1499 1597 Ἦ
1559 1542 1617 1597 δὲ
1667 1553 1761 1608 τῆς

173 1638 295 1708 περὶ
325 1633 487 1692 αὐτὴν
543 1631 854 1707 κηδεμονίας
904 1632 1263 1707 ἀποδεξαμένη
1295 1638 1383 1687 τὸν
1426 1631 1758 1699 Βασιλείδην,

1880 478 1994 531 tate
2026 481 2153 545 sua,
2183 481 2318 549 post
2345 477 2743 534 intolerabilia
2770 483 3064 533 tormenta
3099 478 3242 534 satis
3272 482 3536 545 ostensa,

1878 564 1956 620 ad
1987 571 2360 638 postremum
2402 583 2522 623 una
2551 583 2690 623 cum
2718 573 2904 623 matre
2924 567 3214 633 Marcella,
3243 568 3302 622 in
3335 569 3536 638 ignem

1877 656 2150 724 conjecta
2171 661 2422 712 mortem
2443 657 2673 712 obierit.
2707 659 2908 712 Fertur
2933 657 3235 728 equidem,
3261 656 3536 729 Aquilam

1874 742 2163 813 judicem,
2191 761 2327 800 cum
2361 761 2578 818 corpus
2605 746 2734 818 ejus
2761 745 3025 817 primum
3052 747 3310 816 graviter
3330 746 3537 815 ﬂagris

1879 833 2259 906 fustibusque
2281 835 2613 903 cecidisset,
2642 835 2935 891 minatum
2963 835 3015 890 ei
3034 851 3186 900 esse,
3210 835 3536 908 juvenibus

1875 922 2276 994 petulantibus
2304 940 2364 980 se
2411 939 2544 980 eam
2591 924 2669 981 ad
2714 923 3142 980 contumeliam
3193 925 3474 980 daturum
3518 941 3531 980 :

1876 1013 2462 1086 eamque,quiduam
2494 1029 2561 1069 ex
2591 1013 2921 1086 propositis
2952 1013 3400 1069 conditionibus
3431 1028 3538 1084 per

1875 1103 2180 1171 optionem
2211 1101 2472 1172 eligeret,
2495 1103 2945 1172 interrogatam,
2980 1101 3297 1173 paululum
3328 1118 3534 1158 secum

1875 1192 2113 1246 tacitam
2135 1191 2514 1256 deliberasse,
2546 1197 2600 1246 et
2621 1207 2910 1264 perquam
2941 1205 3299 1260 generosum
3328 1192 3533 1247 animo

1872 1282 2152 1350 praesenti
2184 1297 2542 1354 responsum
2572 1280 2806 1336 dedisse
2841 1297 2854 1335 :
2889 1295 2994 1352 per
3024 1281 3189 1352 quod
3219 1281 3316 1354 (1),
3353 1281 3533 1337 mori-

1872 1369 1986 1424 bus
2025 1385 2253 1433 eorum.
2296 1370 2549 1442 impium
2581 1369 2878 1442 quiddam
2918 1370 3231 1441 prolocuta
3261 1371 3390 1426 visa
3423 1375 3533 1426 est.

1872 1461 2098 1531 Itaque,
2147 1475 2286 1514 cum
2328 1459 2484 1514 illico
2527 1459 2821 1515 sententia
2869 1458 3276 1515 damnationis
3323 1465 3534 1517 contra

1871 1563 2006 1603 eam
2037 1547 2176 1612 lata,
2229 1563 2265 1604 a
2313 1547 2564 1603 Basilide
2605 1548 2685 1604 ad
2709 1547 2909 1603 locum
2944 1547 3216 1620 supplicii
3267 1547 3535 1604 abduce-

1871 1641 2050 1702 retur,
2073 1641 2129 1692 et
2151 1636 2468 1693 multitudo
2499 1637 2770 1692 convicia
2798 1641 2978 1708 atque
3007 1636 3315 1707 impudica
3345 1637 3532 1693 verba

176 1721 382 1797 θαρῥεῖν
430 1742 483 1775 τε
532 1721 745 1789 ἕκέλευε,
803 1729 892 1776 καὶ
940 1724 1033 1776 οὐκ
1080 1724 1152 1786 εἰς
1181 1726 1385 1797 μακρὰν
1444 1723 1591 1786 ἀξίας
1623 1724 1757 1795 αύτῷ

1871 1741 1977 1798 per
1996 1726 2276 1796 iniuriam
2304 1727 2364 1782 in
2392 1742 2526 1782 eam
2554 1725 2891 1796 conjiceret,
2919 1725 3208 1781 Basilides
3235 1740 3341 1797 per
3367 1741 3533 1782 com-

169 1815 262 1872 τὰς
324 1810 542 1884 ἀμοιϐὰς
599 1811 838 1877 ἐκτίσειν,
898 1815 1042 1889 παρὰ
1096 1816 1182 1866 τόν
1259 1813 1446 1875 ἑαυτῆς
1499 1815 1761 1870 Δεσπότην

171 1902 380 1956 ἰοῦσαν.
433 1901 591 1953 Ταῦτ’
640 1901 926 1974 είρηκυῖαν,
981 1906 1137 1954 πίττα
1186 1899 1440 1974 διάπυρος
1485 1903 1602 1955 καθ’
1642 1902 1760 1954 ὅλου

170 1987 498 2061 διαχυθεῖσα
536 1996 629 2041 τοῦ
680 1995 941 2061 σώματος,
998 1990 1149 2061 ἐξῆγε
1189 1998 1279 2043 τοῦ
1329 1992 1445 2063 ζῇν.
1501 1991 1577 2044 Oti
1608 1990 1762 2052 πολὺς

163 2082 191 2131 ό
217 2084 406 2152 χρονος
439 2083 499 2131 τό
547 2079 601 2142 ἐξ
630 2078 841 2144 ἐκείνου,
884 2086 972 2133 καὶ
1013 2078 1322 2143 Βασιλείδης
1379 2083 1528 2154 ὅρκον
1590 2089 1761 2153 ῃτεῖτο

161 2176 277 2230 τοῖς
333 2174 756 2243 συστρατιώταις
812 2166 1046 2237 διδόναι,
1105 2169 1199 2221 οὐκ
1251 2169 1491 2240 ἀγεννοῦς
1529 2189 1762 2244 προηγη-

167 2261 400 2329 σαμένης
456 2257 646 2319 αἰτίας.
707 2257 764 2310 Ὀ
833 2255 892 2310 δε
944 2263 1015 2331 μὴ
1077 2257 1262 2321 ἐξεῖναι
1312 2261 1616 2332 τοπαράπαν
1672 2259 1763 2330 ὀμ-

160 2365 306 2398 νοναι
357 2345 495 2417 ἔλεγε
525 2364 537 2376 ·
579 2349 896 2418 Χριστιανὸν
949 2349 1052 2420 γὰρ
1091 2346 1220 2400 εἶναι
1257 2364 1269 2378 ³
1321 2352 1410 2400 καὶ
1464 2356 1617 2401 τοῦτο
1660 2355 1762 2400 πᾶ-

162 2455 250 2488 σιν
288 2434 570 2506 ὁμολογεῖν.
629 2437 694 2487 Οἱ
742 2439 830 2508 μὲν
880 2433 968 2488 οὖν
1014 2438 1082 2488 τά
1118 2445 1297 2511 πρῶτα
1333 2441 1538 2500 παίζειν
1578 2441 1756 2508 ᾤοντο,

159 2529 252 2576 καὶ
301 2523 374 2596 ἐφ’
409 2523 556 2598 ὕϐρει
606 2532 708 2576 τῶν
748 2527 1006 2600 ἡμετέρων
1059 2525 1364 2597 προϐάλλειν
1414 2529 1501 2578 τόν
1558 2526 1709 2596 λόγον
1743 2543 1756 2556 ³

162 2617 229 2674 ὡς
283 2610 332 2665 δ’
386 2613 614 2666 ἐπέκειτο
673 2611 1158 2688 διισχυριζόμενος,
1228 2621 1310 2668 επὶ
1381 2619 1466 2668 τὸν
1537 2615 1760 2669 Ἀκύλαν

166 2701 398 2773 ἀνήγετο.
471 2702 609 2756 Ἐπεὶ
684 2699 744 2755 δὲ
815 2709 906 2756 καὶ
977 2705 1208 2776 ἐμφανῶς
1260 2704 1529 2776 ὡμολόγει,
1587 2701 1761 2777 δεσμά

172 2787 490 2862 διεδέχοντο.
522 2799 684 2844 Τινῶν
738 2789 788 2844 δ’
844 2796 912 2853 ὡς
966 2793 1121 2846 αὐτὸν
1163 2793 1339 2846 ἰόντων
1384 2791 1638 2866 ἀδελφῶν,
1669 2799 1758 2847 καὶ

168 2883 262 2938 τὴν
315 2880 502 2955 ἀθρόαν
574 2881 856 2953 μεταϐολὴν
937 2881 985 2934 έν
1040 2881 1226 2952 θάμϐει
1282 2880 1350 2941 δὴ
1418 2888 1755 2955 ποιουμένων,

164 2969 348 3022 ἐκεῖνον
399 2970 552 3042 λόγος
599 2970 778 3036 εἰπεῖν,
833 2974 900 3032 ὡς
932 2973 1036 3044 ἄρα
1092 2976 1420 3044 Ποταμίαινα
1449 2976 1548 3045 πρὸ
1582 2976 1760 3044 τρίτης

157 3056 426 3111 ἔτιστᾶσα
503 3056 709 3134 φαιδρῷ
779 3064 868 3112 καὶ
949 3066 1164 3132 γενναίῳ
1229 3069 1302 3131 τῷ
1358 3066 1755 3133 παραστήματι,

161 3152 414 3219 στέφανον
465 3155 526 3220 τῇ
589 3148 782 3200 ἐκείνου
841 3147 1107 3206 ἐπιθήσειε
1163 3158 1385 3224 κορυφῇ,
1429 3153 1586 3222 φάναι
1619 3170 1671 3202 τι
1696 3153 1759 3210 ὡς

158 3238 288 3308 ὑπὲρ
350 3239 542 3289 ἑκείνου
597 3237 876 3310 πρεσϐείαν
931 3243 1280 3311 πεποιημένην
1337 3247 1474 3308 Θεῷ,
1521 3244 1588 3311 μὴ
1643 3238 1760 3292 δια-

157 3333 333 3379 πεσεῖν
385 3335 476 3386 τῆς
529 3327 804 3391 αἰτήσεως,
849 3327 941 3379 ούκ
985 3328 1052 3389 εἰς
1103 3331 1306 3400 μακρὰν
1359 3326 1417 3380 δι
1469 3333 1558 3381 καὶ
1603 3329 1758 3381 αὐτόν

153 3417 269 3488 μεθ’
340 3415 525 3476 ἑαυτῆς
609 3416 916 3488 ἐσχηκέναι.
984 3422 1083 3469 Καὶ
1153 3422 1322 3470 τοίνυν
1374 3426 1473 3469 τῶν
1527 3415 1757 3490 ἀδελφῶν

151 3508 219 3562 τὴ
275 3503 325 3555 ἓν
384 3513 598 3577 Χριστῷ
663 3501 936 3578 σφραγῖδα
1002 3505 1380 3578 περιϐαλόντων
1458 3507 1633 3572 αὐτὸν,
1691 3515 1753 3578 τῇ

151 3593 268 3666 μετ’
346 3592 540 3652 ἐκείνην
590 3602 662 3664 τῷ
718 3596 844 3666 ὑπὲρ
923 3602 1159 3667 Χριστοῦ
1225 3600 1496 3668 μαρτυρίῳ
1565 3595 1759 3648 τελειω-

153 3686 333 3742 θῆναι,
388 3683 517 3756 ξίφει
574 3688 667 3742 τὴν
723 3684 946 3756 κεφαλὴν
1037 3684 1376 3757 ἐκτμηθέντα.
1438 3685 1548 3737 Οὐκ
1609 3685 1758 3746 αὐτὸς

152 3768 220 3825 δε
273 3775 446 3843 μόνον,
493 3771 620 3824 ἀλλά
667 3779 756 3826 καὶ
802 3774 982 3825 πολλοὶ
1033 3775 1195 3847 ἕτεροι
1273 3776 1460 3845 ἁθρόον
1545 3782 1758 3848 Χριστῷ

147 3865 430 3932 προσιέναι
507 3861 623 3913 κατ’
693 3859 1086 3936 Ἀλεξάνδρειαν
1161 3864 1229 3933 τῷ
1305 3863 1554 3935 εἰρημένῳ
1610 3865 1758 3915 καθι-

149 3955 439 4023 στόρηνται
498 3947 738 4022 διωγμῷ,
799 3954 885 4002 τόν
943 3953 1053 4003 ὶσον
1105 3956 1294 4023 τρόπον
1345 3961 1417 4022 τῷ
1473 3948 1752 4024 Βασιλείδῃ

149 4047 254 4099 τῆς
324 4044 677 4111 Ποταμιαίνης
746 4038 1138 4113 ἐπιφαινομένης
1223 4041 1344 4093 καθ’
1424 4041 1611 4101 ὕπνους
1665 4045 1755 4094 καὶ

145 4134 515 4202 παρορμώσης
571 4128 654 4181 ἐπὶ
695 4131 761 4180 τὰ
815 4134 1096 4202 κρείττονα.
1155 4130 1295 4186 Ἀλλ’
1349 4127 1494 4182 οὖτοι
1532 4134 1621 4203 μὲν
1665 4131 1755 4183 ὑπ’

143 4216 448 4291 Ὠριγένους
499 4221 884 4290 κατηχηθέντες
934 4223 1070 4286 τότε,
1115 4223 1174 4272 τό
1207 4222 1340 4272 θεῖον
1390 4215 1543 4273 ἆθλον
1599 4221 1756 4291 ἠνέγ-

144 4326 333 4360 καντο.

1872 1815 2315 1872 miserationem
2331 1815 2658 1870 humanius
2681 1829 2824 1885 erga
2847 1831 2978 1871 eam
3000 1814 3269 1880 affectus,
3290 1815 3530 1872 turbam

1869 1905 2297 1976 injuriosorum
2339 1905 2654 1960 hominum
2689 1919 2916 1969 arcens,
2968 1903 3046 1959 ab
3075 1920 3146 1960 ea
3179 1905 3434 1960 removit
3461 1921 3531 1961 ac

1869 1993 2148 2064 propulit.
2178 1994 2260 2049 Ibi
2291 1993 2390 2049 illa
2439 2009 2644 2048 curam
2696 1992 3084 2064 oﬁiciumque
3132 1992 3247 2048 tale
3288 1998 3525 2062 gratum

1869 2082 2122 2148 habens,
2156 2082 2468 2138 Basilidem
2507 2082 2831 2147 conﬁdere,
2873 2085 2929 2138 et
2969 2083 3129 2137 bono
3160 2082 3366 2138 animo
3395 2098 3529 2139 esse

1865 2171 2042 2243 jussit
2067 2189 2080 2226 :
2108 2171 2274 2227 brevi
2299 2187 2362 2226 se
2381 2171 2457 2226 ad
2482 2171 2805 2226 Dominum
2823 2187 3001 2226 suum
3027 2175 3292 2238 euntem,
3329 2171 3534 2227 condi-

1869 2276 2051 2333 gnam
2095 2261 2146 2316 ei
2189 2259 2509 2317 relaturam
2552 2260 2828 2329 gratiam.
2865 2261 3041 2332 352
3096 2262 3228 2316 Haec
3275 2276 3412 2315 cum
3447 2261 3528 2317 ita

1868 2350 2133 2414 dixisset,
2167 2349 2266 2420 pix
2296 2349 2482 2417 ignita
2517 2365 2622 2421 per
2653 2354 2840 2404 totum
2871 2350 3000 2418 ejus
3033 2365 3252 2420 corpus
3282 2349 3528 2416 diffusa,

1868 2439 2055 2494 vitam
2104 2439 2153 2494 ei
2186 2438 2431 2495 ademit.
2474 2441 2602 2494 Non
2635 2436 2888 2494 multum
2937 2437 3154 2492 deinde
3199 2438 3528 2494 intercessit

1868 2529 2173 2600 temporis,
2224 2532 2281 2584 et
2320 2543 2355 2583 a
2396 2527 2650 2582 Basilide
2692 2527 3107 2596 juramentum
3161 2543 3283 2583 non
3313 2527 3410 2582 vili
3458 2527 3532 2582 de

1869 2631 2053 2672 causa
2108 2617 2259 2672 inter
2310 2615 2747 2672 commilitones
2815 2631 2956 2671 suos
3011 2615 3379 2688 exigebatur.
3433 2615 3531 2671 Ille

1866 2721 2026 2768 vero,
2072 2721 2196 2761 non
2227 2706 2399 2761 licere
2439 2705 2547 2760 sibi
2583 2720 2831 2774 prorsus
2855 2705 3080 2775 jurare,
3115 2705 3483 2761 asseveravit
3514 2722 3528 2771 ;

1869 2794 2265 2850 Christianum
2283 2794 2446 2850 enim
2471 2809 2621 2858 esse,
2645 2799 2702 2848 et
2724 2793 2779 2848 id
2806 2809 2866 2847 se
2895 2793 3212 2864 propalam
3245 2793 3531 2850 omnibus

1868 2882 2154 2954 proﬁteri.
2181 2882 2626 2941 Commilitones
2647 2897 2826 2954 porro
2848 2883 3111 2954 primum
3138 2897 3275 2937 eum
3299 2881 3525 2947 ludere,

1868 2977 1924 3028 et
1954 2972 2028 3028 ad
2058 2972 2478 3029 contumeliam
2502 2979 2770 3028 nostram
2794 2987 2866 3026 ea
2887 2971 3070 3027 verba
3090 2970 3353 3044 proferre
3387 2975 3529 3028 sunt

1867 3061 2116 3133 opinati.
2152 3064 2220 3117 Ut
2277 3065 2476 3118 autem
2522 3061 2582 3116 id
2629 3064 3080 3132 perseveranter
3123 3060 3526 3130 conﬁrmavit,

1870 3150 1946 3207 ad
1978 3150 2254 3222 Aquilam
2281 3155 2372 3205 est
2408 3151 2739 3222 productus
2773 3165 2786 3203 :
2818 3149 2982 3221 apud
3011 3165 3192 3221 quem
3224 3149 3324 3205 ubi
3365 3148 3526 3205 idem

1868 3239 2104 3295 disertis
2133 3239 2330 3295 verbis
2360 3245 2451 3296 est
2480 3239 2804 3311 professus,
2840 3238 3018 3294 illicet
3061 3239 3120 3294 in
3174 3237 3413 3294 vincula
3445 3244 3532 3295 est

1868 3329 2192 3400 conjectus.
2213 3328 2301 3383 Ad
2327 3344 2503 3401 quem
2532 3344 2668 3384 cum
2695 3329 2910 3384 fratres
2931 3327 3178 3400 quidam
3205 3327 3526 3383 visendum

1867 3419 2039 3484 irent,
2079 3424 2136 3473 et
2173 3435 2310 3474 cum
2345 3423 2590 3490 stupore
2618 3424 2741 3474 tam
2780 3418 3154 3489 repentinam
3189 3417 3319 3488 ejus
3350 3418 3532 3472 mira-

1867 3513 2070 3562 rentur
2097 3507 2488 3563 mutationem
2513 3523 2526 3561 :
2557 3506 2650 3562 ille
2681 3506 2765 3561 eis
2796 3507 3015 3573 retulit,
3045 3512 3108 3560 ut
3137 3506 3520 3571 Potamiaana,

1869 3597 2035 3651 tertio
2066 3601 2200 3652 ante
2229 3596 2344 3664 die,
2376 3595 2508 3651 laeto
2540 3595 2716 3666 plane
2748 3599 2802 3649 et
2829 3594 3056 3650 liberali
3099 3593 3284 3649 animi
3315 3609 3526 3665 corpo-

1866 3686 2068 3756 risque
2099 3689 2257 3740 statu
2301 3684 2410 3738 sibi
2442 3685 2746 3751 insistens,
2784 3689 2840 3738 et
2868 3683 3044 3754 capiti
3086 3698 3194 3738 suo
3233 3698 3526 3738 coronam

1865 3774 2210 3846 imponens,
2262 3774 2472 3830 dixerit
2507 3790 2520 3828 :
2554 3774 2937 3844 deprecatam
2989 3788 3052 3828 se
3103 3787 3236 3827 esse
3295 3788 3404 3844 pro
3456 3788 3528 3828 eo

1869 3866 2074 3926 Deum,
2107 3878 2300 3934 neque
2332 3878 2535 3934 preces
2566 3878 2668 3918 eas
2699 3862 2914 3917 frustra
2952 3860 3100 3926 fore,
3134 3861 3424 3934 brevique
3465 3877 3527 3917 se

1864 3969 2000 4007 eum
2032 3967 2234 4007 secum
2273 3951 2636 4007 habituram.
2668 3951 2872 4022 Itaque
2927 3949 3134 4005 fratres
3167 3949 3426 4020 sigillum
3469 3950 3524 4005 ei

1865 4042 2075 4097 Christi
2101 4040 2609 4097 circumfuderunt
2648 4039 2724 4111 (2)
2759 4055 2771 4094 :
2807 4041 3217 4112 postridieque
3252 4040 3384 4110 ejus
3410 4039 3526 4095 diei

1864 4131 2064 4199 gladio
2097 4145 2440 4202 percussus,
2473 4129 2828 4202 martyrium
2851 4144 2960 4200 pro
2989 4129 3221 4185 Christo
3242 4128 3522 4186 absolvit.

1863 4223 1990 4276 Non
2020 4220 2150 4292 ipse
2178 4235 2318 4275 vero
2359 4224 2610 4287 tantum,
2643 4219 2747 4274 sed
2779 4225 2833 4274 et
2866 4218 3033 4274 multi
3068 4218 3164 4274 alii
3205 4218 3519 4274 confertim

1864 4309 2256 4374 Alexandriae,
2291 4311 2348 4365 in
2381 4324 2452 4364 ea
2489 4324 2626 4381 quae
2657 4307 2816 4362 dicta
2847 4311 2937 4363 est
2975 4308 3411 4379 persecutione,
3446 4308 3523 4362 ad

139 4395 451 4452 Christum
483 4396 813 4459 transiisse.
843 4398 1155 4454 momoriae
1184 4402 1323 4454 sunt
1373 4397 1592 4470 proditi
1625 4413 1637 4452 :
1671 4413 1810 4455 cum
1853 4399 2098 4469 quidem
2131 4397 2344 4454 eodem
2375 4413 2500 4470 quo
2541 4395 2779 4452 Basilidi
2814 4395 3017 4460 modo,
3046 4397 3409 4452 Potamiaana
3440 4394 3526 4450 eis

144 4485 214 4542 in
251 4485 480 4542 somnis
528 4500 849 4557 apparens,
883 4486 958 4541 ad
1015 4486 1261 4543 meliora
1291 4502 1393 4542 eos
1442 4490 1595 4542 esset
1642 4487 1973 4542 cohortata.
2008 4489 2074 4542 Et
2102 4487 2141 4544 ii
2191 4486 2438 4559 quidem
2488 4485 2566 4542 ab
2614 4486 2864 4555 Origene
2912 4486 3236 4542 catechista
3266 4500 3338 4541 eo
3369 4489 3522 4540 tem-

137 4589 297 4648 pore
322 4574 397 4630 de
428 4575 545 4630 ﬁde
571 4573 842 4640 instituti,
871 4575 1144 4631 divinum
1174 4577 1256 4631 sic
1289 4576 1588 4632 consecuti
1619 4581 1757 4632 sunt
1787 4575 2251 4632 immortalitatis
2280 4574 2627 4648 praemium.

794 4697 1035 4746 ΚΕΦΑΛ.
1068 4691 1146 4747 Η¹.

139 4802 310 4869 Περὶ
339 4805 445 4850 τοῦ
470 4796 1002 4870 τολμηθέντοςτῷ
1032 4798 1380 4873 Ὠριγένειο
1413 4808 1482 4872 τῇ
1514 4798 1752 4873 ἐκτομῇ

181 4867 265 4928 τῆ
288 4891 307 4932 ς
333 4873 565 4943 σαρκός
589 4867 668 4941 τῷ
698 4867 1116 4944 παρθενεύειν
1141 4867 1334 4931 δῆθεν
1363 4867 1715 4946 αἱρεῖσθαι.

220 4977 379 5048 Οῧτῳ
437 4973 486 5029 δ’
536 4979 713 5048 ἔχοντι
766 4985 838 5047 τῷ
906 4973 1259 5049 Ἀδαιιιαντίῳ,
1313 4983 1402 5030 καὶ
1461 4979 1596 5030 οὕτω
1649 4982 1750 5052 γὰρ

139 5064 445 5138 διωνύμωςη
491 5067 761 5140 Ὠριγένης
840 5067 1128 5137 ὠνόμαστο,
1205 5073 1290 5120 καὶ
1367 5067 1443 5120 ἐπ’
1519 5067 1752 5130 Ἀλεξαν-

139 5153 332 5229 δρείας
370 5158 445 5207 ἔτι
500 5164 591 5217 τῆς
649 5164 748 5207 τῶν
788 5163 986 5208 πιστῶν
1037 5160 1398 5230 προίσταμένῳ
1444 5153 1748 5230 διατριϐῆς,

1205 5073 1290 5120 καὶ
1367 5067 1443 5120 ἐπ’

135 5246 372 5318 πρᾶγμά
408 5264 460 5296 τι
508 5244 781 5317 τολμᾶται,
836 5248 1012 5319 φρενός
1056 5249 1145 5318 μὲν
1178 5245 1383 5306 ἀτελοῦς
1435 5251 1525 5299 καὶ
1585 5265 1742 5298 νεανιο

222 5403 306 5474 (1)
365 5403 439 5476 ᾼι’
487 5404 550 5464 ἧς
600 5399 1183 5476 ἐδόκειίνενομισμένον
1236 5424 1287 5456 τι
1341 5405 1514 5466 αὐτοῖς
1569 5403 1744 5464 ἀσεϐὲς

142 5473 585 5548 ἐπιφθέγξασθαι.
607 5475 851 5548 μεσπι).
883 5473 984 5531 lib.
1020 5473 1092 5542 vi,
1125 5491 1258 5548 cap.
1290 5477 1368 5548 5.)

220 5546 302 5622 (2)
344 5546 728 5619 Signaculum
755 5548 970 5616 crucis,
998 5553 1101 5603 aut
1141 5546 1515 5620 baptismum
1545 5549 1743 5620 potius

2501 4692 2724 4747 CAPUT
2763 4691 2896 4746 VIII.

1866 4799 2173 4871 Origenem
2186 4798 2622 4862 sustinuisse,ut
2633 4799 2886 4864 seipsum
2899 4802 3280 4871 castraretut
3292 4795 3511 4853 scilicet

2185 4871 2446 4926 caelibem
2465 4884 2750 4940 peragere
2775 4873 2964 4938 posset
2988 4869 3193 4925 vitam.

1934 4976 2082 5033 Cum
2134 4976 2212 5032 ad
2266 4977 2426 5031 hunc
2485 4975 2734 5031 modum
2785 4976 3066 5044 Origenes
3119 4975 3518 5032 Adamantius

1860 5064 2272 5122 Alexandrinae
2303 5064 2570 5120 ﬁdelium
2589 5065 2806 5120 scholas
2831 5069 3128 5136 praeesset,
3149 5081 3274 5120 rem
3300 5081 3516 5136 quam-

1858 5155 2000 5211 dam
2032 5155 2277 5225 aggredi
2310 5171 2496 5210 ausus
2527 5159 2633 5221 est,
2669 5153 3027 5224 imperfectae
3067 5153 3314 5225 quidem
3344 5153 3510 5208 illam

1857 5249 1914 5300 et
1936 5244 2215 5315 juvenilis
2245 5245 2482 5309 mentis,
2519 5245 2625 5300 sed
2653 5244 2794 5299 ﬁdei
2825 5243 3228 5314 castitatisque
3257 5241 3509 5298 ﬁrmita-

1851 5404 2130 5472 intellige.
2181 5405 2363 5460 Graeci
2411 5402 2725 5461 Christiani
2781 5402 3152 5476 baptismum
3209 5399 3499 5475 σφραγῖδα,

1851 5478 2252 5548 signaculum,
2286 5475 2512 5533 dixere.
