4036 6288
614 210 753 266 1083
1948 210 2340 270 NICEPHORI
2379 208 2698 266 CALLISTI
3742 214 3831 274 itm

610 341 730 393 tem
773 341 830 393 et
877 336 1258 393 stabilitatem
1312 338 1453 393 satis
1499 337 1923 395 declarantem.
1967 339 2204 405 Quonia‘

2243 354 2263 394 1
2299 344 2336 393 A
2373 345 2437 397 κῆ
2451 356 2491 403 ς,
2524 339 2743 396 πίστεως
2795 330 2850 387 δ’
2878 331 2965 388 οὖν
3020 338 3111 387 καὶ
3168 339 3419 410 σώφρονος
3457 331 3562 409 βίον
3596 339 3837 413 navaqu-

610 427 771 482 enim
796 426 995 482 adhuc
1010 427 1268 498 juvenis,
1292 442 1412 482 non
1436 426 1631 483 solum
1654 428 1811 494 viris,
1841 427 1947 484 sed
1970 434 2027 485 et
2058 428 2200 483 muli

2248 460 2261 469 -
2370 443 2461 496 φον
2495 423 2833 499 περῥότητα.
2876 421 3094 483 Ἐπείδὴ
3125 427 3227 499 γὰρ
3256 424 3317 477 οῦ
3345 429 3489 496 μόνον
3511 422 3735 499 ἀνδράσιν,
3760 431 3842 483 ἀλλὰ

610 515 777 572 ribus
798 515 1071 571 docendo
1092 516 1347 572 salutare
1370 516 1736 586 praedicabat
1755 517 2029 583 verbum,
2050 516 2204 574 volet

2247 534 2257 571 ς
2367 519 2457 567 καὶ
2486 516 2693 586 γυναιξὶ
2723 519 2827 576 νέος
2885 515 2953 567 ὢν
3005 517 3081 567 ἔτι
3127 517 3214 566 τὸν
3265 519 3508 588 σωτήριον
3546 515 3693 587 ὡμίλει
3725 515 3841 588 λόγον,

610 605 973 661 calumniam
992 620 1236 660 omnem
1255 604 1425 661 {aedes
1449 606 1810 677 suspicionis
1833 606 2178 679 praecidere,
2203 639 2204 650 ι

2248 610 2259 662 ι
2367 609 2540 656 πᾶσαν
2592 604 2824 678 αἰσχρᾶς
2863 606 3102 664 ὑπονοίας
3151 610 3433 677 περιαιρεῖν
3476 603 3630 656 ἐθέλων
3669 602 3842 666 διαϐολὴν

610 694 938 765 simplicius
984 694 1142 749 dicto
1186 693 1285 749 illo
1331 695 1653 750 Salvatoris
1700 694 2045 751 intellecto:
2101 697 2204 753 Su:

2250 701 2259 747 ξ
2364 700 2475 754 τοῖς
2515 693 2780 759 ἀπίστοις,
2821 692 3169 765 ἁπλούστερον
3208 692 3526 765 ἐκλαϐόμενος
3564 698 3637 752 τὴν
3665 702 3844 769 σωτήρια

607 784 921 855 eunuchi3
935 783 1413 855 53quidam,qui
1423 785 1638 853 seipsos
1653 788 1999 841 castrarunt
2010 790 2201 855 prope

2252 800 2258 815 '
2364 781 2559 855 ἐκείνην
2590 787 2775 855 φωνὴν,
2825 787 2903 849 τὸ,
2956 783 3146 838 Εἰσὶν
3204 782 3503 854 εὐνοῦχοι
3550 784 3846 847 οίτινὶςεύ-

608 888 855 942 regnum
886 874 1162 929 caelorum
1192 875 1259 940 ⁵³,
1293 873 1617 944 adimplere
1646 874 1704 929 id
1735 874 1935 945 reipsa
1964 877 2023 929 in
2048 875 2202 929 anim

2254 906 2255 913 η
2362 874 2687 944 νούχισαν
2749 873 3029 934 ἑαυτοὺς
3069 870 3189 924 διὰ
3250 870 3713 943 τὴνβασιλείαν
3755 884 3848 927 τῶν·

605 960 851 1026 habens,
911 963 1173 1034 seipsum
1217 963 1539 1019 castravit:
1582 979 1822 1020 summa
1850 979 1995 1020 cura
2033 970 2092 1019 et
2126 963 2199 1019 di]

2254 996 2255 1001 η
2362 960 2670 1036 οὐρανῶν,
2758 966 2845 1015 καὶ
2921 966 3015 1020 τὴν
3108 962 3315 1020 ἐντολὴν
3399 960 3691 1034 ἐκπληρῶσαι
3748 964 3848 1016 θέλων

606 1052 806 1121 gentia
846 1052 1171 1107 familiares
1213 1068 1355 1107 suos
1401 1052 1463 1107 id
1510 1052 1732 1108 factum
1763 1052 1953 1109 celare
1984 1053 2195 1108 studen

2362 1055 2451 1103 καὶ
2481 1052 2671 1125 ἔργοις,
2712 1050 2957 1123 ἀπέτεμεν
2989 1051 3168 1104 ἑαυτόν
3210 1071 3223 1083 ο
3252 1052 3334 1104 ὅτι
3383 1050 3596 1122 μάλιστα
3638 1048 3714 1102 διὰ
3743 1071 3850 1105 σπον-

604 1140 769 1212 quod
809 1145 1009 1197 tamen
1038 1140 1275 1197 difﬁcile
1305 1141 1463 1199 factu
1492 1148 1635 1198 erat.
1667 1142 1971 1198 Permultis
1995 1143 2153 1198 enim
2181 1158 2198 1197 ε

2362 1136 2464 1201 δῆς
2502 1145 2779 1214 φροντίσας
2810 1144 2927 1202 τοὺς
2973 1146 3092 1214 περὶ
3141 1141 3298 1192 αὐτὸν
3325 1145 3595 1212 γνωρίμους
3620 1137 3848 1193 διαλαθεῖν·

601 1244 695 1285 res
723 1230 997 1285 innotuit.
1035 1232 1227 1296 Quam
1272 1230 1370 1286 ubi
1411 1230 1587 1285 etiam
1617 1230 1729 1286 loci
1758 1232 1887 1302 ejus
1933 1232 2195 1304 episcopi

2358 1232 2415 1281 τὸ
2448 1225 2499 1281 δ’
2528 1230 2633 1302 ἄρα
2678 1232 2875 1289 ἣκιστα
2920 1226 2982 1288 ἦν
3032 1231 3245 1303 εὐχερές
3277 1250 3289 1262 ·
3346 1234 3433 1281 καὶ
3476 1228 3653 1289 πολλοῖς
3784 1234 3848 1305 γὰρ

606 1320 930 1375 Demetrius
947 1320 1197 1385 rescivit,
1227 1335 1363 1375 cum
1386 1319 1616 1376 facinus
1638 1319 1752 1376 tale
1778 1324 1867 1375 est
1896 1320 2195 1376 admiratu

2358 1321 2602 1389 ἔγνωστο.
2671 1321 2813 1373 Ἐπεὶ
2866 1316 2925 1371 δὲ
2974 1324 3064 1371 καὶ
3130 1322 3155 1371 ό
3218 1327 3315 1381 τῆς
3364 1324 3623 1393 παροικίας
3662 1324 3850 1391 προεστὼς

604 1412 729 1464 tum
756 1408 1045 1463 fervorem
1075 1414 1250 1464 tanta:
1280 1409 1419 1463 ﬁdei
1466 1424 1585 1463 non
1622 1409 2091 1480 improbandum
2122 1425 2198 1463 es:

2358 1413 2654 1480 Δημήτριος
2710 1411 2857 1479 ἔγνω,
2915 1415 3005 1468 τῆς
3208 1409 3397 1480 τόλμης
3444 1396 3736 1479 ἕθαύμασενί
3768 1406 3849 1459 ἀπο·

599 1494 848 1561 ducens,
893 1496 1054 1554 bono
1101 1513 1236 1551 eum
1278 1513 1406 1552 esse
1449 1497 1673 1563 animo,
1708 1497 1974 1569 nihilque
2005 1514 2139 1553 eam
2169 1514 2193 1552 c

2360 1494 2531 1568 δοχῆς
2579 1495 2638 1551 δε
2686 1501 2741 1549 τό
2796 1498 2910 1558 ζέον
2961 1506 3055 1559 τῆς
3104 1502 3223 1572 περὶ
3280 1497 3433 1550 αὐτὸν
3489 1502 3686 1557 πίστεως
3730 1495 3846 1559 ἀξιῶν,

597 1601 724 1640 rem
768 1591 1026 1641 metuere
1070 1587 1268 1657 jussit.
1318 1592 1503 1658 Atque
1533 1593 1659 1642 tum
1689 1587 1935 1658 quidem
1977 1587 2075 1643 tali
2106 1603 2191 1657 erg

2360 1585 2562 1661 θαρῥεῖν
2626 1605 2680 1639 τε
2740 1586 2951 1652 ἇκέλευε,
3016 1591 3106 1639 καὶ
3159 1594 3251 1638 τοῦ
3316 1590 3464 1657 ἔργον
3517 1586 3684 1658 μᾶλλον
3742 1582 3849 1644 ἀδεῶς

581 1689 737 1729 eum
770 1676 973 1730 animo
1001 1674 1113 1730 fuit
1153 1677 1488 1746 episcopus.
1522 1677 1877 1731 Procedente
1912 1692 2052 1732 vero
2081 1676 2175 1732 dei

2283 1698 2323 1753 Β
2356 1678 2576 1747 ἔχεσθαι
2631 1679 2999 1750 προύτρέπετο.
3058 1680 3156 1729 Καὶ
3204 1681 3320 1729 τότε
3385 1680 3472 1748 μὲν
3542 1676 3659 1728 οὕτω
3705 1680 3849 1746 γνώμης

596 1778 737 1833 ceps
758 1768 1047 1835 tempore,
1065 1780 1202 1819 cum
1223 1765 1529 1820 hominem
1556 1765 1781 1837 ubique
1808 1764 2091 1821 celebrari
2121 1765 2190 1821 laI

2357 1762 2469 1836 εἶχε
2520 1770 2638 1836 περὶ
2692 1764 2847 1817 αὐτὸν
2900 1766 2925 1816 ὁ
2985 1763 3263 1825 ὶπίσκοπος
3311 1779 3325 1794 '
3385 1769 3553 1837 χρόνῳ
3596 1761 3647 1816 δὲ
3686 1766 3849 1835 προῖόντι

596 1851 846 1923 darique
865 1852 1108 1919 videret,
1130 1853 1399 1908 humano
1419 1854 1685 1926 quodam
1709 1853 1924 1909 affectu
1946 1855 2190 1910 seductu

2355 1855 2487 1927 ὁρῶν
2534 1854 2689 1907 αὐτὸν
2741 1854 3052 1926 ἁπανταχοῦ
3108 1857 3176 1915 ὡς
3251 1859 3480 1926 λαμπρόν
3540 1872 3590 1906 τε
3636 1857 3707 1905 καὶ
3743 1855 3849 1924 μέγα)

597 1940 675 1995 ad
713 1940 1027 2011 episcopos
1074 1941 1362 2005 scribens,
1392 1958 1663 2013 premere
1707 1949 1886 2015 atque
1924 1943 2191 1998 obscura1

2356 1942 2715 2015 ἐπιϐοώμενον,
2770 1945 2974 2014 πάσχει
3020 1962 3073 1995 τι
3120 1947 3211 1995 καὶ
3263 1946 3419 2004 αὐτὸς
3471 1942 3758 2016 ἀνθρώπινον,
3795 1946 3848 1990 ui

595 2028 824 2085 famam
854 2035 943 2085 est
985 2037 1254 2098 conatus,
1287 2037 1628 2104 cmtumque
1667 2031 2015 2104 hujusmodi
2046 2033 2189 2088 absu

2353 2039 2461 2093 τοῖς
2531 2031 2837 2092 ἐπισκόποις
2902 2034 3134 2107 γράφων,
3203 2035 3298 2090 τήν
3374 2037 3489 2104 περὶ
3549 2030 3683 2083 αὐτοῦ
3745 2025 3847 2090 δόξαν

596 2121 741 2172 dum
783 2118 840 2174 in
882 2118 1085 2174 litteris
1139 2121 1261 2174 suis
1315 2120 1608 2191 exposuit.
1661 2123 1948 2177 Caeterum
1998 2137 2136 2177 cum
2186 2124 2190 2175 1

2356 2121 2621 2194 ἀμαυροῦν
2700 2120 2959 2194 ἕπειρᾶτο,
3032 2124 3091 2173 τὸ
3150 2121 3342 2174 ἄτοπον
3421 2128 3508 2173 τοῦ
3560 2120 3848 2193 ἕγχειρήματος

595 2206 923 2273 Palaestina,
962 2208 1509 2279 Hierosolymorum
1548 2215 1605 2263 et
1643 2208 1923 2265 Caesarem
1954 2210 2189 2281 episcop

2353 2210 2647 2282 καταλέγων
2708 2218 2818 2271 τοῖς
2891 2211 3223 2283 γράμμασιν.
3284 2210 3428 2263 Ἐπεί
3477 2212 3553 2261 τοί
3598 2227 3649 2279 γε
3683 2209 3724 2259 οἱ
3764 2203 3843 2277 δόξῃ

595 2296 785 2365 gloria
806 2302 862 2352 et
881 2298 1166 2367 dignitate
1184 2297 1406 2353 caeteris
1427 2299 1905 2370 praestabiliores,
1929 2300 2189 2369 Origene]

2352 2306 2443 2353 καὶ
2503 2308 2626 2372 τιμῇ
2695 2301 2832 2352 κατὰ
2882 2299 3237 2357 Παλαιστίνην
3308 2301 3577 2352 ἐπίσκοποι
3622 2300 3846 2370 Καισαρείας

594 2386 822 2457 majore
850 2386 1099 2456 dignum
1131 2387 1441 2443 duxissent
1469 2388 1716 2453 honore,
1744 2404 1935 2462 eaque
1961 2389 2033 2445 de
2057 2405 2188 2445 caus

2351 2394 2442 2442 καὶ
2486 2388 2877 2464 Ἱεροσολύμων,
2943 2388 3090 2451 ἄξιον
3155 2390 3442 2463 ὑπερτέρας
3493 2396 3632 2461 τιμῆς
3697 2382 3843 2456 δοκιμά-

593 2490 699 2546 per
723 2491 1011 2531 manuum
1033 2477 1476 2548 impositionem
1496 2478 1554 2532 in
1577 2478 2063 2550 presbyterorum
2089 2480 2187 2535 ord

2356 2498 2553 2545 σαντες,
2609 2480 2793 2553 χεῖράς
2852 2497 2906 2530 τε
2953 2479 3228 2543 ἐπέθηκαν,
3288 2484 3379 2531 καὶ
3428 2485 3523 2531 τῶν
3568 2483 3647 2529 τοῦ
3691 2473 3844 2549 πρεσϐυ-

592 2578 731 2619 nem
775 2571 1177 2637 cooptassent,
1221 2582 1291 2621 ex
1324 2582 1394 2622 eo
1429 2570 1694 2639 tempore
1734 2568 1921 2637 gloria
1951 2568 2083 2639 ejus
2123 2585 2184 2624 cr

2349 2572 2522 2644 τερίου
2594 2566 2879 2640 πρεσϐείων
2951 2568 3129 2629 ἠξίουν
3180 2584 3194 2598 ο
3258 2566 3313 2619 έκ
3369 2572 3539 2620 τοίνυν
3605 2568 3764 2628 τούτου,
3802 2562 3841 2619 εἰς

593 2660 810 2721 scente,
842 2654 1206 2727 nomineque
1237 2660 1292 2709 et
1321 2655 1497 2711 laude
1526 2656 1756 2711 virtutis
1792 2662 1971 2729 atque
2000 2659 2187 2728 sapiet

2350 2662 2486 2731 μέγα
2538 2654 2696 2720 δόξης
2753 2660 3067 2729 προήκοντα,
3118 2658 3276 2728 ὄνομά
3333 2675 3392 2709 τε
3432 2661 3520 2709 καὶ
3566 2654 3681 2715 κλέος
3722 2652 3840 2725 ἀρετῆς

592 2741 687 2797 tiae
740 2742 904 2813 apud
952 2759 1162 2799 omnes
1213 2743 1333 2799 fere
1382 2744 1658 2800 homines
1710 2746 1970 2801 maxime
2022 2746 2181 2803 inval

2348 2752 2439 2800 καὶ
2493 2751 2673 2819 σοφίας
2722 2748 2868 2820 παρά
2928 2752 3064 2799 πᾶσι
3105 2742 3302 2817 σχεδὸν
3359 2745 3633 2820 ἀνθρώποις

592 2836 839 2886 scente:
901 2832 1251 2897 Demetrius,
1293 2833 1436 2904 quia
1485 2848 1604 2889 non
1651 2833 1913 2901 haberet,
1965 2835 2129 2906 quod
2178 2836 2186 2890 i

2349 2841 2657 2909 κεκτημένον
2694 2838 2889 2895 ἣκιστα
2940 2840 3236 2909 Δημήτριος
3290 2834 3418 2888 ἄλλο
3448 2855 3500 2888 τι
3544 2837 3661 2905 ἔχων
3696 2847 3832 2898 κατεγν·

590 2923 757 2975 tanto
787 2920 914 2976 viro
960 2921 1438 2992 reprehenderet,
1481 2922 1541 2976 id
1570 2923 1735 2994 quod
1764 2924 1857 2978 ille
1911 2924 2184 2995 aliquand

2229 2942 2239 2977 υ
2347 2933 2452 3000 ρείν
2505 2933 2596 2979 τοῦ
2645 2922 2850 2998 ἀνδρος,
2883 2932 2976 2977 τοῦ
3022 2923 3286 2997 πρόπαλαι
3338 2924 3665 2996 τολμηθέντος
3698 2927 3739 2991 τῇ
3765 2935 3823 2967 νιε-

584 3023 694 3079 per
714 3008 1039 3079 juvenilem
1066 3009 1425 3082 imperitiam
1453 3010 1689 3075 fecerat,
1711 3012 1785 3067 ad
1804 3027 2045 3081 gravem
2063 3017 2178 3068 tral

2221 3018 2318 3106 ιϐ
2348 3022 2463 3087 νικῇ
2520 3015 2701 3087 ἡλίκίᾳ
2761 3011 2934 3073 δεινὴν
3001 3013 3220 3066 ἐποιεῖτο
3282 3010 3558 3081 διαϐολὴν,
3612 3007 3815 3085 ipim");

587 3096 996 3152 calumniam:
1040 3102 1095 3152 et
1135 3098 1506 3169 aliquantum
1565 3099 1743 3154 etiam
1796 3115 1896 3154 eos
1933 3099 2035 3171 qui
2067 3099 2181 3155 illul

2218 3094 2318 3155 lu
2348 3103 2432 3157 ἐπὶ
2506 3107 2564 3156 τὸ
2642 3103 3014 3178 πρεσϐυτέριον
3100 3102 3388 3164 καλοῦντας
3450 3094 3812 3174 συμπεριλαμϐάνων

586 3184 875 3255 dignitate
915 3186 1243 3258 presbyteri
1293 3194 1668 3252 ornaverant,
1722 3190 1974 3244 notavit.
2023 3191 2180 3244 Veru;

2228 3208 2235 3245 ι
2346 3200 2463 3254 ταῖς
2508 3191 2789 3265 μέμψεσιν.
2832 3191 2967 3246 Ἀλλ’
3032 3190 3128 3261 ὀψέ
3173 3210 3296 3245 ποτε
3345 3198 3515 3243 ταῦτα
3539 3208 3551 3220 '
3580 3194 3670 3242 τότε
3698 3202 3734 3254 1t
3761 3183 3822 3252 μὲν

586 3275 776 3329 serius
806 3275 934 3330 haec
967 3277 1291 3331 Demetrius
1317 3281 1404 3331 est
1433 3292 1679 3331 exorsus
1704 3293 1717 3343 ;
1748 3276 1843 3331 ille
1873 3278 2032 3333 enim
2063 3280 2180 3350 imp

2347 3281 2541 3344 ἀόκνως
2596 3287 2730 3334 πᾶσι
2787 3287 2897 3343 τοῖς
2964 3288 3250 3353 προσιοῦσι
3324 3284 3387 3333 τὸ
3448 3288 3541 3341 τῆς
3595 3270 3833 3331 διδασκίλίις

585 3378 686 3433 gre
716 3380 855 3419 cum
887 3364 1191 3429 omnibus,
1223 3365 1328 3437 qui
1361 3366 1437 3422 ad
1482 3381 1544 3419 se
1579 3367 1867 3430 venirent,
1899 3366 2179 3422 doctrina]

2345 3370 2543 3446 ἐπέῤῥει
2593 3377 2752 3443 νᾶμα,
2833 3373 2927 3429 τὴν
2985 3376 3158 3422 πᾶσαν
3219 3369 3425 3441 σχολὴν
3488 3375 3589 3429 τοῖς
3648 3369 3697 3424 ὡς
3740 3360 3837 3411 αὐτὸν

582 3453 1090 3519 communicabat,
1108 3458 1345 3525 tempus
1362 3470 1542 3510 omne
1563 3461 1618 3509 et
1639 3456 1905 3510 studium
1923 3456 2176 3527 discipul

2345 3469 2593 3533 φοιτῶσιν
2649 3457 3008 3535 ἐνδιατρίϐων.
3066 3458 3149 3511 Ἐν
3206 3461 3376 3531 τούτῳ
3420 3456 3478 3512 δε
3524 3464 3706 3527 Σευῆρος
3755 3449 3837 3500 ἇκτεὲι

582 3542 709 3597 suis
763 3543 1126 3614 impertiens.
1160 3544 1386 3598 Interea
1441 3544 1691 3600 Severus
1739 3544 1945 3600 decem
1998 3552 2053 3600 et
2099 3561 2170 3601 oc

2341 3553 2473 3625 πρὸς
2508 3547 2638 3602 δέκα
2676 3552 2813 3602 ἔτεσι
2859 3550 3150 3621 μοχθηρῶς
3200 3556 3262 3620 τῇ
3322 3547 3539 3620 ἕξουσίᾳ
3581 3542 3839 3618 χρησάμενθςς

583 3632 759 3685 annis
837 3632 1088 3703 imperio
1169 3631 1459 3703 ﬂagitiose
1539 3632 1973 3700 administrato,
2051 3635 2177 3689 Ante

2342 3647 2415 3711 τῷ
2470 3636 2628 3692 παιδὶ
2675 3640 2958 3709 ’Δντωνίνῳ
3024 3637 3180 3695 αὐτὴν
3231 3637 3550 3707 καταλείπει,
3606 3634 3653 3695 ὂς
3693 3627 3744 3687 δὴ
3786 3627 3840 3675 ut

582 3721 793 3776 ninum
828 3721 1193 3778 Caracallam
1227 3720 1415 3778 ﬁlium
1447 3737 1625 3778 suum
1678 3738 2087 3779 successorem
2126 3723 2176 3779 h:

1393 3738 1415 3777 ν
1447 3737 1625 3778 suum
1678 3738 2087 3779 successorem
2126 3723 2235 3780 ha-
2345 3728 2678 3802 Καράκολλός
2704 3726 2987 3785 ἐπεκλήθη.

582 3808 731 3865 buit.

1231 3992 1452 4048 CAPUT
1488 3992 1575 4047 IX.

2959 3997 3207 4047 ΚΕΦΔΛ.
3246 3989 3326 4045 ϐ’.

580 4077 665 4133 De
694 4076 1067 4135 admirandis
1094 4079 1370 4158 Narcis_si
1406 4080 1947 4158 Hierosolymorum
1978 4083 2174 4154 episco;

2347 4086 2495 4156 Περὶ
2530 4090 2647 4136 τῶν
2704 4085 2875 4158 κατὰ
2908 4085 3286 4158 Νάρκ-ισσον
3340 4073 3729 4158 ’πιιιραὸλόξωνν
3751 4070 3840 4119 θαν-

1241 4152 1571 4208 miraculis.
1682 4150 1691 4151 ί
2008 4150 2019 4152 _
2170 4150 2184 4155 ⁷
2432 4150 2676 4227 μάτων,
2721 4155 2785 4217 ὃς
2819 4154 2833 4169 ³

2178 4150 2184 4155 ’
2432 4150 2676 4227 μάτων,
2721 4155 2785 4217 ὃς
2819 4150 3293 4228 Ἰεροσολύμων
3334 4150 3676 4208 ἐπίσκοπος
3708 4150 3772 4200 ἠν·

657 4241 734 4293 Ea
763 4242 1109 4310 tempestate
1146 4240 1496 4306 Alexander,
1531 4257 1605 4296 ex
1634 4241 1747 4296 illis
1787 4257 1943 4297 unus
1972 4243 2075 4315 qui
2106 4243 2233 4314 plu-

2416 4244 2540 4297 Κατ¹
2578 4243 2736 4297 ἐκεῖνο
2789 4248 2958 4296 τοίνυν
3016 4250 3201 4316 καιροῦ
3257 4236 3591 4315 Ἀλέξανδρος
3616 4237 3676 4297 εἷς
3708 4232 3757 4282 ὢν
3778 4234 3838 4279 τίη

578 4325 733 4383 rima
765 4328 822 4382 in
865 4330 1273 4397 persecutione
1299 4329 1413 4385 sub
1453 4333 1667 4386 Severo
1700 4346 1808 4401 pro
1849 4347 1982 4388 vera
2017 4332 2172 4402 pieta

2268 4397 2302 4407 ﬁ
2341 4336 2469 4407 ὑπὲρ
2517 4332 2778 4394 εὐσεϐείας
2824 4332 3044 4385 πλεῖστα
3089 4332 3358 4383 παθόντων
3411 4337 3485 4401 τῷ
3536 4326 3659 4380 κατά
3694 4324 3841 4389 Σευῆρον

579 4417 1003 4483 sustinuerant,
1057 4435 1093 4473 a
1150 4420 1266 4473 Deo
1320 4424 1612 4487 servatus,
1645 4420 2173 4477 administratione.

2264 4397 2309 4449 D
2342 4397 2584 4495 διωγμῷ,
2625 4426 2751 4496 πρὸς
2799 4428 2932 4475 Θεοῦ
2995 4418 3053 4473 δὲ
3103 4421 3368 4494 τηρηθεὶς,
3423 4397 3515 4478 της
3567 4408 3838 4488 Ἱεροσολύμων

578 4505 845 4561 ecclesiae
877 4506 1426 4578 Hierosolymitante
1460 4510 1720 4578 suscepit
1750 4526 1763 4563 :
1802 4509 2095 4576 Narcisso,
2126 4527 2165 4581 q

2338 4512 2651 4574 Ἐκκλησίας
2680 4515 2801 4572 τοὺς
2847 4513 3029 4571 οἴακας
3072 4508 3449 4583 ἐγχειρίζεται,
3500 4506 3573 4559 ἐτι
3599 4502 3834 4583 Ναρκίσπυί

576 4594 658 4649 ibi
691 4611 911 4649 munus
961 4594 1021 4650 id
1066 4602 1347 4665 gesserat,
1384 4597 1584 4652 adhuc
1633 4599 1966 4669 superstite.
2001 4601 2078 4653 De
2108 4578 2170 4671 qi

2339 4601 2395 4663 ὃς
2447 4598 2507 4659 ἦν
2560 4603 2663 4653 ἐκεῖ
2709 4605 2979 4675 πρότερον,
3032 4602 3297 4671 περιόντος
3370 4605 3445 4667 τῷ
3500 4593 3635 4669 βίῳ*
3677 4591 3767 4675 ὑξὲρ
3800 4599 3832 4629 ⁵³

575 4685 848 4739 Narcisso
879 4684 1007 4754 ejus
1038 4684 1152 4741 loci
1183 4685 1458 4741 homines
1492 4702 1629 4741 cum
1662 4688 1854 4742 multa
1884 4686 2002 4743 alia
2034 4688 2169 4743 adm

2337 4690 2502 4744 πολλὰ
2547 4692 2637 4761 μεν
2685 4672 2945 4741 οἰήέκείσε
2988 4694 3197 4761 μνήμης
3257 4689 3385 4759 ἔργα
3414 4680 3676 4760 παράδοξα
3712 4672 3834 4761 διανεί

574 4773 767 4828 randa
798 4789 979 4844 opera
1021 4781 1376 4840 memorant,
1402 4780 1527 4830 tum
1557 4776 1671 4831 hoc
1702 4776 1880 4831 etiam
1912 4777 1969 4832 in
2008 4777 2168 4832 litter;

2339 4780 2543 4846 ζουσιν,
2595 4778 2643 4830 ἐν
2701 4780 2773 4839 οἷς
2819 4782 2908 4830 καὶ
2963 4784 3117 4830 τοῦτο
3170 4782 3603 4850 προσιστοροῦσι.
3653 4770 3753 4822 Φασὶ
3786 4776 3838 4855 κιξ

573 4861 819 4917 relatum
852 4862 1119 4920 tradunt.
1155 4864 1360 4918 Dicunt
1391 4864 1570 4928 enim,
1599 4865 1675 4919 ad
1708 4864 1887 4937 354
1918 4882 2164 4938 vespera

2336 4870 2438 4943 γὰρ
2498 4871 2565 4940 ᾡς
2618 4869 2753 4919 κατὰ
2808 4871 2901 4924 τὴν
2958 4865 3177 4936 ἑσπέραν
3234 4872 3329 4917 τοῦ
3388 4866 3587 4935 Πάσχα
3635 4854 3762 4910 ἕλαίοῦ

574 4949 815 5006 Paschee
862 4950 1063 5006 oleum
1111 4951 1190 5006 ad
1237 4968 1410 5007 usum
1462 4952 1841 5010 lucernarum
1897 4953 2168 5009 defecisse

2335 4961 2467 5028 πρὸς
2492 4960 2678 5033 χρείαν
2717 4964 2816 5007 τῶν
2858 4951 3180 5028 θρυαλλίδων
3233 4954 3483 5006 ἐπιλιπεῖν
3522 4969 3535 4981 θ
3579 4948 3623 5001 ἐν
3663 4943 3776 5009 δεινῷ
3802 4943 3840 5035 ⁸⁵⁵

574 5040 740 5111 quod
792 5056 930 5095 cum
979 5040 1239 5111 populus
1271 5056 1425 5110 aegre
1466 5040 1659 5110 ferret,
1693 5043 2035 5098 Narcissum
2061 5060 2168 5098 ma:

2335 5054 2486 5099 τοῦτο
2536 5049 2845 5116 ποιουμένου
2921 5052 3012 5096 τοῦ
3064 5043 3311 5110 πλήθους,
3369 5041 3607 5094 κελεῦσαι
3657 5033 3725 5086 τόν
3755 5034 3838 5093 Ei."

573 5128 771 5193 dasse,
821 5133 881 5182 ut
935 5128 1064 5198 ejus
1116 5129 1199 5184 rei
1242 5129 1489 5184 ministri
1528 5146 1599 5185 ex
1656 5132 1995 5203 propinquo
2047 5139 2167 5202 putt

2336 5154 2544 5198 κισσον,
2616 5133 2670 5186 ἐκ
2722 5141 2813 5186 τοῦ
2889 5136 3269 5208 παρακειμένου
3329 5135 3543 5203 φρέατος
3599 5120 3835 5208 ἀπαντλξσίλ

570 5232 796 5288 aquam
836 5217 1161 5283 haurirent,
1204 5223 1383 5289 atque
1416 5217 1495 5273 ad
1542 5234 1602 5272 se
1657 5218 1952 5275 afferrent.
1992 5222 2112 5275 Hoc
2143 5239 2164 5274 s

2335 5231 2445 5284 τοῖς
2474 5228 2591 5296 περὶ
2626 5230 2793 5275 ταῦτα
2846 5218 3269 5295 διακονουμένοις
3296 5217 3464 5294 ὕδωρ,
3519 5222 3603 5270 καὶ
3650 5216 3708 5270 ὡς
3741 5205 3833 5295 1‘37?

571 5305 750 5372 facto,
793 5305 957 5360 illum
1000 5312 1306 5378 precatum
1346 5324 1499 5377 esse,
1536 5324 1709 5379 aquae
1738 5308 2136 5375 benedixisse,

2337 5310 2570 5384 ἀγαγεῖν.
2628 5311 2769 5365 Ἐπεὶ
2818 5308 2876 5364 δὲ
2944 5318 3094 5363 τοῦτο
3141 5316 3475 5385 παραχρῆμα
3526 5306 3716 5379 ἐγίνετο,
3750 5296 3829 5347 ἐπ’·

575 5407 866 5462 germana
908 5403 1186 5467 certaque
1217 5395 1356 5462 ﬁde,
1414 5404 1475 5452 ut
1521 5396 1581 5451 in
1629 5397 1905 5454 lucernas
1952 5397 2164 5455 infund

2336 5402 2527 5466 ξασθαι
2586 5404 2677 5473 μὶν
2724 5404 2814 5453 καὶ
2868 5399 3151 5471 εὐλογῆσαι
3212 5402 3271 5451 τὸ
3323 5393 3470 5471 ὕδωρ
3509 5413 3523 5428 ·
3586 5388 3684 5447 εἶτα
3724 5388 3825 5439 aid?“

648 5518 696 5553 ⁵³
735 5519 933 5577 Matth.
976 5536 1094 5587 xxx,
1132 5523 1217 5576 t2.
