4036 6288
252 276 389 332 1085

1306 270 1883 329 ECCLESIASTICIE
1921 269 2280 328 HISTORIA".
2319 273 2458 330 LIB.
2510 276 2576 332 V.

3459 278 3600 336 1086

245 403 444 473 γνησίᾳ
474 399 717 453 κελεῦσαι
767 401 903 453 κατὰ
952 406 1052 451 τῶν
1100 397 1306 470 λύχνων
1361 398 1583 471 ὶγχίειν.
1639 401 1738 452 Καὶ
1776 401 1836 460 ὡς

1951 400 2131 468 retur,
2155 398 2430 469 jussisse.
2455 403 2649 468 Quare
2697 410 2758 460 ut
2806 404 3065 475 jusserat
3093 405 3356 476 peracta,
3397 402 3602 460 divina

244 489 440 544 ἐκελευε
471 486 825 564 δεδρακότων,
877 490 990 560 θείᾳ
1034 485 1254 561 δυνάμει
1300 491 1359 541 τό
1389 485 1533 562 ὕδωρ
1566 489 1633 549 εἰς
1672 487 1842 541 ἕλαίου

244 582 400 652 φύσιν
461 579 652 632 αὐτίκα
705 580 1250 652 μεταστοιχειωθῆναι
1306 583 1396 631 καὶ
1451 584 1701 650 χρώματι
1752 581 1844 629 καὶ

242 673 529 727 ποιότητι*
573 671 641 732 ὡς
696 674 786 720 καὶ
861 675 934 738 τῷ
1002 672 1133 739 πυρὶ
1187 670 1440 740 παρέχειν
1495 673 1678 726 καινήν
1731 687 1846 720 τινα

243 760 572 830 φωταύγειαν
655 756 999 830 ἀπολάμπειν.
1053 757 1141 819 Ἐξ
1214 757 1275 809 οὗ
1350 762 1440 810 καὶ
1515 756 1722 818 πολλοῖς
1775 755 1844 816 εἰς

243 848 511 919 θαύματος
561 848 722 921 χάριν
778 849 914 922 οἰχρι
958 842 1026 905 δὴ
1082 845 1272 899 πολλοῦ
1315 845 1638 918 ἓφυλάττετο.
1674 845 1844 899 Πολλὰ

209 931 306 989 ’δε
358 941 450 989 καὶ
499 936 629 989 ἄλλα
655 940 775 1008 περὶ
815 944 908 998 τῆς
959 943 1049 988 τοῦ
1098 933 1222 1008 βίου
1268 934 1479 1007 ἀγωγῆς
1534 935 1694 988 αὐτοῦ
1721 935 1845 998 ἄξια

240 1031 453 1097 μνήμης
513 1021 922 1100 διαθρυλλοῠσιν
951 1041 963 1054 ·
1015 1026 1082 1075 ὧν
1131 1029 1385 1097 ῖπίσημον
1444 1031 1534 1078 καὶ
1585 1021 1708 1078 τόδε
1758 1028 1843 1096 ἰμ-

239 1119 453 1189 φίρεται
481 1135 494 1147 ·
583 1117 832 1187 ἁνθρώπι⁹
913 1117 1047 1167 ἅττα
1128 1117 1318 1186 φαῦλα,
1410 1117 1670 1187 σύντροφα
1751 1117 1841 1185 μεν

236 1202 426 1277 ἁπάσῃ
473 1207 770 1278 μοχθηρίᾳ,
822 1211 1004 1266 κακοῖς
1069 1200 1128 1256 δι
1184 1209 1389 1277 μυρίοις
1446 1207 1504 1257 τὸ
1550 1205 1646 1276 ζῇν
1696 1201 1842 1256 διαν-

230 1293 478 1362 τλοῦντα,
522 1298 579 1347 τὸ
627 1300 720 1346 τοῦ
761 1290 949 1365 ἀνδρὸς
997 1290 1188 1354 εἰδότες
1220 1289 1510 1360 ἀνένδοτον,
1541 1289 1842 1354 δεδοικότες

231 1387 316 1454 μὴ
361 1380 512 1444 δίκας
564 1381 762 1442 ἁλόντες
809 1383 882 1443 οἷς
925 1381 1172 1455 αἰσχροῖς
1215 1385 1465 1455 ἔπραττον
1521 1382 1838 1448 ἁποτίσωσι,

229 1468 592 1548 ῥᾳδιουργίαν
668 1474 784 1524 τινὰ
873 1474 1310 1540 συσκευάσαντες,
1386 1470 1560 1530 δεινὴν
1634 1470 1840 1524 ίποίουν

231 1561 386 1631 αὐτῷ
439 1565 530 1620 τὴν
575 1557 846 1619 διαϐολήν.
895 1564 972 1614 Τὰ
1026 1564 1189 1614 πιστὰ
1232 1559 1291 1614 δί
1318 1561 1482 1632 λέγειν
1520 1566 1840 1635 παρέχοντες

229 1651 458 1716 ἔννοιαν,
543 1651 718 1723 ὅρκοις
778 1655 872 1708 τὴν
949 1663 1294 1722 συκοφαντίαν
1369 1653 1439 1712 ὡς
1500 1649 1697 1711 ἀληθὴς
1759 1653 1835 1707 εῖη

583 1114 832 1187 όινθρώπι⁹
913 1115 1047 1167 ἄττα
1128 1113 1318 1186 φαῦλα,

1951 486 2008 541 vi
2031 492 2085 544 et
2115 486 2380 545 efﬁcacia
2410 507 2571 562 aqua
2600 492 2918 565 derepente
2957 493 3016 549 in
3051 492 3164 549 olei
3193 498 3471 550 naturam
3505 508 3600 549 co-

1951 576 2075 634 lore
2099 586 2155 633 et
2178 578 2462 651 qualitate
2489 598 2682 651 versa,
2714 583 2835 652 igni
2864 598 3084 638 novam
3125 583 3460 656 quamdam
3479 583 3602 640 cla-

1951 668 2289 741 rioremque
2341 669 2537 728 lucem
2585 673 2858 744 praebuit.
2893 675 2977 730 Ex
3036 689 3158 746 quo
3223 680 3490 746 tempore
3539 673 3602 731 id

1951 756 2152 813 oleum
2178 774 2214 814 a
2241 760 2442 816 multis
2471 761 2742 818 miraculi
2783 761 2972 833 gratia
3009 762 3344 818 diutissime
3373 767 3461 818 est
3485 777 3603 819 ser-

1950 852 2181 903 vatum.
2215 847 2385 906 Plura
2407 857 2693 922 praeterea
2729 854 2804 908 de
2839 853 2973 908 vita:
3015 853 3148 922 ejus
3187 851 3454 907 instituto
3478 867 3603 908 me-

1953 941 2188 993 moratu
2217 937 2400 1010 digna
2426 938 2708 1006 referunt,
2737 942 2795 996 in
2826 940 3047 1012 quibus
3081 946 3135 996 et
3167 939 3313 996 illud
3355 940 3602 1012 praecla-

1950 1040 2086 1082 rum
2119 1031 2228 1084 est.
2285 1027 2566 1085 Homines
2597 1030 2848 1101 quidam
2892 1029 3182 1103 mali,qui
3222 1046 3328 1102 per
3375 1029 3602 1099 ﬂagitia

1950 1116 2155 1172 omnia
2175 1121 2230 1172 et
2250 1117 2473 1174 scelera
2505 1120 2823 1176 innumera
2851 1120 3035 1176 vitam
3078 1126 3418 1190 exegerant,
3460 1134 3601 1175 con-

1951 1206 2232 1262 stantiam
2259 1211 2317 1262 et
2349 1207 2720 1264 severitatem
2759 1209 2868 1264 viri
2914 1214 3228 1264 noverant.
3273 1209 3476 1281 Itaque
3503 1208 3603 1280 ju-

1948 1294 2171 1351 dicium
2197 1295 2327 1368 ejus
2366 1297 2659 1363 timentes,
2688 1313 2762 1353 ne
2787 1298 2847 1354 in
2873 1298 3032 1354 {mdo
3066 1297 3421 1370 deprehensi
3459 1297 3602 1353 faci-

1949 1399 2113 1448 nore,
2130 1400 2280 1457 quas
2303 1385 2492 1442 meriti
2522 1393 2737 1451 essent,
2770 1387 2995 1443 luerent
3027 1403 3262 1458 pmnas,
3292 1387 3595 1443 fallaciam

1948 1473 2281 1545 quamdam
2313 1478 2748 1532 antevertentes
2773 1478 3332 1541 comminiscuntur,
3375 1481 3432 1532 et
3469 1491 3597 1546 gra-

1949 1577 2081 1616 vem
2107 1561 2158 1617 ei
2179 1562 2519 1635 impingunt
2546 1563 2932 1620 calumniam.
2955 1569 3146 1636 Atque
3171 1564 3594 1636 utopinionem

1951 1667 2015 1706 se
2040 1667 2180 1708 vera
2199 1651 2394 1708 dicere
2415 1653 2575 1725 apud
2592 1653 2868 1709 homines
2890 1660 3596 1726 consequerentur,syco-

227 1739 714 1811 κατησφαλίζοντο.
773 1744 875 1794 Καὶ
915 1740 941 1792 6
979 1743 1068 1811 μὶν
1197 1745 1300 1802 μὴν
1346 1743 1509 1812 πυρός
1551 1737 1836 1812 δαπάνημα

1951 1740 2258 1812 phantiam
2290 1741 2546 1813 perjurio
2583 1742 2944 1798 conﬁrmant
2973 1742 3146 1801 :diris
3177 1758 3419 1815 quoque
3445 1760 3595 1808 sese,

228 1831 439 1899 ’γίνοιτο
475 1844 487 1857 ’
549 1830 575 1880 6
615 1825 676 1881 δε
730 1828 1032 1901 παλαμναίᾳ
1082 1833 1217 1900 νόσῳ
1275 1825 1590 1901 διαφθαρείη
1625 1845 1638 1858 ·
1692 1831 1719 1882 6
1780 1826 1839 1882 ei“:

234 1921 433 1990 τρίτος,
574 1922 676 1989 μὴν
722 1920 815 1979 τὰς
855 1917 1001 1989 ὄψεις
1028 1923 1266 1990 πηρώσει
1298 1917 1570 1971 ἀποϐαλεῖν
1602 1923 1830 1990 ὤμνυον.

243 2012 439 2081 Καίπερ
501 2004 552 2059 δ’
586 2007 750 2068 οὑτως
801 2006 1058 2078 τάσφαλὲς
1113 2015 1222 2070 τοῖς
1259 2009 1432 2080 ὅρκοις
1482 2009 1839 2081 ὑπισχνουμέ-

234 2115 341 2156 νοις
373 2092 547 2148 οὐδενὶ
595 2100 881 2170 προσέχειν
921 2093 1003 2169 ᾖν,
1041 2095 1267 2171 ἀκριϐῶς
1308 2094 1500 2158 εἰδότες
1541 2102 1600 2150 τό
1639 2117 1692 2150 τε
1733 2106 1840 2150 σῶ-

238 2205 364 2259 φρον
416 2181 658 2257 τάνδρός,
705 2191 794 2238 καὶ¹
844 2189 937 2245 τὴν
1001 2189 1070 2247 ὡς
1118 2185 1304 2238 ἐπίπαν
1355 2185 1662 2260 λάμπουσαν
1715 2187 1840 2260 ἁρε-

235 2279 333 2332 τὴν
388 2281 478 2328 τοῦ
532 2278 860 2347 Ναρκίσσου.
922 2274 1139 2336 Ἐκεῖνος
1195 2272 1247 2328 δ’
1311 2272 1400 2328 οὖν
1468 2281 1555 2334 τὴν
1603 2285 1703 2329 τῶν
1756 2277 1841 2328 ἁν-

239 2360 376 2436 δρῶν
421 2367 726 2436 μοχθηρίαν
766 2369 837 2435 μὴ
885 2365 990 2426 οἷός
1033 2383 1088 2416 τε
1117 2368 1184 2416 ὥν
1235 2368 1419 2438 φέρειν,
1463 2365 1624 2427 ἄλλως
1661 2363 1719 2419 δι
1750 2370 1840 2418 καὶ

237 2457 327 2506 τὸν
359 2456 567 2526 ἧσυχον
621 2458 706 2506 καὶ
762 2452 1073 2526 ἀπράγμονα
1121 2453 1243 2527 βίαν
1299 2452 1660 2526 μεταδιώκων,
1700 2457 1840 2530 φιλο-

241 2547 415 2615 σόφως
461 2562 512 2596 τε
567 2543 664 2615 ζῇν
695 2544 972 2618 ᾑρημένος,
1025 2547 1085 2596 τό
1113 2543 1311 2606 πλῆθος
1363 2544 1499 2598 ἅπαν
1549 2545 1841 2620 παραλογι-

245 2634 464 2704 σάμενος
517 2629 768 2707 διαδρὰς,
830 2631 914 2685 ἰπὶ
972 2631 1181 2694 πολλοῖς
1257 2636 1422 2686 ἔτεσιν
1497 2633 1695 2707 ἀφανὴς
1752 2633 1836 2708 ᾖν.

251 2719 484 2782 Κάκεῖνος
517 2724 608 2794 μὲν
633 2721 797 2782 οὕτως
841 2718 953 2794 εἶχε
1003 2726 1092 2775 καὶ
1142 2718 1418 2797 διατριϐῆς
1467 2729 1556 2776 καὶ
1604 2721 1834 2787 διαίτης.

247 2809 313 2863 Ὀ
341 2829 396 2882 γε
445 2815 549 2882 μην
582 2815 742 2883 μίγας
791 2819 886 2872 τῆς
938 2808 1094 2874 δίκης
1147 2811 1404 2885 ὀφθαλμός
1445 2809 1692 2885 οὐδαμῶς
1721 2817 1839 2890 ἠρί-

247 2919 329 2972 μει
363 2917 375 2930 ·
410 2904 532 2962 τούς
581 2897 631 2952 δ’
682 2899 969 2975 ἀλάστορας
1020 2900 1241 2964 ὶκείνους
1288 2906 1515 2974 μέτεισιν
1571 2905 1692 2956 ὅσον
1747 2905 1834 2956 τά·

239 3009 345 3062 χος
372 3007 385 3018 '
439 2993 529 3042 καὶ
577 2991 656 3050 οἷς
705 2989 936 3043 ἑάλωσαν
1003 2993 1378 3064 ἓπιορκοῦντες,
1445 2995 1630 3055 ἱκανῶς
1685 3014 1838 3047 κατε-

240 3077 449 3152 δίσμει.
487 3078 545 3130 ’0
584 3082 674 3150 μὲν
723 3075 814 3131 οὖν
864 3087 1087 3155 πρῶτος,
1143 3079 1196 3144 ἐξ
1245 3079 1496 3154 οὐδεμιᾶς
1535 3085 1838 3156 προφάσεως
1876 3111 1916 3167 C

236 3169 344 3228 ἑνός
403 3169 691 3241 σπινθῆρος
759 3175 850 3220 τοῦ
925 3167 1123 3240 λύχνου
1177 3168 1680 3244 ἀποσκιρτήσαντος,
1747 3182 1838 3234 τῆς

234 3257 410 3319 οἰκίας
498 3258 824 3329 ὑφαφθείσης
901 3258 1063 3328 αὐτῷ,
1136 3265 1377 3332 παγγενεὶ
1461 3261 1839 3334 καταφλέγεται

235 3349 402 3420 πυρός
434 3342 642 3404 δαπάνη
700 3350 841 3420 παρὰ
893 3344 1049 3410 δόξαν
1110 3352 1202 3400 σύν
1231 3354 1510 3423 περιουσίᾳ
1557 3353 1702 3424 πάσῃ
1744 3357 1834 3405 καὶ

234 3444 348 3498 τοῖς
409 3438 544 3488 κατὰ
593 3440 740 3506 γίνος
790 3436 929 3508 αὐτῷ
983 3443 1312 3510 προσήκουσι
1372 3447 1635 3511 γεγονώςο
1698 3444 1724 3494 6
1779 3439 1829 3496 δ’

235 3526 425 3599 ἀθρόον
474 3521 617 3598 δεινῇ
675 3530 813 3598 νόσῳ
856 3525 1164 3601 ἓνσκηψάσῃ
1205 3527 1324 3580 καθ’
1379 3529 1605 3592 ἅπαντος
1659 3537 1835 3604 σώμα-

236 3633 326 3674 τος
357 3613 601 3687 βάλλεται
634 3629 646 3643 ·
699 3615 725 3667 ό
765 3611 824 3667 δε
853 3619 1047 3688 τρίτος,
1107 3621 1200 3675 τὴν
1253 3616 1464 3670 ἔκϐασιν
1510 3627 1609 3670 τῶν
1655 3616 1834 3672 δεινῶν

236 3701 288 3755 ἕν
346 3701 557 3764 ἕκείνοις
613 3709 907 3771 σκοπήσας,
967 3711 1058 3758 καὶ
1108 3709 1165 3758 τό
1214 3709 1487 3778 ταχύπουν
1555 3717 1649 3772 τῆς
1703 3711 1834 3770 θείας

240 3789 395 3853 δίκης
463 3799 554 3845 τοῦ
603 3795 809 3846 πάντων
879 3792 1062 3867 ἐφόρου
1139 3803 1296 3867 Θεοῦ,
1341 3799 1408 3849 τὰ
1453 3806 1598 3870 κοινῇ
1654 3803 1834 3870 σφίσιν

235 3879 424 3956 τάνδρὶ
479 3881 878 3955 ἓσκαιωρημίνα
929 3884 1078 3947 εὐθὺς
1127 3886 1401 3958 ὡμολόγει.
1455 3888 1726 3959 Οἰμωγαῖς
1777 3885 1837 3941 δε

231 3975 325 4024 καὶ
379 3968 636 4043 δάκρυσιν
684 3971 742 4024 ού
792 3969 1039 4041 διέλιπεν,
1072 3974 1160 4035 ἕως
1211 3975 1272 4027 οὗ
1335 3978 1394 4028 τὸ
1442 3985 1545 4048 φῶς
1597 3985 1696 4030 τῶν
1746 3976 1838 4050 ὀμ-

231 4060 412 4132 μάτων
467 4058 719 4135 ἁπορῥυεν
762 4063 912 4132 ἔγνω.
982 4063 1086 4117 Καὶ
1138 4065 1186 4115 οἱ
1232 4067 1323 4136 μὲν
1373 4065 1509 4118 οὕτω
1559 4074 1653 4128 τῆς
1700 4068 1838 4120 κατά

233 4156 330 4201 τοῦ
359 4145 548 4224 ἀνδρὸς
579 4148 844 4203 ἀπώναντο
868 4147 1208 4227 ψευδορκίας.

1947 1830 1998 1886 si
2038 1830 2328 1896 fallerent,
2359 1831 2720 1887 devoventes
2755 1848 2766 1887 :
2795 1833 3020 1904 primus
3066 1832 3331 1904 quidem,
3379 1838 3439 1888 ut
3471 1833 3598 1904 igni

1948 1920 2341 1992 conﬂagraret
2372 1937 2386 1986 ;
2423 1920 2744 1986 secuddus,
2779 1927 2842 1977 ut
2875 1921 3104 1978 sontico
3144 1921 3597 1995 detestabilique

1947 2011 2161 2067 morbo
2187 2010 2442 2081 periret;
2475 2010 2676 2066 tertius
2709 2027 2868 2077 vero,
2909 2017 2970 2066 ut
3015 2011 3207 2066 oculis
3245 2011 3597 2083 privaretur.

1947 2100 2315 2172 thuamvis
2334 2099 2414 2156 illi
2472 2099 2835 2156 calumniam
2874 2101 3200 2171 juramenti
3240 2106 3297 2157 et
3325 2117 3594 2158 exsecra-

1949 2189 2124 2246 tionis
2152 2189 2399 2245 obtentu
2421 2189 2840 2250 contexissent.
2865 2205 3043 2245 nemo
3072 2194 3272 2245 tamen
3295 2189 3380 2245 eis
3410 2189 3594 2246 ﬁdem

1947 2278 2476 2351 habebat:quippe
2509 2280 2794 2334 omnibus
2815 2278 3076 2335 Narcissi
3105 2279 3349 2335 castitas
3381 2284 3438 2336 et
3474 2280 3599 2335 vir-

1949 2373 2045 2425 tus
2089 2373 2354 2440 spectata
2402 2372 2545 2425 erat.
2577 2367 2674 2425 Ille
2717 2374 2940 2435 autem,
2975 2385 3111 2424 cum
3148 2368 3597 2440 improbitatem

1950 2462 2176 2515 tantam
2214 2457 2520 2513 hominum
2558 2473 2768 2514 eorum
2797 2441 2946 2513 ferre
2985 2458 3277 2530 nequiret,
3309 2456 3595 2530 aliterque

1949 2563 1986 2604 a
2031 2547 2279 2616 negotiis
2316 2552 2628 2614 semotam,
2669 2548 2955 2619 quietam,
2990 2547 3594 2619 philosophicamque

1947 2638 2131 2693 vitam
2174 2642 2651 2709 persequeretur,
2712 2635 3112 2702 multitudine,
3154 2641 3278 2692 arte
3325 2636 3595 2708 quadam

1945 2725 2216 2798 decepta,
2249 2724 2529 2796 profugit,
2552 2731 2732 2799 atque
2761 2725 2932 2782 annis
2965 2724 3164 2780 multis
3195 2740 3315 2780 non
3355 2741 3596 2796 compa-

1945 2815 2080 2871 ruit.
2114 2817 2178 2872 Et
2229 2814 2324 2871 ille
2351 2815 2598 2887 quidem
2651 2815 2732 2872 ita
2781 2816 2984 2880 vitam,
3030 2830 3100 2870 ac
3131 2813 3348 2870 deinde
3374 2815 3596 2870 disces-

1946 2905 2176 2960 sionem
2206 2903 2554 2960 instituerat.
2599 2902 2890 2960 Caaterum
2932 2919 3179 2974 magnus
3204 2903 3298 2959 ille
3318 2903 3596 2959 vindictas

1945 2993 2156 3050 oculus
2202 3009 2551 3066 nequaqum
2593 2993 3006 3060 cunctabatur,
3039 2993 3141 3048 sed
3199 3009 3383 3065 quam
3415 2991 3598 3048 celer-

1947 3083 2094 3139 rime
2117 3082 2429 3155 pestiferos
2458 3087 2517 3138 et
2564 3082 2932 3154 perniciosos
2967 3081 3099 3138 illos
3126 3082 3403 3138 homines
3433 3097 3594 3138 com-

1945 3173 2295 3246 prehensos,
2345 3171 2518 3228 malis
2570 3171 2655 3226 eis
2711 3171 2932 3244 quibus
2985 3172 3214 3242 seipsos
3251 3171 3594 3242 juramento

1946 3262 2295 3333 interposito
2333 3260 2799 3329 obstrinxerant,
2840 3261 3103 3316 maxime
3141 3260 3426 3316 devinxit.
3468 3261 3593 3316 Pri-

1947 3368 2084 3406 mus
2115 3351 2291 3422 igitur
2321 3350 2483 3406 nulla
2509 3365 2696 3422 prope
2727 3349 2802 3406 de
2839 3366 3043 3414 causa,
3076 3349 3328 3406 scintilla
3359 3351 3536 3405 unica
3556 3364 3595 3405 a

1943 3439 2189 3496 lucerna
2201 3438 2534 3511 prosiliente
2554 3438 2737 3494 domo
2767 3453 3077 3504 succensa,
3105 3453 3226 3494 una
3246 3453 3382 3492 cum
3405 3437 3597 3493 omni-

1944 3528 2059 3584 bus
2087 3543 2302 3598 genere
2329 3527 2440 3583 sibi
2467 3527 2838 3600 propinquis,
2879 3533 3059 3599 atque
3089 3527 3270 3582 etiam
3291 3543 3430 3582 cum
3457 3526 3594 3582 sub-

1943 3616 2778 3682 stantiaomni,miserabiliter
2790 3617 3355 3687 praeteropinionem
3369 3631 3596 3671 omnem

1945 3706 2336 3762 comburitur.
2357 3706 2534 3778 355
2553 3705 2860 3762 Secundus
2872 3705 3086 3761 morbo
3099 3703 3477 3774 gravissimo,
3493 3705 3596 3776 qui

1945 3799 2136 3852 totum
2197 3794 2327 3865 ejus
2388 3810 2606 3865 corpus
2671 3793 2912 3858 invasit,
2967 3793 3300 3865 corripitur.
3370 3794 3596 3850 Tertius

1945 3899 2146 3957 porro,
2169 3899 2307 3939 cum
2329 3888 2451 3939 tam
2474 3898 2720 3952 gravem
2733 3882 3094 3938 etdurumin
3118 3881 3234 3937 illis
3261 3883 3484 3938 exitum
3510 3881 3596 3938 rei

1946 3973 2192 4038 videret,
2233 3978 2290 4029 et
2329 3971 2689 4028 celeritatem
2731 3971 2937 4028 omnia
2976 3970 3340 4043 speculantis
3380 3971 3596 4028 divina:

1945 4062 2221 4120 vindicta
2265 4061 2684 4128 consideraret,
2724 4076 2860 4133 quae
2892 4061 3288 4116 communiter
3327 4061 3477 4117 inter
3507 4076 3594 4128 se,

1945 4167 2053 4224 per
2097 4151 2304 4207 dolum
2353 4155 2410 4207 et
2451 4150 2759 4214 malitiam,
2793 4155 3000 4206 contra
3050 4149 3246 4204 virum
3297 4151 3594 4222 optimum

234 4221 688 4303 conﬂuxissent,
745 4241 948 4296 statim
987 4221 1075 4297 est
1130 4241 1436 4313 professus
1467 4260 1479 4296 :
1509 4259 1704 4316 neque
1743 4221 2520 4312 luctus—lacrymarumque
2550 4239 2714 4311 prius
2772 4238 3022 4294 modum
3062 4237 3219 4302 fecit,
3249 4221 3434 4311 quam
3476 4253 3598 4295 una

230 4343 373 4383 cum
403 4326 514 4382 illis
539 4327 852 4384 oculorum
881 4329 1001 4384 vim
1031 4333 1088 4385 et
1117 4331 1308 4388 aciem
1339 4330 1609 4390 difﬂuere
1645 4333 1847 4389 sensit.
1881 4331 1972 4388 Sic
2012 4329 2092 4385 illi
2133 4329 2387 4400 dignum
2427 4328 2666 4401 perjurii
2698 4327 2878 4384 tulere
2911 4328 3191 4399 pretium.

859 4424 1100 4474 ΚΕΦΑΛ.
1144 4419 1201 4475 l'.

233 4512 321 4566 Ως
360 4501 778 4582 Ἀλέξανδρος
829 4511 1230 4582 Καισαρείας
1262 4511 1638 4582 -ἑπίσκοπος
1675 4530 1832 4582 χρη-

313 4577 798 4653 σμῷ-’θείῳείς
852 4583 962 4653 τὴν
1017 4577 1471 4653 Ἱεροσολύμων
1500 4652 1508 4653 7
1537 4577 1830 4652 μετετέθη

307 4645 650 4726 καθέδραν,
711 4651 804 4726 ἔτι
834 4645 1108 4726 ’ζῶ-ντος
1136 4659 1246 4703 τοῦ
1284 4645 1401 4724 πρό
1443 4645 1639 4704 αὐτοῦ
1679 4661 1834 4726 Ναρ-

306 4717 582 4793 κίσσου·
627 4725 732 4772 καὶ
773 4717 887 4774 δύο
924 4721 1052 4793 ἅμα
1091 4725 1285 4784 ὄντες,
1325 4717 1399 4775 τὰ
1436 4732 1546 4783 τῆς
1583 4717 1831 4782 Ἐκκλη-

311 4795 458 4852 σίας
524 4787 777 4870 διεῖπον
817 4808 830 4822 ⁸
906 4787 1013 4845 καὶ
1055 4800 1197 4867 περὶ
1249 4803 1365 4846 τῶν
1407 4794 1832 4870 Ἀλεξάνδρου

309 4865 854 4936 συγγραμμάτων.

307 4953 411 5000 Τοῦ
461 4943 519 5000 δε
563 4952 872 5019 Ναρκίσσου
933 4946 1156 5023 δρασμῷ
1211 4954 1574 5024 χρησαμένου,
1636 4956 1726 5005 καὶ
1782 4955 1833 5015 ἒς

238 5034 368 5088 πολὺ
398 5043 489 5088 τοῦ
520 5040 716 5112 χρόνου
769 5035 817 5088 ἓν
868 5044 938 5108 τῷ
981 5036 1160 5110 ἀφανεῖ
1208 5040 1550 5105 καθεστῶτος,
1599 5047 1707 5101 τοῖς
1733 5047 1831 5093 τῶν

237 5123 525 5184 ἐκκλησιῶν
581 5128 889 5198 ἡγουμένοις
939 5123 1096 5190 δόξαν
1145 5129 1299 5196 οὕτω,
1365 5131 1447 5181 ἐπὶ
1497 5133 1830 5201 χειροτονίαν

238 5212 411 5289 ἑτέρου
456 5217 735 5289 ἐτράποντο
768 5232 782 5245 ⁸
833 5220 921 5268 καὶ
971 5221 1071 5287 Δίῳ
1119 5221 1219 5269 τινὶ
1264 5221 1357 5274 τήν
1399 5217 1586 5276 κλῆσιν
1616 5221 1708 5276 τὴν
1736 5225 1829 5281 τῆς

239 5301 552 5368 Ἐκκλησίας
647 5303 1014 5378 Ἰεροσολύμων
1121 5304 1432 5358 ἐπιστασίαν
1511 5305 1781 5378 ἐπέτρεπον
1812 5324 1825 5336 '

239 5392 299 5444 οὗ
355 5393 464 5466 μετ’
507 5393 676 5466 ὀλίγον
717 5393 1064 5467 ἀπειπαμένου
1118 5398 1174 5448 τὸ
1238 5397 1334 5468 ζῇν
1392 5392 1655 5468 διάδοχος
1711 5402 1748 5448 Γ
1751 5415 1824 5470 ερ·

236 5487 433 5555 μανίων
477 5487 638 5556 ὄνομα
679 5480 760 5542 ἧν.
814 5489 914 5537 Καὶ
961 5486 1148 5537 τούτου
1225 5489 1398 5558 τρίτος
1451 5485 1604 5538 πάλιν
1661 5487 1830 5560 ἕτερος

237 5574 399 5646 ὄνομα
424 5569 680 5649 Γόρδιος’
737 5571 810 5647 ίφ’
867 5573 927 5627 οὗ
980 5575 1050 5637 ὡς
1102 5576 1157 5628 ἔκ
1213 5577 1350 5639 τινός
1405 5577 1557 5629 ποθεν
1611 5573 1828 5629 ἀναϐιώ-

2605 4417 2830 4474 CAPUT
2866 4420 2928 4473 Χ.

1947 4507 2015 4563 Ut
2033 4506 2384 4562 Alexander
2407 4505 2683 4562 Caesareae
2701 4505 3025 4576 episcopus,
3042 4506 3283 4562 oraculo
3301 4504 3498 4562 divino
3513 4507 3594 4561 ad

2019 4579 2564 4646 Hierosolymorum
2607 4577 3006 4647 episcopatum
3033 4577 3107 4632 sit
3137 4577 3471 4642 traductus,
3505 4577 3588 4632 vi-

2014 4657 2182 4705 vente
2206 4650 2406 4704 adhuc
2431 4650 2726 4704 decessore
2755 4651 2882 4716 ejus
2909 4647 3188 4703 Narcisso
3215 4669 3235 4704 :
3262 4654 3442 4719 utque
3470 4648 3589 4705 duo

2013 4721 2193 4775 simul
2217 4720 2475 4790 epsicopi
2493 4720 2794 4776 ecclesiam
2832 4719 2914 4774 ibi
2940 4720 3204 4774 rexerint
3224 4734 3247 4774 .'
3266 4725 3320 4774 et
3349 4719 3421 4775 de
3461 4719 3594 4775 Ale-

2011 4791 2238 4848 xandri
2261 4791 2520 4862 scriptis.

2014 4954 2162 5008 Cum
2212 4967 2350 5008 vero
2405 4951 2718 5006 Narcissus
2753 4949 3041 5022 profugus
3091 4948 3274 5019 longo
3319 4953 3587 5022 tempore

1941 5055 2062 5096 non
2085 5045 2416 5113 appareret,
2446 5039 2832 5096 ecclesiarum
2867 5038 3226 5094 antistitibus
3253 5039 3445 5094 visum
3471 5044 3581 5106 est,

1940 5129 2122 5186 alium
2152 5130 2502 5201 episcOpum
2525 5128 2825 5184 ordinare.
2849 5128 2934 5183 Ita
2962 5126 3041 5182 illi
3059 5126 3230 5182 Dium
3253 5128 3584 5199 quemdam

1939 5218 2487 5290 Hierosolymorum
2527 5217 2854 5288 praeﬁciunt
2899 5215 3174 5272 Ecclesia:
3216 5233 3230 5271 :
3273 5216 3385 5280 cui,
3420 5217 3586 5288 quod

1939 5323 2060 5364 non
2101 5307 2287 5363 multo
2334 5313 2468 5380 post
2525 5305 2797 5371 decessit,
2867 5304 3229 5361 Germanion
3277 5320 3584 5362 successor

1938 5395 2248 5464 sufﬁcitur,
2295 5401 2474 5468 atque
2530 5395 2670 5451 huic
2722 5410 2966 5451 rursum
3043 5394 3246 5449 tertius
3321 5396 3586 5452 succedit

1937 5484 2212 5541 Gordius.
2247 5483 2368 5541 Sub
2396 5500 2518 5557 quo
2564 5482 2989 5556 Hierosolymis
3047 5481 3266 5550 subito,
3311 5483 3486 5540 veluti
3508 5499 3582 5541 ex

1935 5573 2204 5650 quadam
2223 5573 2634 5632 reviviscentis
2656 5577 2871 5647 praesto
2898 5571 3067 5632 adest
3099 5573 3436 5644 Narcissus,
3463 5573 3586 5647 epi-
