4036 6288
544 289 677 346 1087

538 418 976 490 scopatumque
1005 417 1276 473 Ecclesiae
1303 417 1404 483 ibi,
1436 418 1719 475 fratribus
1738 416 2060 491 plurimum
2097 429 2192 471 co-

537 504 836 572 gentibus,
879 505 1106 578 recipit.
1166 506 1411 563 Multum
1464 523 1643 580 porro
1693 505 2090 564 venerationis
2137 504 2191 561 ei

536 599 886 660 accesserat,
918 611 989 650 ex
1019 595 1433 668 philosophica
1482 596 1582 652 illo
1622 611 1855 652 secessu
1883 612 1895 649 :
1927 602 1983 650 et
2019 609 2190 666 prop-

537 685 623 736 ter
663 681 778 737 alia
813 682 1071 755 plurima
1124 683 1306 752 bona,
1340 685 1518 741 etiam
1571 701 1643 741 ex
1669 684 1931 741 vindicta
1961 682 2060 740 illa
2092 698 2190 738 ne-

533 769 822 827 fariorum
870 773 1206 842 hominum,
1256 793 1378 848 qua
1443 792 1582 832 eum
1637 776 1813 833 etiam
1877 775 2188 830 absentem

537 862 690 917 Deus
722 860 910 919 fuerat
932 863 1232 934 dignatus.
1257 865 1762 938 Quandoquidem
1778 870 1979 922 autem
2009 876 2189 936 prop"

535 953 621 1005 ter
649 955 882 1006 mtatem
909 952 1273 1025 decrepitam
1316 953 1461 1025 (jam
1502 955 1661 1009 enim
1703 958 1942 1009 centum
1985 957 2041 1007 et
2081 967 2185 1006 sex

533 1053 727 1093 annos
751 1041 998 1112 vixerat)
1027 1042 1421 1098 ministerium
1454 1058 1630 1098 suum
1661 1042 1825 1098 obire
1856 1039 2179 1114 nequibat:

535 1126 959 1196 Alexandrum,
1001 1147 1182 1202 quem
1231 1132 1516 1197 diximus,
1563 1131 1804 1188 alterius
1857 1128 2182 1202 provinciae

533 1216 910 1289 episcopum,
933 1235 1054 1275 una
1091 1235 1230 1276 cum
1253 1221 1543 1292 Narcisso,
1579 1220 1951 1292 providentia
1988 1225 2043 1274 et
2067 1218 2184 1274 dis-

533 1305 749 1377 positio
789 1307 996 1365 divina
1017 1309 1570 1382 Hierosolymitanaa
1611 1307 1883 1365 Ecclesiae
1913 1307 2178 1381 prmﬁcit,

533 1401 710 1450 noctu
743 1412 848 1468 per
865 1397 1155 1454 visionem
1172 1398 1224 1454 ei
1254 1399 1585 1469 designans
1616 1399 1839 1455 omnia.
1860 1398 2181 1464 Quaetiam

533 1483 647 1556 ille,
684 1485 858 1540 veluti
883 1487 1149 1542 divinum
1202 1488 1445 1561 aliquod
1479 1489 1790 1544 oraculum
1850 1487 2178 1560 perﬁciens.

532 1587 603 1627 ex
634 1571 767 1645 ipsa
788 1575 1190 1647 Cappadocia,
1225 1577 1325 1633 ubi
1353 1579 1768 1649 episcopatum
1787 1575 2046 1646 gerebat,
2077 1592 2180 1632 ex-

529 1660 705 1726 citus,
733 1662 1326 1737 Hierosolymitanam
1363 1666 1786 1738 profectionem
1818 1665 2176 1738 precationis

531 1765 692 1821 ergo.
726 1757 906 1825 atque
931 1758 991 1809 ut
1028 1770 1124 1810 res
1163 1754 1244 1810 ibi
1286 1762 1558 1828 peractas
1603 1760 2005 1826 cognosceret,
2051 1771 2177 1810 sus-

531 1840 705 1912 cepit.
777 1841 983 1914 Itaque
1055 1843 1258 1900 fratres
1326 1844 1775 1916 Hierosolymis,
1867 1843 2178 1900 affectione

529 1930 726 1986 amica
776 1936 832 1986 et
884 1931 1004 2003 pia,
1057 1932 1460 1989 Alexandrum
1514 1934 1762 1990 domum
1792 1934 1983 1989 redire
2013 1933 2179 2007 passi

522 2033 648 2074 non
675 2022 816 2074 sunt
848 2035 859 2073 :
894 2036 966 2075 ex
997 2020 1116 2078 alia
1148 2022 1441 2094 videlicet,
1484 2039 1620 2096 quae
1660 2023 1743 2079 eis
1783 2028 1960 2078 noctu
1991 2024 2180 2080 fuerat

526 2106 746 2177 oblata,
783 2114 840 2164 et
866 2109 1025 2166 idem
1066 2111 1242 2166 bonis
1280 2111 1363 2167 ibi
1401 2112 1684 2168 omnibus
1703 2112 2175 2178 denuntiaverat,

525 2196 906 2254 revelatione.
948 2205 1304 2272 Acceperaut
1358 2201 1558 2265 etiam,
1599 2217 1738 2257 cum
1769 2206 1936 2257 extra
1970 2207 2176 2273 portas

525 2285 769 2342 obviam
798 2287 850 2342 ei
889 2288 1133 2344 honoris
1158 2305 1270 2362 ego
1302 2292 1605 2361 progressi
1631 2289 1897 2353 fuissent,
1944 2290 2177 2346 caelitus

527 2389 760 2444 vocem,
791 2376 1089 2434 dicentem
1122 2381 1342 2444 :Quem
1393 2379 1562 2436 vobis
1594 2381 1784 2450 gratia
1827 2380 2027 2436 divina
2061 2379 2176 2434 mi-

524 2462 619 2528 sit,
641 2480 777 2556 eam
810 2465 963 2522 ultro
993 2467 1266 2556 suscipite
1304 2471 1678 2540 episcopum.
1715 2469 1892 2542 356
1935 2471 2052 2525 Hoc
2074 2468 2176 2524 ubi

527 2553 610 2608 sic
631 2552 855 2611 factum
895 2561 1000 2624 est,
1050 2552 1315 2613 ﬁnitimis
1346 2559 1642 2630 episcOpis
1690 2562 1889 2624 etiam,
1930 2559 2035 2630 qui
2069 2559 2177 2613 cir-

525 2644 824 2700 cumcirca
875 2646 1154 2702 ecclesias
1207 2648 1515 2719 regebant,
1549 2648 1946 2720 designationi
1985 2649 2036 2704 ei
2081 2664 2175 2703 ac-

525 2733 954 2804 quiescendum
988 2751 1118 2791 esse
1146 2737 1343 2792 visum
1383 2743 1489 2794 est.
1519 2738 1923 2803 Quamobrem
1959 2753 2173 2808 cogen-

527 2825 632 2887 tes,
671 2827 730 2878 ut
767 2823 1166 2891 ibimaneret,
1211 2825 1260 2880 ei
1291 2827 1701 2882 necessitatem
1735 2828 2168 2898 imposuerunt,

525 2917 825 2968 annuente
855 2913 1035 2970 etiam
1065 2915 1195 2987 ipso
1233 2915 1526 2972 Narcisso.
1569 2915 1872 2987 Ejusmodi
1904 2932 2172 2972 commu-

522 3001 616 3056 nis
663 3016 801 3056 cum
857 3003 1133 3060 Narcisso
1191 3005 1571 3076 episcopatus
1611 3005 2167 3073 administrationis,

524 3089 856 3146 Alexander
917 3108 1159 3164 quoque
1202 3093 1329 3164 ipse
1391 3094 1450 3149 in
1489 3093 1739 3166 epistola
1787 3095 1863 3150 ad
1910 3094 2168 3150 Antinoi-

523 3178 821 3251 tas(l)ab
853 3181 981 3252 ipso
1035 3182 1276 3254 scripta,
1318 3183 1474 3238 circa
1529 3183 1710 3239 finem
1763 3183 1926 3239 hisce
1975 3184 2168 3240 verbis

524 3269 792 3324 meminit
825 3286 838 3324 :
867 3291 891 3320 (ι
928 3270 1156 3327 Salutat
1201 3288 1310 3327 vos
1353 3272 1684 3338 Narcissus,
1723 3274 1826 3344 qui
1879 3279 2016 3328 ante
2073 3289 2167 3328 me

518 3355 718 3412 locum
759 3359 1142 3431 episcopatus
1169 3360 1348 3432 hujus
1388 3362 1569 3417 tenuit
1597 3379 1610 3417 :
1653 3366 1710 3417 et
1736 3378 1896 3417 nunc
1927 3362 2003 3418 ad
2030 3378 2169 3417 cen-

520 3450 646 3501 tum
685 3455 742 3502 et
779 3447 1040 3503 sedecim
1079 3464 1271 3505 annos
1312 3450 1433 3505 vita
1480 3455 1760 3516 extracta,
1794 3451 2168 3507 orationibus

523 3550 756 3591 mecum
785 3536 1099 3605 incumbit,
1133 3539 1454 3595 cohortans
1495 3556 1601 3594 vos
1628 3556 1888 3605 mecum,
1931 3547 1994 3595 ut
2021 3556 2167 3596 con-

521 3625 840 3681 sentientes
905 3626 1065 3683 idem
1127 3628 1400 3700 sapiatis.
1469 3649 1496 3681 »
1555 3629 1910 3686 Mentionem
1987 3630 2168 3685 etiam

519 3713 852 3770 Alexander
902 3717 1260 3788 Asclepiadae
1306 3717 1596 3790 facit,qui
1637 3719 1959 3774 Antiochiae
2007 3721 2170 3775 Sera-

517 3802 682 3874 pioni
715 3805 1192 3878 successit,cujus
1223 3807 1406 3878 paulo
1437 3814 1574 3863 ante
1599 3824 1841 3881 quoque
1871 3809 1932 3862 in
1955 3808 2170 3864 haeresi

525 3893 855 3948 secundum
921 3894 1184 3967 Phryges
1236 3896 1638 3952 meminimus.
1685 3897 1872 3953 Verba
1913 3898 2044 3969 ejus
2086 3897 2170 3953 sic

521 3979 1383 4040 habentzi<Alexanderservus
1417 3989 1473 4040 et
1502 3985 1736 4040 vinctus
1763 3985 1901 4040 Jesu
1935 3986 2166 4052 Christi,

519 4068 710 4126 beatae
723 4070 1226 4128 Antiochenorum
1247 4073 1509 4128 ecclesiae
1531 4074 1591 4128 in
1615 4074 1868 4129 Domino
1892 4073 2164 4130 salutem.

523 4159 737 4215 Facilia
798 4160 941 4216 mihi
992 4167 1049 4217 et
1104 4161 1258 4217 levia
1321 4163 1626 4229 Dominus,
1695 4163 1979 4219 custodias
2025 4180 2168 4221 mea:

521 4255 808 4320 tempore,
839 4249 1078 4305 vincula
1093 4249 1302 4314 effecit,
1322 4267 1460 4307 cum
1493 4251 1930 4318 intellexissem,
1948 4259 2169 4309 sanctae

521 4342 728 4393 vestrm
766 4337 1148 4394 Antiochenae
1192 4339 1457 4395 ecclesiis
1496 4341 1928 4413 episcopatum,
1961 4341 2169 4399 divina

519 4427 909 4498 providentia,
951 4427 1319 4499 Asclepiade:
1368 4436 1610 4501 propter
1661 4429 1943 4487 eximiam
1982 4430 2167 4487 ﬁdem

517 4517 781 4571 maxime
819 4516 1058 4579 idoneo,
1091 4517 1522 4574 demandatum
1551 4535 1701 4574 esse.
1734 4540 1758 4571 ν
1790 4522 1931 4576 Eam
1951 4520 2166 4593 episto~

516 4604 640 4660 lam
679 4621 784 4677 per
807 4605 1190 4671 Clementem,
1230 4623 1410 4679 quem
1443 4608 1623 4679 etigm
1655 4609 2060 4675 commendat,
2104 4625 2166 4666 se

520 4695 598 4749 ad
623 4710 724 4750 eos
764 4696 1010 4764 mittere,
1036 4695 1199 4750 hisce
1254 4697 1450 4751 verbis
1508 4697 1731 4754 indicat
1773 4715 1787 4753 :
1837 4717 1865 4750 «
1925 4699 2165 4754 Litteras

516 4783 721 4849 hasce,
764 4783 990 4839 domini
1024 4785 1354 4856 fratresque
1384 4786 1518 4850 mei,
1553 4788 1630 4841 ad
1663 4803 1772 4841 vos
1823 4788 1976 4853 misi,
2027 4803 2165 4843 cum

519 4872 816 4930 Clemente
847 4873 1195 4945 presbytero
1231 4874 1596 4942 beatissimo,
1635 4876 1852 4947 insigni
1879 4883 2167 4950 spectata-

517 4977 635 5033 que
659 4961 870 5017 virtute
896 4962 1144 5034 praedito
1183 4962 1326 5029 viro,
1360 4979 1541 5036 quem
1561 4981 1666 5020 vos
1689 4967 1961 5034 novistis,
1987 4973 2165 5038 atque

518 5051 695 5107 etiam
726 5052 986 5123 amplius
1030 5054 1423 5122 cognoscetis.
1455 5053 1508 5108 Is
1546 5071 1684 5110 cum
1724 5055 1821 5110 hic
1852 5061 2023 5121 esset,
2065 5071 2167 5126 per

518 5141 958 5212 providentiam
984 5147 1040 5195 et
1069 5142 1465 5197 visitationem
1507 5144 1760 5210 Domini,
1793 5145 2168 5201 conﬁrmavit

519 5236 698 5302 atque
724 5231 887 5286 auxit
915 5230 1233 5286 Ecclesiam
1277 5231 1394 5286 Dei.
1439 5252 1467 5284 »
1497 5233 1658 5288 Idem
1693 5235 2000 5290 Clementis
2019 5249 2166 5306 quo-

519 5334 636 5390 que
663 5324 719 5375 et
780 5319 1066 5386 Pantaeni,
1097 5326 1159 5376 ut
1210 5319 1591 5378 familiarium
1632 5323 1742 5378 sibi
1780 5325 2066 5390 virorum,
2105 5324 2165 5379 in

1812 288 2202 348 NICEPHORI
2229 283 2562 346 5CALLISTI

3707 292 3804 348 1088

2223 419 2271 471 Λ
2306 430 2432 473 σεως
2500 414 2672 483 φανεὶς
2724 409 3047 484 Νάρκισσος,
3101 415 3201 461 τῶν
3265 405 3492 483 ἀδελφῶν
3555 415 3614 474 ὡς
3654 413 3817 469 πλιῖστε

2302 498 2630 574 βιασαμένων
2691 502 2775 552 ἐπὶ
2849 504 2940 559 τὴν
3020 507 3111 559 τῆς
3184 499 3494 562 Ἐκκλησίας
3558 511 3817 575 προστασίαν

2302 589 2578 646 ἀνέϐαινεν.
2627 587 2934 660 Ἐπιμᾶλλόν
2987 607 3040 640 τε
3087 584 3148 646 ἧν
3197 585 3470 661 αἰδέσιμος
3521 598 3608 652 τῆς
3651 591 3688 644 τ’
3733 593 3817 646 ἀνα.

2299 685 2588 754 χωρήσεως
2656 683 2746 732 καὶ
2811 677 3132 751 φιλοσοφίας,
3193 682 3280 730 καὶ
3349 683 3475 752 πρὸς
3529 679 3678 742 ἄλλοις
3719 684 3820 735 πλεί.

2301 789 2447 831 στοις
2494 775 2774 843 χρηστοῖς,
2823 768 2901 829 οἷς
2950 771 3040 819 καὶ
3093 770 3223 842 πρὸς
3274 774 3408 821 Θεοῦ
3438 771 3520 820 ἐπὶ
3551 777 3647 832 τοῖς
3686 769 3823 830 ἀλιτη-

2296 863 2432 933 ρίοις
2479 861 2687 919 ἐκείνοις
2733 860 2981 918 τοιαύτης
3012 852 3168 918 δίκης
3223 856 3436 920 ἠξίωτο,
3491 863 3574 910 καὶ
3623 866 3758 912 ταῦτα
3781 858 3824 913 δε

2295 953 2368 1020 μὴ
2418 953 2616 1020 παρών.
2669 947 2804 1000 Ἐπεὶ
2858 943 2918 998 δὲ
2959 950 3134 1020 χρόνῳ
3188 941 3283 998 διὰ
3326 946 3538 1019 λιπαρὸν
3581 956 3729 1023 γῆρας
3765 950 3825 1022 (ς’

2295 1038 2397 1109 γὰρ
2445 1040 2570 1108 πρὸς
2617 1043 2726 1098 τοῖς
2777 1035 2955 1088 ἐκατόν
3011 1037 3097 1092 ἔτη
3133 1031 3168 1087 δ
3174 1034 3421 1107 ιέξησεν),
3450 1035 3551 1106 οὐχ
3578 1037 3672 1098 οἶός
3696 1056 3741 1089 τι
3781 1034 3824 1095 ἦν

2294 1125 2627 1200 λειτουργεῖν,
2705 1127 2792 1177 τόν
2898 1124 3160 1200 εἰρημένον
3273 1121 3601 1200 Ἀλέξανδρον
3692 1126 3825 1200 ἐτέρας

2295 1214 2554 1288 ἐπαρχίας
2615 1217 2895 1267 ἐπίσκοπον
2943 1217 3086 1278 ὄντα,
3147 1215 3258 1266 θεία
3317 1233 3396 1276 τις
3456 1214 3704 1286 οἰκονομία
3745 1217 3826 1287 ιὶμε

2293 1309 2584 1376 Ναρκίσσῳ
2659 1302 2743 1355 ἐπὶ
2818 1307 2913 1361 τὴν
2997 1309 3089 1363 τῆς
3166 1301 3481 1364 Ἐκκλησίας
3545 1302 3822 1378 Ἰερουσαλὴμ

2294 1393 2452 1446 εἷλκεν
2500 1392 2834 1457 ἐπιστασίαν,
2909 1393 3108 1466 νύκτωρ
3179 1390 3320 1462 αύτῷ
3392 1394 3558 1444 πάντα
3635 1412 3823 1464 καταμηο

2292 1484 2507 1536 νύουσα.
2540 1483 2716 1553 Ταύτῃ
2766 1501 2848 1534 τοι
2892 1485 2982 1533 καὶ
3031 1483 3098 1543 ὧς
3147 1500 3264 1533 τινα
3319 1483 3451 1533 θεῖον
3493 1484 3718 1556 χρησμὸν
3765 1481 3821 1533 Ez-

2292 1571 2464 1638 τελῶν,
2530 1569 2586 1622 ἐκ
2637 1579 2729 1631 τῆς
2783 1567 3149 1624 Καππαδόκων
3207 1569 3433 1642 ἀπάρας,
3487 1568 3534 1621 ἐν
3575 1571 3604 1642 ᾖ
3649 1576 3723 1622 καὶ
3754 1576 3821 1628 τὴν

2291 1659 2581 1718 ἐπισκοπὴν
2627 1657 2762 1732 εἶχε,
2813 1667 2909 1720 τῆς
2960 1660 3045 1713 ἐπὶ
3072 1663 3138 1712 τὰ
3181 1658 3516 1735 Ἱεροσόλυμα
3569 1658 3714 1732 εὐχῆς
3747 1661 3819 1731 χοὶ-

2215 1769 2252 1823 Β
2287 1769 2370 1824 ριν
2423 1754 2513 1802 καὶ
2561 1751 2796 1824 ἱστορίας
2875 1757 2972 1802 τῶν
3051 1748 3214 1802 ἐκεῖσε
3290 1751 3438 1824 ἱερῶς
3514 1753 3820 1821 πεπραγμένων

2291 1841 2496 1898 ἧπτετο.
2547 1841 2609 1892 Οἱ
2666 1844 2836 1891 τοίνυν
2877 1839 3042 1892 ἐκεῖσε
3093 1835 3309 1911 ἀδελφοὶ
3366 1837 3666 1910 φιλοφρόνως
3692 1833 3822 1889 διατι-

2292 1930 2475 1993 θέντες,
2558 1929 2729 1981 ούκέτι
2809 1933 2898 1980 καὶ
2981 1935 3073 1988 τῆς
3155 1922 3339 1979 οἶκαδε
3413 1926 3560 1979 πάλιν
3603 1925 3818 1999 ἐπέτρεπον

2287 2017 2563 2084 ἅπτεσθαι,
2611 2017 2728 2069 καθ’
2781 2017 2952 2091 ἑτέραν
3006 2013 3216 2076 δηλαδὴ
3275 2015 3617 2087 ἀποκάλυψιν,
3663 2017 3816 2087 νύκτωρ

2289 2103 2357 2165 δὴ
2403 2111 2492 2159 καὶ
2551 2106 2726 2168 αὐτοῖς
2753 2106 3016 2179 ὀφθεῖσαν,
3069 2110 3158 2159 καὶ
3187 2110 3348 2160 ταυτό
3397 2111 3526 2158 πᾶσι
3562 2112 3655 2164 τοῖς
3697 2107 3818 2156 ἐκεῖσε

2290 2192 2604 2258 σπουδαίοις
2631 2202 2920 2270 χρήσασαν
2953 2217 2964 2228 ·
3013 2195 3152 2268 ἔλεγε
3183 2194 3242 2248 δε
3286 2198 3316 2255 ἡ
3361 2195 3499 2266 ὄψις,
3539 2193 3626 2256 ἔξω
3666 2197 3817 2265 γινομέ-

2285 2303 2400 2345 νους
2455 2284 2646 2350 πυλῶν,
2717 2288 2823 2351 τόν,
2901 2285 2953 2337 ὃν
3013 2286 3043 2344 ἡ
3122 2286 3281 2359 χάρις
3360 2286 3628 2337 ἐπίσκοπον
3688 2282 3816 2341 αὐτοῖς

2285 2375 2522 2447 ἔπεμπεν,
2583 2372 2966 2448 ὑποδέχεσθαι.
3045 2381 3208 2428 Τοῦτο
3278 2378 3563 2446 γενόμενον,
3614 2376 3690 2423 καὶ
3739 2377 3815 2430 τοῖς

2274 2465 2490 2538 ¹ὁμόροις
2535 2473 2633 2517 τῶν
2684 2467 2982 2517 ἐπισκόπων
3037 2463 3085 2517 οἳ
3135 2466 3227 2526 τὰς
3281 2463 3438 2536 πέριξ
3480 2460 3661 2515 διεῖπον
3685 2459 3811 2517 ἐκκλη-

2288 2557 2427 2620 σίας,
2483 2549 2592 2606 δεῖν
2644 2558 2871 2629 στέργειν
2913 2553 3202 2626 λελόγιστο.
3256 2554 3364 2608 Καὶ
3414 2559 3661 2624 προσῆγον
3697 2549 3808 2619 ἀνέγ-

2282 2662 2400 2710 κην,
2459 2648 2548 2696 καὶ
2602 2645 2723 2717 παρ’
2782 2643 2962 2706 αὐτοῖς
3015 2647 3181 2715 μένειν
3241 2641 3628 2705 κατεϐιάσαντο,
3655 2658 3807 2692 συνεπι-

2281 2734 2512 2795 νεύοντος
2583 2733 2761 2794 αύτοῖς
2833 2737 2923 2786 καὶ
2984 2737 3317 2808 Ναρκίσσου.
3386 2739 3489 2792 Τῆς
3531 2727 3585 2784 δι
3627 2731 3805 2786 τοιαύτης

2283 2825 2490 2895 σύναμα
2562 2827 2849 2895 Ναρκίσσῳ
2916 2819 3194 2897 προεδρίας
3249 2827 3341 2875 καὶ
3399 2821 3550 2882 αὐτός
3595 2831 3676 2873 πον
3716 2835 3800 2890 μνι-

2279 2915 2480 2985 μονεύει
2534 2909 2872 2985 Ἀλέξανδρος
2924 2911 2972 2964 ἐν
3027 2919 3087 2986 τῇ
3161 2914 3292 2986 πρὸς
3352 2911 3658 2969 Ἀντινοῖτας
3705 2907 3791 2974 τλτῖῖ

2277 3007 2533 3078 γραφείσῃ
2595 3002 2867 3075 ἐπιστολῇ,
2926 3004 3057 3075 πρὸς
3116 3008 3188 3073 τῷ
3238 2999 3375 3054 τελει
3442 3008 3532 3053 τοῦ
3575 3000 3783 3072 visam;

2277 3088 2406 3144 τάδε
2442 3093 2576 3144 κατὰ
2621 3093 2769 3166 ῥῆμα
2817 3087 2852 3143 δ
2859 3091 3022 3154 ιεξιών
3057 3112 3069 3124 ·
3128 3112 3156 3140 ‹‹
3190 3089 3521 3151 Ἀσπάζεται

2276 3199 2461 3242 κισσος
2511 3182 2536 3232 ὁ
2591 3184 2691 3253 πρὸ
2767 3183 2891 3253 ἐμοῦ
2946 3176 3137 3232 διέπων
3189 3182 3276 3231 τόν
3345 3184 3505 3232 τόπον
3559 3186 3641 3238 τῆς
3670 3167 3785 3225 ἑνῢάὸί

2276 3269 2588 3332 ἐπισκοπῆς,
2642 3274 2731 3322 καὶ
2778 3276 2866 3321 νῦν
2921 3268 3387 3342 συνεξεταζόμενός
3459 3288 3548 3341 μοι
3611 3262 3684 3318 διὰ
3727 3267 3791 3312 riu

2278 3359 2468 3432 εὐχῶν,
2551 3359 2730 3412 ἑκατὸν
2799 3355 2928 3412 δέκα
2979 3359 3033 3421 ἓξ
3097 3361 3184 3416 ἔτη
3245 3359 3452 3420 ὴνυκώς
3495 3374 3508 3387 ’
3569 3349 3797 3428 παρακιλῶ

2279 3450 2415 3521 ὑμᾶς
2471 3449 2660 3522 ὁμοίως
2705 3449 2820 3521 ἐμοὶ
2872 3449 3253 3521 ὁμοφρονῆσαι.
3290 3470 3318 3502 ››
3375 3448 3635 3520 Μέμνηται
3669 3439 3713 3494 δε
3742 3442 3801 3489 καὶ

2279 3535 2680 3596 Ἀσκληπιάδου
2747 3534 3085 3614 Ἀλέξανδρος
3156 3538 3206 3598 ὃς
3271 3539 3319 3589 ἐν
3381 3537 3664 3607 Ἀντιοχείᾳ
3699 3537 3803 3599 Erpu-

2279 3632 2448 3680 πίωνα
2514 3623 2800 3694 διεδέξατο,
2869 3627 2932 3678 οὗ
2991 3635 3162 3700 μικρῷ
3241 3627 3469 3700 πρόσθεν
3526 3625 3570 3675 ἐν
3615 3629 3664 3693 τῇ
3709 3616 3805 3668 κατὰ

2281 3720 2488 3792 Φρύγας
2537 3719 2734 3790 αἱρέσει
2784 3720 2961 3789 μνείαν
3037 3719 3353 3788 πεποίημαι,
3413 3715 3611 3787 γράφων
3654 3708 3802 3764 οὕτως·

2281 3827 2310 3859 ι(
2343 3804 2683 3880 Ἀλέξανδρος
2731 3807 2755 3857 ό
2803 3802 2988 3867 δοῦλος
3033 3810 3122 3857 καὶ
3172 3801 3395 3877 δέσμιος
3440 3808 3605 3860 Ἰησοῦ
3632 3797 3804 3869 Χριστοῦ

2278 3903 2341 3968 τῇ
2385 3899 2622 3968 μακαρίᾳ
2671 3895 2986 3967 Ἀντιοχέων
3021 3893 3312 3966 Ἐκκλησία
3361 3891 3412 3945 ἐν
3445 3895 3607 3967 Κυρίῳ
3631 3889 3802 3960 χαίρειν-

2275 3985 2506 4058 νΕλαφρά
2553 4004 2642 4058 μοι
2693 3989 2781 4036 καὶ
2833 3991 3003 4056 κοῦφα
3050 3985 3115 4035 τὰ
3149 3979 3325 4055 δεσμὰ
3377 3984 3404 4034 ό
3456 3983 3628 4055 Κύριος
3647 3977 3804 4029 ἐποίησε

2277 4077 2414 4127 κατὰ
2461 4074 2547 4127 τόν
2597 4077 2779 4149 καιρὸν
2835 4082 2926 4136 τῆς
2975 4075 3203 4146 εἱρκτῆς,
3259 4073 3530 4145 πυθομένῳ
3567 4076 3648 4128 τῆς
3692 4063 3803 4133 ἁγίας

2278 4165 2420 4236 ὑμῶν
2478 4171 2577 4215 τῶν
2649 4163 2960 4234 Ἀντιοχέων
3014 4160 3327 4221 Ἐκκλησίας
3381 4161 3515 4212 κατὰ
3565 4160 3646 4214 τὴν
3702 4153 3800 4203 θείαν

2276 4257 2541 4328 πρόνοιαν,
2622 4248 3025 4310 Ἀσκληπιάδην
3090 4254 3176 4303 τόν
3255 4247 3659 4308 ἐπιτηδειότατον
3717 4237 3801 4290 κατ’

2278 4341 2427 4406 ἀξίαν
2460 4349 2553 4405 τῆς
2597 4346 2822 4402 πίστεως
2865 4344 2958 4400 τὴν
3009 4338 3293 4398 ἐπισκοπὴν
3323 4337 3731 4411 ἐγκεχειρισμένον
3756 4345 3793 4378 ιιι

2201 4470 2245 4525 D
2275 4434 2481 4490 Ταύτην
2545 4427 2603 4484 δὲ
2658 4434 2747 4483 καὶ
2792 4426 2887 4482 διὰ
2955 4429 3243 4501 Κλήμεντος
3315 4434 3531 4502 πέμπειν
3582 4417 3798 4490 ἐπισημαί-

2275 4541 2435 4586 νεται,
2488 4522 2542 4573 ὃν
2589 4523 2677 4572 καὶ
2731 4525 3038 4584 συνίστησι,
3118 4526 3282 4572 ταῦτα
3357 4518 3513 4592 λέγων
3543 4533 3556 4546 ο
3607 4531 3631 4564 (ί
3678 4509 3790 4592 Ὑμῖν

2203 3114 2242 3169 C

2275 4614 2448 4686 κύριοί
2511 4629 2611 4680 μου
2665 4605 2898 4682 ἀδελφοὶ,
2957 4611 3023 4661 τὰ
3079 4610 3368 4681 γράμματα
3438 4591 3789 4691 ἀπέστειλα

2277 4681 2572 4771 Κλήμεντος
2617 4705 2706 4750 τοῦ
2762 4681 3164 4770 μακαριωτάτου
3242 4695 3607 4773 πρεσϐυτέρου,
3656 4681 3786 4755 ἀνδρὸς

2223 4820 2227 4824 ~
2275 4787 2510 4864 ἐναρέτου
2558 4793 2647 4840 καὶ
2697 4784 2920 4854 δοκίμου
2954 4804 2967 4817 '
3009 4788 3063 4839 ὃν
3124 4790 3239 4840 ῖστε
3295 4792 3384 4840 καὶ
3435 4784 3574 4858 ὑμεῖς
3619 4781 3692 4830 καὶ
3719 4776 3790 4824 ἐτι-

2274 4879 2538 4951 γνώσεσθε
2574 4894 2589 4909 ⁶
2629 4879 2683 4939 ὃς
2720 4883 2809 4930 καὶ
2840 4873 3021 4930 ἐνθάδε
3072 4881 3272 4950 παρὼν,
3312 4879 3444 4929 κατὰ
3487 4877 3574 4932 τὴν
3616 4870 3792 4958 πράνοωῖ

2276 4964 2365 5020 καί
2421 4967 2711 5026 ἐπισκοπὴν
2786 4974 2876 5019 τοῦ
2951 4962 3233 5031 δεσπότου,
3309 4961 3609 5037 ἐπεστήριξέ
3657 4973 3699 5007 τε
3734 4965 3794 5000 κίί

2277 5055 2475 5119 ηὔξησε
2530 5061 2623 5115 τὴν
2707 5063 2798 5107 τοῦ
2855 5063 2988 5110 Θεοῦ
3039 5055 3374 5114 Ἐκκλησίαν.
3408 5074 3436 5106 ν
3487 5052 3542 5104 '0
3593 5045 3638 5100 δ’
3683 5039 3794 5094 αὐτὸς

2277 5151 2366 5198 καὶ
2425 5145 2718 5218 Κλόμεντος
2762 5150 2852 5198 καὶ
2904 5153 3192 5198 Πανταινου
3251 5147 3300 5198 ἓν
3327 5163 3426 5197 τινι
3481 5143 3600 5214 πρὸς
3647 5136 3794 5202 Ὠρεῖτ-

2276 5254 2367 5292 νην
2419 5235 2665 5308 ἐπιστολῇ
2724 5236 3027 5307 μνημονεύει
3103 5237 3172 5296 ὡς
3236 5237 3503 5307 γνωρίμων
3553 5230 3675 5293 αὐτῷ
3725 5221 3792 5313 τεξτ

2278 5321 2500 5399 ἀνδρῶν,
2553 5323 2710 5395 λέγων
2740 5341 2751 5354 ’
2810 5330 3033 5377 «Τοῦτο
3091 5325 3194 5396 γὰρ
3249 5323 3442 5396 θέλημα
3495 5322 3635 5379 Θεοῦ,
3661 5314 3715 5367 ὡς
3737 5323 3789 5355 οι·

593 5480 669 5550 (t)
695 5482 1004 5548 Antinous,
1043 5482 1317 5549 Ἀντίνοος,
1349 5482 1584 5555 ιιΕεγριὶ
1626 5485 1788 5551 urbs,
1823 5484 1882 5540 in
1935 5485 2229 5544 honorem
2265 5485 2528 5551 Antinoi,
2557 5489 2616 5542 ut
2637 5499 2821 5558 supra
2848 5484 3075 5542 dictum
3105 5489 3213 5549 est.
3244 5483 3322 5542 ab
3352 5480 3598 5540 Adriano
3621 5474 3786 5540 imper-

525 5569 786 5628 condita.
817 5573 1073 5630 Vocatur
1102 5572 1282 5630 etiam
1313 5573 1620 5641 Antinoia,
1643 5577 1700 5630 et
1721 5573 2157 5648 Adrianopolis.
