4036 6288
195 259 337 317 1089
1294 257 1789 316 ECCLESIASTIC

1958 257 2264 315 ISTOBIE
2304 260 2434 316 LIB.
2477 261 2543 316 V.
3416 269 3552 325 1090

193 380 310 449 δας,
370 386 591 456 γέγονεν,
638 385 724 436 ἶνα
761 383 791 442 ἦ
847 381 947 436 ἆπὸ
1004 381 1266 458 πρόγὸνων
1315 385 1440 456 ἡμῖν
1481 383 1626 457 φιλία
1663 388 1785 457 μείνῃ

1959 384 2153 440 iistola
2171 385 2247 442 ad
2279 387 2591 455 Origenem
2620 388 2908 455 meminit,
2928 389 3008 446 ita
3029 392 3294 448 scribens
3324 411 3337 450 :
3368 415 3392 446 (ι
3417 396 3553 454 Haec

190 473 401 538 ἄσυλος,
469 472 660 546 μᾶλλον
718 471 777 526 δὲ
839 476 1120 548 θερμοτέρα
1271 477 1359 526 καὶ
1440 471 1744 548 βεϐαιοτέρα
1773 493 1784 504 ·

1961 469 2060 530 lim
2099 474 2376 530 voluntas
2413 477 2529 544 Dei,
2564 482 2625 532 ut
2657 477 2793 543 scis,
2826 479 2952 545 fuit,
2987 485 3049 536 ut
3087 498 3223 554 qua;
3250 499 3286 539 a
3317 485 3555 556 majori-

191 566 421 636 πατέρας
480 565 582 636 γὰρ
638 566 790 635 ἴσμεν
841 566 960 625 τοὺς
1017 567 1302 637 μακαρίους
1353 567 1469 624 τοὺς
1522 560 1785 635 προσδεό-

1960 580 2014 617 JS
2052 564 2268 618 nostris
2310 563 2388 619 ad
2421 579 2530 620 nos
2570 569 2840 638 pervenit
2868 570 3149 636 amicitia,
3187 579 3349 628 sarta
3381 579 3554 638 tecta,

196 671 389 713 σαντας
418 667 431 681 ⁸
482 655 610 725 πρὸς
655 651 744 714 οὖς
789 651 896 723 μετ’
955 651 1126 722 ὀλίγον
1184 653 1445 724 ἐσόμεθα·
1507 655 1790 706 Πάνταινον

1962 669 2006 706 ιι]
2040 653 2236 724 potius
2283 652 2599 710 ferventior
2637 655 2984 730 ﬁrmiorque
3029 666 3200 716 esset.
3242 662 3438 719 Patres
3475 666 3556 720 si-

194 744 283 793 τόν
329 742 584 814 μακάριον
623 743 689 802 ὡς
739 740 944 804 ἀληθῶς
985 745 1075 793 καὶ
1131 744 1310 815 κύριον
1351 759 1366 774 ο
1416 745 1618 794 καὶτὸν
1660 744 1788 814 ἱερὸν

1959 741 2144 796 iidem
2176 742 2560 809 agnoscimus
2595 743 2800 800 beatos
2831 745 2983 812 illos,
3015 751 3116 820 qui
3145 765 3257 806 noe
3300 767 3553 822 praeces-

196 829 489 902 Κλήμεντα,
564 833 742 902 κύριόν
797 850 898 902 μου
964 835 1230 903 γενόμενον
1285 835 1375 883 καὶ
1456 831 1790 902 ὠφελήσαντα

1960 836 2124 895 :runt,
2148 830 2303 886 viros
2332 847 2345 885 ;
2377 847 2513 886 cum
2540 833 2762 904 quibus
2787 851 2896 890 nos
2924 836 3085 893 brevi
3107 838 3286 896 futuri
3318 858 3554 899 sumus.

193 936 298 992 με·
349 924 437 972 καὶ
474 922 520 972 εἴ
573 939 656 982 τις
703 923 867 994 ἔτερος
918 927 1171 982 τοιοῦτος.
1220 922 1293 975 Δι’
1333 921 1400 972 ὧν
1451 939 1508 972 σε
1537 922 1787 992 ἐγνωρισα

1959 924 2249 975 iuuenum
2281 919 2434 984 dico,
2461 920 2627 975 illum
2661 938 2794 978 vere
2830 923 3073 981 beatum
3102 933 3154 982 et
3185 927 3494 986 dominum
3540 951 3553 988 :

191 1012 284 1062 τὸν
331 1011 466 1061 κατά
519 1011 687 1062 πάντα
728 1010 941 1083 ἄριστον
989 1014 1078 1062 καὶ
1122 1013 1299 1083 κύριόν
1351 1029 1452 1081 μου
1502 1015 1591 1061 καὶ
1645 1006 1785 1061 ἁδελ-

2019 1023 2258 1064 sacrum
2302 1007 2660 1066 Clementem
2692 1011 3009 1069 dominum
3049 1032 3272 1084 meum,
3305 1025 3361 1074 et
3405 1020 3557 1078 bene

195 1102 306 1170 φόν.
366 1118 395 1147 ›)
449 1100 639 1170 Γράφει
692 1094 751 1150 δε
800 1103 888 1150 καὶ
947 1102 1077 1172 πρὸς
1115 1100 1403 1170 Ἀντιοχεῖς
1455 1098 1626 1171 ἑτέραν
1685 1097 1789 1150 ἑπι-

1965 1112 1978 1152 ξ
2009 1113 2105 1152 me
2144 1098 2420 1153 meritum
2455 1115 2469 1152 :
2511 1102 2570 1154 et
2599 1100 2648 1155 si
2686 1101 2820 1173 quis
2861 1109 3146 1175 praeterea
3193 1106 3299 1164 fuit
3330 1109 3559 1180 ejusce-

198 1185 385 1244 στολήν
416 1205 429 1218 ·
464 1186 523 1239 οὐ
574 1191 678 1258 μὴν
722 1185 850 1238 ἀλλὰ
900 1193 989 1239 καὶ
1028 1190 1156 1261 πρὸς
1207 1187 1473 1260 Ὠριγένην
1512 1192 1602 1240 καὶ
1667 1189 1791 1255 ὑπερ

1969 1185 2090 1251 odi,
2128 1201 2234 1257 per
2262 1202 2418 1259 quos
2468 1193 2520 1242 te
2559 1190 2840 1246 omnibus
2881 1193 3075 1248 modis
3114 1197 3412 1268 Optimum
3451 1199 3558 1256 do-

193 1275 493 1348 ⁹Ωριγένόυς
555 1277 692 1327 κατὰ
752 1280 1051 1350 Δημητρίου
1083 1291 1097 1306 ⁸
1164 1276 1244 1328 ὃτι
1309 1283 1787 1350 προσμαουροῦντος

1963 1275 2138 1331 inum
2220 1280 2277 1330 et
2333 1275 2572 1332 fratrem
2625 1294 2826 1335 meum
2891 1285 3167 1352 cognovi.
3229 1307 3258 1334 π
3310 1286 3557 1360 Scripsit

194 1369 492 1438 Δημητρίου
564 1365 904 1439 πρεσϐύτερον
980 1365 1134 1419 αὐτὸν
1201 1369 1611 1439 ἑχειροτόνησεν.
1695 1371 1788 1419 Καὶ

1959 1379 2147 1436 noque
2187 1363 2365 1420 aliam
2419 1365 2494 1422 ad
2545 1368 2945 1424 Antiochenos
2997 1374 3331 1443 epistolam,
3373 1379 3553 1434 aliam

193 1454 346 1506 ἄλλαι
397 1450 457 1506 δε
503 1453 663 1507 αὐτοῦ
719 1459 848 1528 πρὸς
901 1451 1180 1530 διαφόρους
1226 1455 1496 1508 ἐπιστολαὶ
1536 1458 1787 1528 φέρονται.

1967 1453 2114 1508 .dem
2144 1453 2223 1508 ad
2263 1454 2599 1524 Origenem,
2628 1461 2686 1510 et
2724 1474 2964 1516 rursum
2995 1461 3174 1518 aliam
3219 1471 3426 1522 contra
3459 1471 3561 1523 De-

194 1550 280 1614 Τῷ
336 1539 387 1595 δ’
439 1539 644 1614 ἑϐδόμῳ
697 1547 874 1596 Δεκίου
936 1541 1158 1616 διωγμῷ
1208 1539 1358 1606 αὖθις
1408 1550 1519 1606 τοῖς
1560 1546 1788 1615 ἡγεμονι-

1963 1543 2185 1598 ietrium
2217 1558 2326 1614 pro
2367 1544 2652 1614 Origene;
2697 1547 2868 1620 357
2915 1551 3076 1620 quod
3120 1552 3388 1611 videlicet
3438 1557 3557 1612 Ori-

197 1640 306 1692 κοῖς
369 1635 644 1706 παραστὰς
688 1630 1071 1706 δικαστηρίοις,
1136 1630 1468 1706 Ἀλέξανδρος
1524 1630 1791 1706 στνεδρίου

1964 1647 2143 1697 mem,
2187 1631 2484 1688 Demetrio
2536 1634 2766 1691 bonum
2807 1637 2859 1691 ei
2901 1640 3247 1708 perhibente
3299 1646 3558 1701 testimo-

199 1729 462 1794 πεῖρυται,
544 1729 713 1793 σεμνῷ
806 1727 950 1796 γήρᾳ
1030 1743 1120 1775 και
1192 1721 1394 1796 λιπαρῷ
1476 1719 1793 1794 διαπρέπων,

1958 1719 2098 1785 ium,
2129 1720 2545 1790 presbyterum
2600 1725 2826 1780 crearit.
2861 1725 2970 1780 Sed
3023 1734 3077 1783 et
3127 1730 3256 1784 aliae
3289 1733 3417 1802 ejus
3475 1735 3552 1790 ad

200 1789 388 1882 ἀχθεὶς
419 1810 488 1872 εἰς
521 1789 835 1883 Καισάρειαν
871 1789 890 1843 ’-
926 1789 1046 1864 ῖνθα
1091 1789 1330 1884 χρόνιος.
1351 1789 1684 1886 καθειρχθεὶς
1713 1815 1794 1863 τὸν

1959 1809 2056 1864 lios
2119 1809 2614 1866 circumferuntur
2665 1814 2948 1884 epistolae.
3012 1817 3072 1873 In
3145 1789 3553 1889 persecutione

200 1897 236 1953 δ
241 1902 296 1952 ιὰ
324 1903 613 1974 μαρτυρίου
647 1903 890 1972 στέφανον
920 1899 1265 1972 ἀπηνέγκατο.

1967 1903 2112 1952 item
2162 1898 2414 1970 septima
2463 1900 2574 1955 sub
2605 1901 2800 1968 Decio,
2843 1904 3177 1962 Alexander
3205 1925 3438 1966 rursum
3483 1914 3561 1968 ad

194 1988 474 2062 praesidis
507 1979 825 2060 productus
857 1990 1136 2057 tribunal,
1166 2004 1413 2046 causam
1439 1989 1694 2045 dicendo
1725 1988 1931 2060 judicii
1963 1987 2291 2058 periculum
2315 1989 2512 2055 subiit,
2542 1992 2708 2062 gravi
2740 1999 2796 2047 et
2824 2009 3008 2065 prope
3048 1996 3351 2070 decrepita
3390 2017 3562 2059 sene-

199 2082 356 2134 ctute
385 2077 805 2136 venerandus:
833 2079 1284 2151 Caesareamque
1309 2077 1546 2143 ductus,
1573 2081 1753 2151 atque
1785 2076 1867 2132 ibi
1899 2075 2252 2147 aliquandiu
2278 2079 2336 2133 in
2370 2093 2604 2135 carcere
2637 2086 2930 2150 servatus,
2967 2100 3254 2143 coronam
3289 2092 3555 2164 martyrii

195 2167 546 2240 reportavit,

1820 435 1866 487 A

811 2302 1034 2356 ΚΕΦΑΛ
1049 2342 1060 2355 .
1104 2299 1211 2356 IA'.

2560 2303 2786 2361 CAPUT
2825 2307 2914 2362 XI.

203 2433 246 2480 Π
263 2446 286 2479 ε
297 2431 362 2499 ρὶ
413 2434 484 2485 τῆ
505 2447 526 2488 ς
577 2426 638 2508 ᾭ
649 2445 678 2500 ρ
695 2429 908 2508 ιγένου
925 2446 953 2508 ς,
996 2445 1016 2478 ε
1031 2426 1104 2508 ii
1125 2445 1158 2508 ς
1173 2428 1205 2477 ἁ
1223 2445 1269 2508 ς.
1292 2431 1329 2508 ξ
1339 2445 1367 2496 ρ
1382 2445 1459 2496 αφ
1475 2427 1508 2476 ὰ
1523 2445 1544 2484 ς
1562 2497 1574 2508 _
1595 2423 1664 2476 ἐπ
1679 2421 1746 2508 ιδ
1758 2427 1808 2508 6:
1916 2422 2000 2479 De
2012 2424 2286 2508 Ouig‘ems
2298 2425 2361 2508 in
2373 2429 2559 2508 εᾳρζὶε
2574 2429 2808 2508 [fateris
2820 2433 3112 2501 profectu,
3129 2436 3558 2508 etdesextupla

276 2495 457 2572 σεως·
513 2495 824 2572 καῖ’περὲὶ
881 2507 998 2548 τῶν
1055 2495 1368 2559 Ἑξαπλῶν
1433 2495 1574 2570 παρ’
1635 2496 1806 2566 αὐτῷ

2103 2495 2176 2552 ab
2207 2511 2270 2553 eo
2298 2497 2454 2554 dicta
2482 2495 2936 2568 Scripturarum'
2957 2495 3368 2565 translatione.

275 2570 639 2643 λεγομένων
693 2565 1034 2624 ἐκδόσεων.

281 2701 365 2764 Τῷ
420 2691 471 2747 δ’
527 2694 779 2767 Ὠριγένει
828 2697 954 2766 ἔρως
1015 2695 1310 2758 ἐνσκήπτει,
1370 2696 1650 2766 Ζεφυρίνου
1714 2700 1810 2754 τῆς

1991 2692 2225 2762 Origeni
2257 2698 2454 2750 autem
2487 2697 2768 2752 Romanae
2818 2699 2982 2756 urbis
3013 2702 3297 2771 visendas,
3325 2723 3461 2764 cum
3484 2709 3567 2766 ibi

213 2780 524 2844 Ἐκκλησίας
589 2787 900 2855 ηγουμένου,
964 2787 1059 2841 τὴν
1118 2781 1381 2855 Ῥωμαίων
1443 2781 1589 2834 πολιν
1657 2777 1807 2838 ἰδεῖν.

1969 2782 2288 2854 ephyrinus
2347 2784 2663 2841 Ecclesiam
2728 2795 2974 2857 regeret,
3035 2794 3254 2865 cupido
3302 2796 3563 2854 incessit.

219 2876 476 2944 Γενόμενος
521 2869 581 2924 δὲ
618 2877 708 2924 καὶ
761 2872 819 2924 οὗ
870 2871 999 2924 πολὺ
1033 2875 1228 2943 χρόνου
1277 2869 1438 2924 ἐκεῖσε
1493 2876 1811 2945 μεμενηκὼς,

1975 2871 2034 2927 bi
2079 2888 2215 2926 cum
2253 2889 2373 2928 non
2406 2873 2485 2929 ita
2525 2874 2627 2929 diu
2661 2879 2998 2946 mansisset,
3033 2887 3086 2936 et
3128 2883 3265 2939 inde
3318 2886 3567 2944 Alexan-

212 2959 263 3022 ἇς
327 2942 420 3020 τὴν
501 2957 844 3036 Ἀλεξάνδρου
903 2942 1360 3027 αὖθιςγέπάνεισι,
1415 2964 1504 3012 καὶ
1551 2967 1638 3012 τοῦ
1721 2942 1806 3021 τῆς

1972 2961 2117 3016 riam
2165 2962 2456 3027 rediisset,
2518 2964 2801 3020 doctrinae
2855 2942 3033 3040 atque
3086 2942 3566 3040 institutioni,

209 3055 567 3122 κατηχήσεως
626 3050 783 3121 λόγου
851 3049 1060 3123 ἑξῆρχε,
1131 3054 1430 3121 Δημητρίου
1495 3047 1803 3101 ἆντιϐολοῦν·

1974 3051 2487 3106 itechumenorum
2530 3053 2830 3124 magister,
2862 3056 2942 3111 ibi
2993 3059 3244 3129 praefuit,
3294 3064 3568 3123 Demetrii

204 3159 298 3202 τος
356 3147 449 3192 τοῦ
507 3142 658 3214 ἔργου
709 3136 1116 3213 σπουδαιότερον
1181 3141 1420 3212 ἔχεσθαι.
1483 3138 1699 3198 Ἐκεῖνος
1765 3136 1796 3191 δ

1974 3145 2135 3208 ›εειῑιι
2166 3139 2482 3206 adductus,
2518 3149 2579 3195 ut
2607 3157 2678 3197 eo
2708 3145 2933 3214 majore
2965 3147 3160 3204 studio
3189 3153 3350 3222 operi
3392 3153 3442 3210 ei
3482 3157 3568 3210 in-

212 3229 396 3282 ἰαυτὸν
452 3230 581 3302 ὁρῶν
635 3236 726 3289 τῆς
786 3248 840 3281 τε
872 3227 1161 3302 βαθυτέρας
1200 3226 1433 3291 διανοίας
1487 3237 1584 3281 τῶν
1626 3231 1806 3302 νόημά.

1971 3228 2250 3284 umberet.
2294 3230 2437 3284 Cum
2491 3245 2632 3286 vero
2671 3233 3182 3306 animadverteret,
3215 3239 3565 3300 abstrusiori

208 3337 312 3371 των
388 3324 598 3391 Γραφῆς
653 3317 1140 3389 ἀπασχολούμενον,
1207 3315 1346 3390 μηδὲ
1404 3321 1567 3370 πνέειν
1624 3317 1802 3370 ἐώντωι

1977 3336 1987 3374 i
2021 3318 2336 3389 Scripturas
2367 3319 2567 3374 sensui
2607 3323 2928 3379 scrutando
2968 3331 3146 3398 atque
3174 3331 3458 3404 eruendo,
3490 3333 3571 3390 ita

206 3417 310 3460 τῶν
383 3409 640 3482 ὁσημέραι
723 3407 846 3480 παρ’
905 3407 1045 3477 αὐτῷ
1116 3413 1402 3479 φοιτώντων
1481 3407 1535 3470 ἑξ
1607 3407 1800 3460 ἑωθινοί

1968 3405 2275 3473 tvolebat,
2307 3422 2522 3463 vacare
2561 3424 2683 3464 non
2723 3426 2921 3482 posse,
2961 3415 3123 3484 quod
3165 3432 3238 3472 ne
3270 3420 3560 3490 respirare

207 3499 349 3570 ἄχρι
383 3493 452 3554 δὴ
509 3501 598 3549 καὶ
638 3496 861 3570 ὶσπίρας
922 3496 1106 3560 αὐτῆς,
1148 3500 1200 3548 τί
1247 3503 1430 3563 ποιεῖς
1487 3500 1719 3568 Διανέμει
1751 3499 1801 3548 τὲ

1972 3496 2167 3552 uidem
2207 3495 2450 3552 liberius
2476 3497 2529 3552 ei
2565 3496 2782 3566 liceret,
2812 3517 2919 3572 per
2953 3518 3057 3558 eos
3095 3505 3195 3575 qui
3235 3508 3500 3579 quotidie
3531 3527 3566 3568 a

205 3587 384 3644 πλήθη
419 3605 434 3618 ·
492 3590 581 3638 καὶ
613 3585 844 3658 Ἡρακλᾲ
899 3589 990 3657 μὲν
1031 3593 1103 3656 τῷ
1142 3594 1242 3637 τῶν
1290 3594 1544 3657 φοιτητῶν
1574 3584 1792 3658 ἓκκρίτῳ

1978 3585 2047 3639 ile
2089 3590 2218 3640 orto
2254 3584 2329 3640 ad
2369 3600 2683 3656 vesperam
2736 3604 2924 3660 usque
2962 3590 3229 3648 scholam
3279 3597 3407 3665 ejus
3461 3598 3572 3654 fre-

210 3677 277 3735 ὡς
328 3671 483 3748 ἀνδρί
521 3693 575 3728 τε
605 3674 904 3746 λογιωτάτῳ
945 3679 1034 3726 καὶ
1086 3679 1203 3746 περὶ
1245 3677 1310 3726 τὰ
1353 3675 1464 3726 θεῖα
1503 3675 1595 3726 οὐκ
1636 3673 1804 3746 ἕλαχί·

1974 3673 2338 3738 uentabant;
2400 3673 2739 3731 faciendum
2803 3678 2915 3732 sibi
2955 3683 3205 3750 putavit,
3250 3690 3308 3740 ut
3340 3689 3568 3744 tantam

211 3783 342 3822 στην
381 3764 740 3836 είσενηνοχότι
794 3760 1055 3829 σπουδήν,
1087 3768 1176 3815 καὶ
1227 3772 1296 3834 τῷ
1348 3763 1640 3835 φιλοσοφεῖν
1687 3763 1805 3836 λαμ-

1975 3760 2361 3817 iultitudinem
2394 3761 2704 3828 divideret,
2737 3770 2792 3820 et
2832 3767 3159 3835 Heraclam,
3202 3787 3272 3828 ex
3320 3779 3569 3832 sectato-

209 3861 352 3926 πρῶς
401 3852 742 3922 ἑπιϐάλλοντι,
780 3861 1010 3927 συνεργῷ
1066 3852 1262 3925 ἐχρῆτο
1288 3861 1378 3914 τῆς
1404 3858 1756 3925 κατηχήσεως
1798 3874 1803 3886 ·

1976 3850 2088 3905 bus
2119 3850 2240 3905 suis
2269 3851 2660 3923 praecipuum,
2695 3853 2891 3910 virum
2912 3856 3345 3926 doctissimum,
3375 3865 3479 3937 qui
3505 3866 3567 3922 in

209 3947 299 3994 καὶ
351 3938 418 4000 δή
463 3945 530 3995 τὰ
584 3945 673 4015 μὲν
713 3941 1033 4014 εἰσαγωγικά
1064 3950 1164 3995 τῶν
1209 3943 1329 4016 ἄρτι
1383 3946 1803 4015 στοιχειουμένωι

1976 3938 2252 4010 isciplinis
2301 3939 2732 4012 philosophicis
2779 3949 2835 3999 et
2874 3961 3178 4004 sacrarum
3221 3950 3570 4010 Litterarum

209 4038 275 4104 τῇ
331 4035 507 4083 πίστει
553 4031 727 4102 ὶκείνῳ
778 4029 949 4091 ἐνῆκεν
979 4049 991 4061 ·
1055 4030 1222 4101 ἐαυτῷ
1255 4027 1313 4083 δε
1363 4040 1462 4082 τῶν
1505 4030 1552 4082 ἐν
1593 4031 1691 4094 ἔξει
1721 4035 1803 4090 τήι

1977 4027 2258 4083 'uditione
2303 4029 2625 4099 plurimum
2676 4031 3067 4091 collocaverat
3108 4041 3310 4106 studii,
3359 4043 3470 4098 sibi
3509 4045 3571 4100 in

214 4121 468 4193 ἀκρόασιν
532 4119 835 4193 ἐφυλάξατο.
895 4121 1011 4172 Ἐπὶ
1076 4125 1228 4173 τόσον
1285 4116 1336 4173 δ’
1416 4122 1446 4179 ἡ
1509 4128 1607 4171 τῶν
1671 4123 1808 4172 θείων

1977 4117 2291 4172 istituendo
2347 4119 2579 4174 socium
2623 4126 2679 4175 et
2721 4121 3059 4192 adjutorem
3109 4130 3441 4187 ascisceret.
3485 4131 3571 4189 Ita

211 4209 380 4280 λόγων
435 4209 576 4282 αὐτῷ
659 4208 883 4271 ἐξέτασις
965 4207 1321 4282 ἁπηκρίϐωτο.
1408 4210 1477 4271 ὡς
1554 4215 1642 4261 καὶ
1722 4214 1805 4268 tibi

1975 4212 2169 4270 ictum,
2204 4214 2266 4260 ut
2294 4208 2558 4278 primum
2588 4207 2854 4266 laborem
2897 4229 3105 4270 eorum
3135 4216 3569 4288 docendorum,

207 4297 460 4372 Ἐϐραίων
513 4297 746 4370 γλῶτταν
809 4296 1066 4368 ἀσκῆσαι,
1135 4303 1223 4350 καὶ
1285 4301 1379 4361 τὰς
1443 4301 1801 4370 πρωτοτύπουι

1981 4296 2027 4350 ni
2058 4295 2196 4350 ﬁdei
2235 4294 2528 4352 elementa
2557 4313 2748 4370 nuper
2781 4303 3037 4357 assecuti
3068 4314 3281 4372 essent,
3331 4309 3411 4364 illi
3476 4312 3575 4367 de-

211 4387 342 4463 παρ’
401 4387 575 4448 αὐτοῖς
620 4385 830 4460 βίϐλους
872 4386 1169 4462 Ἑϐραϊκοῖς
1217 4389 1518 4445 κτήσασθαι
1576 4391 1805 4461 γράμμα-

1983 4384 2292 4440 laudaret:
2346 4383 2449 4440 sibi
2504 4387 2617 4458 ipsi
2658 4403 2794 4443 vero
2849 4392 3219 4462 provinciam
3267 4413 3368 4453 eos
3415 4400 3577 4456 insti-

215 4497 302 4530 σιν
331 4495 342 4508 ·
397 4476 708 4549 ἀνιχνεῦσαί
738 4497 796 4548 γε
839 4481 940 4548 μὴν
970 4483 1059 4529 καὶ
1109 4479 1282 4538 πάσας
1311 4479 1404 4538 τὰς
1430 4473 1667 4538 ἐκδόσεις
1717 4485 1809 4530 τῶν

1983 4474 2133 4529 iendi
2165 4474 2269 4546 qui
2298 4474 2676 4545 perfectiores
2709 4487 2926 4546 essent,
2953 4482 3340 4558 divinamque
3366 4489 3577 4544 doctri-

214 4569 362 4642 παρὰ
414 4571 531 4626 τοὺς
605 4563 1002 4639 Ἐϐδομήκοντα
1064 4567 1157 4629 τὰς
1225 4568 1362 4640 ἱερὰς
1423 4568 1808 4642 ἡρμηνευκότωι

1977 4579 2072 4618 am
2117 4563 2296 4617 veluti
2345 4563 2402 4618 in
2450 4563 2724 4622 habitum
2760 4567 3168 4640 deduxissent,
3223 4584 3571 4634 reservaret.

211 4659 443 4730 Γραφάις,
500 4659 591 4706 καί
647 4675 784 4716 τινας
850 4655 1023 4729 ἐτέρας
1086 4657 1230 4728 παρὰ
1281 4657 1373 4718 τὰς
1432 4655 1805 4728 κατημαξευμέ·

1983 4668 2131 4723 sque
2161 4667 2232 4706 eo
2260 4658 2461 4708 autem
2490 4661 2830 4712 accuratam
2851 4675 3156 4718 sacrorum
3189 4665 3571 4725 oraculorum

211 4765 303 4806 νας
352 4746 617 4818 ἑρμηνείας
669 4742 1095 4809 ἐναλλαττούσας,
1147 4746 1241 4806 τὰς
1295 4743 1491 4798 Ἀκύλα
1540 4749 1629 4796 καὶ
1691 4752 1805 4816 Συμ

1981 4739 2375 4812 iquisitionem
2408 4749 2464 4797 et
2492 4743 2757 4800 studium
2797 4748 3095 4817 produxit,
3128 4756 3191 4807 ut
3222 4753 3575 4814 Hebraicam

210 4837 396 4909 μάχου
454 4838 542 4886 καὶ
595 4830 944 4895 Θεοδοτίωνος
996 4829 1248 4896 ἓκδόσεις,
1311 4834 1494 4907 εὑρεῖν,
1560 4835 1614 4885 ἔκ
1670 4853 1804 4885 τινωι

1984 4831 2107 4885 iam
2142 4829 2474 4886 addisceret
2519 4831 2809 4903 linguam,
2849 4841 2906 4892 et
2941 4838 3257 4896 Hebraicos
3286 4843 3470 4901 libros
3499 4846 3578 4904 ad

211 4923 521 4999 ἀπορρήτων
571 4931 672 4995 γῆς
703 4931 891 4996 μυχῶν
939 4925 1025 4974 τὸν
1075 4922 1293 4974 ἔκπαλαι
1325 4918 1805 4998 διαδιδρασκούσαι

1985 4934 2124 4974 rima
2162 4919 2527 4991 exemplaria
2569 4922 2900 4996 descriptos
2942 4931 3254 5002 conquiret
3287 4949 3299 4986 :
3335 4933 3579 5007 insuper

215 5019 432 5089 χρόνον,
492 5012 562 5074 εἰς
610 5020 714 5084 φῶς
753 5009 1032 5083 ἀγαγόντα.
1076 5012 1149 5064 Δι’
1202 5011 1268 5062 ὧν
1323 5016 1412 5064 καὶ
1442 5015 1536 5070 τὴν
1567 5020 1666 5064 τῶν
1717 5009 1809 5074 Ἑξι

1986 5009 2108 5064 iam
2125 5023 2334 5064 omnes
2357 5010 2774 5068 translationes
2795 5013 3064 5073 diversas
3095 5033 3302 5076 eorum
3324 5025 3426 5094 qui
3447 5029 3580 5095 post

219 5103 394 5157 απλῶν
446 5101 570 5176 παρ’
622 5101 762 5172 αὐτῷ
825 5100 1103 5173 λεγομένων
1165 5098 1406 5159 σπουδὴν
1474 5100 1813 5173 ἱτεχνάσατο.

1982 5097 2320 5168 eptuaginta
2359 5098 2690 5171 Scripturas
2747 5109 3061 5173 verterant,
3091 5124 3161 5164 ac
3208 5116 3418 5181 prmter
3474 5129 3576 5170 eas

211 5198 313 5254 ’Τίς
392 5189 451 5245 δε
508 5194 537 5250 ἡ
606 5193 800 5244 τούτων
885 5187 1125 5263 δύναμις,
1201 5191 1424 5243 ἐντεῦθεν
1490 5192 1798 5263 γνωσόμεθα

1978 5202 2065 5241 uae
2092 5188 2148 5241 in
2177 5203 2288 5241 usu
2319 5195 2506 5258 erant,
2536 5189 2755 5262 Aquilae
2807 5193 3043 5260 scilicet,
3105 5199 3472 5269 Symmachi,
3516 5207 3572 5259 et

221 5286 533 5354 Συναγαγὼν
601 5283 704 5354 γὰρ
763 5281 855 5340 τὰς
912 5276 1144 5340 ἐκδόσεις
1211 5287 1305 5341 τῆς
1345 5281 1512 5352 ’ἱερᾶς
1592 5285 1815 5352 Γραφῆςς

1985 5276 2347 5331 neodotionis
2388 5277 2700 5344 editiones,
2743 5280 2889 5337 alias
2927 5283 3213 5342 inveniret
3265 5295 3321 5344 et
3368 5305 3434 5344 ex
3483 5308 3579 5347 oc-

219 5374 346 5425 ὅσαι
395 5375 662 5442 γεγόνασι,
709 5377 910 5442 πρῶτον
962 5371 1052 5440 μὲν
1119 5375 1221 5420 τῶν
1288 5367 1355 5434 o',
1402 5364 1514 5420 εἶτα
1568 5372 1659 5420 καὶ⁹
1723 5377 1813 5420 τῶν

1987 5365 2100 5420 iltis
2131 5365 2541 5438 abstrusisque
2583 5374 2747 5424 terra;
2788 5374 3140 5440 recessibus,
3178 5377 3276 5432 ubi
3303 5378 3581 5448 longissi-

221 5465 353 5536 μετὰ
394 5464 624 5534 Χριστόν
666 5462 965 5531 γενομένων,
1007 5457 1073 5510 ὧν
1129 5462 1220 5516 τὴν
1277 5477 1366 5530 μεν
1423 5454 1682 5520 Ἰουδαῖός
1747 5476 1815 5518 τις

1987 5453 2641 5528 ιοιιιὶιιθιτᾶηῐιθωροτθ,
2662 5458 2936 5516 inlucem
2969 5463 3272 5534 proferret.
3304 5466 3482 5540 358
3505 5471 3581 5529 Ex

220 5550 446 5614 ’Δκύλας
503 5553 665 5623 ὄνομα
736 5551 861 5624 πρὸς
924 5551 982 5601 τό
1053 5546 1343 5606 Ἑλληνικὸν
1423 5545 1814 5623 μετερρύθμισε¹

1992 5542 2152 5600 iibus
2179 5544 2460 5603 omnibus
2489 5562 2644 5620 opus
2677 5549 2840 5622 quod
2868 5546 2945 5607 ab
2981 5567 3052 5627 eo
3083 5550 3413 5630 Hexaplum
3457 5560 3586 5633 sive
