4036 6288
528 269 657 326 1091

524 391 878 465 Sextuplum
943 390 1295 464 inscriptum
1360 395 1470 458 est,
1527 391 1866 464 composuit
1919 406 1936 444 :

525 482 721 554 operis
741 498 876 555 qum
909 482 998 536 vis
1038 487 1094 536 et
1122 480 1274 536 ratio
1306 481 1400 545 sit,
1429 496 1502 536 ex
1537 480 1924 552 sequentibus
1965 479 2174 536 intelli-

525 578 698 642 getur
724 570 936 627 verbis.
963 569 1407 626 Translationes
1435 585 1622 625 sacrae
1650 571 1985 642 Scripturaa,
2015 586 2173 641 quaa-

525 675 763 732 cunque
785 665 1100 730 exstarent,
1118 658 1370 729 collegit.
1389 659 1648 715 Primam
1666 659 1906 731 quidem
1929 661 2174 731 Septua-

525 749 690 820 ginta
705 750 1114 820 interpretum,
1130 749 1345 803 deinde
1361 763 1566 805 eorum
1588 748 1692 820 qui
1713 754 1851 820 post
1877 748 2174 805 Christum

523 843 732 894 natum
775 837 959 907 fuere,
1003 838 1227 910 Aquilae
1258 838 1444 893 Iudaei
1488 837 1826 908 cujusdam,
1871 837 1976 908 qui
2035 853 2170 894 eam

527 929 724 984 Graece
765 927 957 992 vertit,
994 931 1129 998 post
1158 926 1319 982 hunc
1350 927 1720 998 Symmachi,
1755 925 1935 982 aliam
1966 942 2172 982 rursus

521 1014 962 1083 Theodotionis,
993 1019 1050 1070 et
1076 1014 1256 1070 aliam
1296 1015 1577 1086 deinceps
1605 1015 1963 1071 innominati
1993 1022 2172 1088 atque

523 1105 730 1161 incerti
779 1104 1111 1176 cujuspiam
1166 1105 1424 1160 auctoris
1459 1117 1471 1156 :
1503 1104 1602 1176 qui
1635 1120 1781 1160 sane
1827 1120 2038 1160 omnes
2070 1107 2173 1162 He-

522 1193 709 1250 braici
766 1202 820 1249 et
869 1193 1054 1250 Graaci
1107 1193 1400 1248 sermonis
1464 1193 1697 1262 egregie
1759 1194 1929 1265 periti
1987 1195 2170 1250 fuere.

525 1285 794 1348 Quarum
823 1281 1281 1339 translationum
1312 1282 1647 1356 quamdam
1678 1297 1742 1338 se
1774 1283 2039 1354 Nicopoli
2071 1283 2170 1355 (1),

523 1387 659 1444 quae
690 1371 768 1427 ad
803 1372 1038 1428 Actium
1069 1373 1180 1428 sita
1216 1379 1328 1439 est,
1354 1377 1532 1444 atque
1552 1372 1733 1429 aliam
1759 1372 1878 1428 alio
1900 1372 2000 1428 tali
2029 1389 2176 1444 quo-

523 1461 666 1516 dam
709 1459 839 1517 loco
871 1461 1172 1518 invenisse
1202 1460 1428 1516 scribit.
1469 1464 1538 1518 In
1571 1461 1946 1518 Psalmorum
1972 1469 2174 1518 autem

526 1549 829 1620 ﬂexaplis,
881 1556 1016 1621 post
1052 1552 1315 1621 quatuor
1353 1549 1710 1606 celebriores
1733 1551 2021 1610 editiones
2050 1567 2174 1608 non

524 1640 799 1710 quintam
822 1639 1039 1707 solum,
1069 1638 1176 1694 sed
1209 1645 1266 1694 et
1312 1645 1566 1706 sextam,
1600 1645 1777 1712 atque
1809 1641 1964 1700 adeo
2001 1643 2176 1715 sopti-

1823 263 2210 323 NICEPHORI
2250 262 2578 322 CALLISTI

3697 267 3790 322 109!

1998 391 2170 462 cujus
2202 392 2249 447 A
2282 396 2370 444 atati
2400 391 2510 455 μετ’
2547 389 2700 444 αὐτὸν
2749 390 3034 462 Σύμμαχος
3066 403 3080 419 ⁸
3129 387 3284 447 ἄλλην
3338 384 3397 441 δὶ
3427 386 3695 456 Θεοδοτίων,
3735 397 3795 444 κεί

2282 481 2446 554 ἕτερός
2489 499 2569 542 τις
2616 479 2881 551 ἀνώνυμος
2929 475 3281 544 ἐκδεδώκασι,
3331 484 3477 550 σοφοί
3519 497 3570 550 γε
3607 485 3682 532 καὶ
3716 485 3796 532 κατ’

2282 571 2436 643 ἄμφω
2490 565 2559 628 δή
2608 571 2698 630 τας
2735 565 3047 630 παιδεύσεις
3083 572 3236 631 ὄντες,
3265 572 3358 626 τήν
3409 565 3636 642 Ἐϐραίδα
3666 589 3709 621 τε
3737 576 3800 623 κεί

2281 664 2375 717 τήν
2425 657 2687 715 Ἐλληναε
2743 659 2810 708 ὧν
2864 657 3018 719 αὐτὸς
3081 663 3172 715 τήν
3235 661 3324 729 μέν
3375 675 3528 728 φησιν
3573 659 3707 731 εὑρεῖν
3754 667 3798 730 τῇ

2280 751 2410 821 πρὸς
2468 748 2657 819 ’Δκτίῳ
2729 745 3030 812 Νικοπόλει,
3085 751 3180 805 τὴν
3233 743 3283 798 δ’
3349 748 3396 798 ἓν
3479 745 3616 818 ἑτέρῳ
3666 744 3803 816 τοιῷδε

2281 843 2443 908 τόπῳ.
2503 835 2583 889 Ἐν
2641 833 2700 889 δε
2755 843 2865 898 τοῖς
2912 835 3183 898 Ἑξαπλοίς
3229 843 3327 887 τῶν
3359 833 3567 907 Ψαλμῶν
3616 838 3723 905 μετὰ
3743 839 3806 896 τὰς

2281 931 2539 999 τέσσαρας
2603 927 2896 998 ἐπισήμους
2967 922 3200 986 ἐκδόσεις
3269 924 3327 977 οὐ
3402 928 3621 996 πέμπτην
3674 929 3805 996 μόνόν,

2283 1015 2412 1068 ἀλλὰ
2460 1021 2550 1068 καὶ
2605 1016 2754 1074 ἓκτην
2839 1021 2930 1068 καὶ
3003 1010 3232 1088 ἑϐδόμην
3302 1015 3539 1086 παραθεὶς
3593 1013 3806 1086 ἑρμηνείαν

2282 1109 2699 1178 ἐπισημαίνεται,
2763 1107 2832 1166 ὡς
2883 1104 2934 1156 έν
2987 1104 3206 1175 Ἱεριχοῖ
3275 1104 3548 1178 εὑρημένας
3610 1100 3652 1154 ἐν
3706 1105 3809 1174 πίθῳ

2281 1197 2419 1248 κατά
2475 1197 2592 1254 τοὺς
2653 1197 2876 1266 χρόνους
2934 1194 3236 1247 Ἀντωνίνου
3301 1194 3416 1244 υἱοῦ
3471 1195 3688 1263 Σευήρου.
3733 1196 3810 1251 Τὰς

2281 1294 2452 1338 τοίνυν
2529 1286 2772 1345 τοιαύτας
2833 1285 3005 1343 πάσας
3065 1278 3298 1342 ἐκδόσεις
3371 1284 3529 1334 εἰτουν
3596 1279 3809 1353 ἑρμηνείας

2283 1382 2384 1426 τῶν
2429 1373 2681 1439 παλαιῶν,
2737 1372 3103 1446 ἀντιπαραθεὶς
3157 1369 3418 1434 ἀλλήλαις,
3466 1375 3550 1422 καὶ
3599 1367 3747 1421 διελὼν
3774 1372 3809 1420 ia

2283 1470 2383 1538 μιᾷ
2431 1463 2624 1536 ἑκάστη
2676 1458 2846 1515 σελίδι
2900 1465 3032 1534 μετὰ
3059 1466 3150 1514 καὶ
3199 1468 3294 1523 τῆς
3329 1458 3598 1534 Ἐϐραῐκῆς
3622 1477 3808 1533 παραση-

2284 1559 2564 1627 μειὼσεως,
2630 1550 2900 1604 κάντεῦθεν
2965 1556 3059 1609 τὴν
3125 1549 3314 1624 ἀκριϐῆ
3381 1557 3472 1610 τῆς
3531 1555 3712 1621 Γρατῆς
3759 1551 3811 1600 ένο

2285 1663 2448 1710 νοιαν,
2506 1647 2596 1694 atati
2647 1645 2742 1700 τήν
2790 1644 2914 1714 πρὸς
2953 1641 3115 1699 αὐτὴν
3169 1648 3268 1693 τῶν
3306 1638 3552 1712 ἑρμηνέων
3589 1635 3812 1709 διαφωνίαν

525 1744 693 1784 mam
739 1728 1194 1784 translationem
1243 1744 1306 1784 se
1337 1729 1694 1800 apposuisse
1747 1730 2026 1797 ostendit,
2077 1714 2178 1790 ξιο-

2289 1732 2323 1791 ἱ
2355 1735 2657 1805 συμφωνίαν
2707 1729 3146 1802 ἀσφαλισάμενος,
3186 1733 3255 1781 τὰ
3307 1736 3408 1780 τῶν
3453 1727 3687 1790 Ἐξαπλῶν
3724 1729 3813 1797 ἡμῖν

531 1816 806 1873 richunte
854 1817 917 1873 in
972 1817 1154 1882 dolio,
1211 1818 1581 1889 temporibus
1636 1819 1922 1875 Antonini
1976 1821 2172 1878 Severi

525 1907 652 1972 ﬁlii,
683 1912 968 1978 repertas.
1002 1908 1190 1962 Hasce
1219 1907 1398 1977 igitur
1429 1907 1949 1978 interpretationes
1994 1915 2173 1983 atque

527 1995 817 2052 editiones
859 2002 1124 2051 veterum
1167 1997 1318 2051 inter
1347 2012 1411 2052 se
1448 1997 1833 2068 compositas,
1874 2002 2056 2072 atque
2113 2001 2172 2057 in

2293 1822 2583 1897 ᾶτίγραφα
2651 1818 3011 1871 καταλέλοιπεν
3045 1836 3060 1851 ο
3140 1815 3292 1879 ἰδίως
3363 1821 3456 1876 τὴν
3526 1815 3699 1869 ’Λκύλα
3751 1819 3814 1866 καὶ

2289 1913 2583 1984 Συμμήχου
2637 1913 2728 1962 καὶ
2774 1903 3126 1970 Θεοδοτίωνος
3173 1903 3388 1960 έκδοσιν
3452 1905 3556 1978 ἅμα
3581 1911 3676 1966 τοῖς
3709 1903 3743 1956 o'
3781 1904 3816 1954 ἐν

2287 2009 2398 2062 τοῖς
2452 1999 2780 2072 Τετρασσαῖς
2838 1996 3202 2070 όνομασθεῐσιν
3268 1995 3411 2066 αὐτῷ
3471 1999 3815 2051 κατεσκευακὼς.

530 2100 890 2157 unaquaque
936 2085 1158 2156 pagina
1185 2100 1305 2140 una
1321 2101 1456 2140 cum
1498 2085 1763 2142 Hebraici
1796 2089 2154 2159 exemplaris
2194 2090 2596 2150 adnotatione
2625 2087 2918 2158 digestas.
2953 2087 3286 2158 proposuit.
3320 2084 3485 2141 Unde
3513 2089 3683 2140 certus
3711 2082 3819 2138 Scri-

526 2183 717 2247 pturaa
771 2189 1001 2240 sensus,
1062 2173 1638 2246 translationumque
1687 2191 2016 2233 consensus
2061 2180 2154 2236 vel
2209 2180 2521 2237 dissensus
2569 2183 2730 2233 certo
2763 2175 3016 2250 intelligi
3071 2181 3275 2250 queat.
3316 2176 3385 2230 Et
3445 2174 3526 2230 sic
3567 2171 3650 2228 ille
3690 2170 3816 2226 nobis

525 2263 809 2335 hexapla,
853 2264 976 2319 sive
1005 2263 1279 2334 sextupla
1315 2263 1552 2335 reliquit
1579 2264 1980 2337 exemplaria:
2031 2285 2168 2326 cum
2199 2271 2448 2342 quidem
2485 2274 2664 2324 antea
2703 2265 2962 2322 seorsim
3007 2263 3258 2340 Aquila,
3300 2262 3651 2335 Symmachi,
3679 2260 3817 2315 Theo-

527 2351 808 2419 dotionis,
855 2358 912 2408 et
943 2352 1335 2424 Septuaginta
1377 2353 1766 2425 interpretum
1801 2356 2254 2418 translationem
2279 2360 2342 2416 in
2380 2357 2688 2415 volumine
2717 2355 2884 2428 quod
2922 2357 3286 2422 Tetrassum,
3317 2353 3441 2411 sive
3481 2348 3815 2425 quadruplum

527 2442 882 2507 nominavit,
909 2442 1374 2515 composuisset.

1150 2567 1378 2624 CAPUT
1415 2567 1543 2622 XII.

604 2673 685 2730 De
714 2673 1072 2746 Symmacho
1097 2674 1436 2746 interprete,
1471 2682 1524 2732 et
1553 2675 1860 2747 discipulis
1886 2676 2177 2750 Origem's.

603 2851 925 2908 Sciendum
939 2867 1141 2924 porro,
1156 2853 1590 2926 Symmachum
1602 2855 1983 2928 interpretem
2008 2858 2177 2916 Ebio-

532 2942 794 2998 nitarum
837 2948 1010 2998 sectae
1046 2942 1250 3008 fuisse,
1278 2959 1412 3015 quas
1445 2943 1641 3016 (sicuti
1684 2945 1746 3001 in
1775 2947 2182 3018 superioribus

533 3032 941 3101 exposuimus)
967 3032 1176 3104 inopes
1207 3033 1506 3104 quasdam
1527 3039 1585 3089 et
1613 3034 1922 3092 mendicas
1943 3037 2182 3108 opinio-

535 3135 642 3176 nes
677 3120 753 3176 de
781 3119 1006 3178 Christo
1033 3121 1263 3176 induxit
1305 3136 1318 3188 ;
1351 3121 1518 3177 illum
1548 3123 1769 3179 scilicet
1798 3140 2018 3196 purum
2050 3143 2180 3184 esse

534 3209 950 3278 hominem,et
1006 3225 1075 3265 ex
1106 3209 1329 3281 Ioseph
1383 3215 1438 3265 et
1493 3213 1675 3267 Maria
1712 3212 2073 3285 principium
2126 3220 2184 3272 et

533 3303 731 3354 ortum
765 3297 1118 3369 sumpsisse,
1160 3297 1473 3372 legemque
1513 3301 1758 3357 Judaico
1795 3319 1959 3358 more
1985 3303 2184 3360 obser-

535 3387 657 3442 vari
683 3393 952 3459 oportere
983 3387 1369 3443 conﬁrmans.
1403 3387 1594 3444 Edidit
1626 3405 1870 3463 quoque
1915 3393 2185 3464 Symma-

534 3475 682 3532 chus
703 3476 762 3530 in
781 3492 1020 3532 sacrum
1046 3476 1301 3533 Matthaei
1320 3477 1706 3548 Evangelium
1729 3483 2179 3550 commentaria,

533 3580 604 3622 ex
636 3581 758 3637 quo
788 3565 1065 3621 haeresim
1117 3581 1292 3622 suam
1319 3572 1582 3623 astruere
1617 3575 1671 3623 et
1717 3569 1980 3625 stabilire
2017 3571 2178 3626 vide-

533 3660 647 3710 tur.
682 3657 763 3711 Ea
804 3671 946 3710 vero
972 3655 1150 3726 359
1199 3657 1629 3712 commentaria
1671 3658 2022 3729 Symmachi
2061 3676 2182 3717 una

532 3759 670 3798 cum
717 3743 989 3815 ejusdem
1049 3744 1487 3816 Scripturarum
1551 3747 1848 3816 versione,
1898 3748 2181 3820 Origenes

533 3833 771 3905 scripsit
830 3849 889 3888 se
922 3850 958 3888 a
995 3833 1260 3905 quadam
1291 3833 1518 3890 femina
1563 3834 1799 3892 Juliana
1829 3836 2123 3909 recepisse
2165 3854 2178 3892 :

531 3937 668 3994 quae
699 3921 946 3992 quidem
966 3921 1189 3978 femina
1218 3938 1321 3978 eos
1342 3923 1529 3979 libros
1560 3925 1638 3980 ab
1669 3925 1800 3996 ipso
1826 3933 2066 3981 auctore
2089 3943 2182 3982 ac-

532 4012 935 4083 ceptos,apud
964 4027 1026 4066 se
1053 4013 1460 4069 reservaverit.
1484 4013 1710 4070 Interea
1742 4019 1798 4069 et
1825 4015 2180 4071 Ambrosius

531 4099 781 4172 quidam
829 4100 1042 4155 haeresi
1086 4101 1379 4156 Valentini
1410 4101 1742 4158 admodum
1788 4103 2060 4175 infectus,
2103 4105 2182 4160 ab

534 4189 782 4258 Origene
817 4189 1148 4255 convictus,
1183 4191 1568 4264 veritatisque
1594 4191 1723 4247 luce
1759 4197 2020 4248 mentem
2051 4193 2179 4249 illu-

530 4282 772 4344 stratus,
805 4277 881 4334 ad
930 4278 1225 4334 sinceram
1262 4279 1400 4335 ﬁdei
1445 4281 1782 4337 doctrinam
1822 4283 2071 4338 transiit.
2116 4285 2184 4338 Et

529 4366 628 4422 alii
657 4383 798 4424 vero
838 4368 1136 4440 permulti,
1168 4384 1428 4440 quorum
1471 4385 1647 4426 aures
1672 4371 1941 4427 oratione
1969 4371 2183 4428 doctri-

529 4471 732 4529 naque
759 4435 868 4514 sua
908 4435 1206 4528 Origenes
1229 4458 1644 4530 permulserat,
1687 4460 2079 4533 undiquaque
2105 4461 2184 4517 ad
2218 4435 2258 4488 ί)

531 4562 670 4602 eum
729 4546 1192 4613 conveniebant,
1245 4547 1572 4620 periculum
1627 4548 1702 4604 de
1753 4549 2015 4621 perfecta
2056 4549 2186 4621 ejus

533 4635 809 4693 doctrina
860 4636 1090 4693 facturi.
1141 4637 1332 4708 Atque
1371 4637 1431 4692 in
1458 4638 1528 4692 iis
1569 4653 1691 4693 non
1736 4637 1910 4710 pauci
1939 4654 2184 4711 quoque

533 4740 605 4781 ex
635 4725 942 4791 haereticis,
976 4725 1242 4798 plerique
1283 4742 1418 4782 vero
1449 4727 1629 4783 etiam
1658 4743 1729 4783 ex
1758 4727 1902 4782 viris
1944 4731 2186 4800 praecla-

531 4816 612 4872 ris
643 4821 698 4870 et
719 4814 1072 4879 illustribus,
1097 4815 1201 4888 qui
1227 4820 1542 4888 utramque
1571 4817 2015 4888 philosophiam
2035 4833 2184 4888 pure
2218 4820 2220 4823 ’

534 4904 988 4968 addidicissent,
1019 4919 1242 4974 magno
1274 4906 1468 4962 studio
1495 4905 1572 4962 ad
1604 4922 1742 4962 eum
1776 4905 2180 4963 conﬂuebant.

536 4995 604 5050 Et
645 5009 800 5066 quos
841 4993 936 5050 ille
969 4993 1221 5050 idoneos
1255 5009 1385 5050 esse
1415 4994 1493 5051 ad
1524 4995 1972 5068 philosophicas
2011 4995 2186 5052 disci-

535 5084 731 5157 plinas
779 5084 1191 5155 percipiendas
1240 5083 1500 5150 videbat,
1530 5101 1632 5141 eos
1661 5085 1740 5142 ad
1771 5087 2180 5155 geometriam,

533 5173 994 5239 arithmeticam,
1017 5173 1284 5244 aliasque
1305 5173 1580 5228 liberales
1612 5180 1768 5230 artes
1788 5175 2179 5246 producebat.

536 5260 784 5334 Insuper
833 5269 1032 5318 autem
1086 5269 1142 5318 et
1183 5261 1262 5317 ad
1306 5262 1798 5335 philosophorum
1852 5268 2048 5320 sectas
2091 5279 2188 5319 co-

537 5351 918 5424 gnoscendas
945 5351 1294 5416 instruebat,
1323 5351 1610 5422 dogmata
1625 5367 1834 5408 eorum
1863 5351 1975 5408 illis
2007 5368 2188 5425 expo-

612 5513 687 5579 (l)
739 5511 950 5586 Euseb.
977 5511 1085 5586 lib.
1122 5528 1197 5577 vr,
1230 5527 1363 5585 cap.
1389 5513 1479 5568 17.
1515 5515 1610 5568 Est
1635 5513 1715 5568 ad
1759 5513 1994 5586 Actium
2047 5529 2184 5586 pro-

538 5585 904 5642 montorium
933 5584 1013 5640 ab
1050 5584 1320 5655 Augusto
1347 5586 1578 5642 Caesare
1607 5590 1908 5643 exstructa
1930 5584 2184 5659 Nicopo-

2899 2572 3142 2622 ΚΕΦΔΛ.
3171 2565 3272 2621 ΙΒ’.

2289 2683 2447 2754 Περὶ
2486 2677 2844 2751 Συμμάχου
2883 2675 3338 2754 τοιξέρμηᾼνέως
3377 2678 3487 2726 καὶ
3527 2680 3638 2740 τῶν
3675 2671 3809 2746 μαθη-

2817 2756 2935 2800 τῶν
2975 2748 3362 2821 Ὠριγένους.

2362 2853 2572 2910 Είδέναι
2600 2860 2774 2929 μέντοι
2815 2858 3009 2928 χρεὼν,
3063 2856 3135 2915 ὡς
3186 2860 3287 2907 τῶν
3328 2852 3640 2926 έρμηνευτῶν
3668 2851 3691 2903 ὁ

2290 2966 2464 3020 μαχος
2518 2954 2610 3007 τῆς
2657 2944 2966 2999 Ἐϐιωναίων
2996 2943 3240 3019 αἱρέσεως
3285 2941 3349 3002 ἦν
3376 2960 3390 2974 ·
3447 2943 3477 3002 ἣ
3513 2939 3600 3006 δή,
3649 2937 3799 3000 dith-

2293 3038 2374 3089 θεν
2421 3033 2742 3108 δίελάϐομεν,
2778 3036 2974 3105 πτωχοί
3003 3053 3120 3086 τινα
3161 3036 3251 3086 καὶ
3280 3032 3461 3092 εὐτελῆ
3500 3035 3615 3106 περὶ
3646 3029 3789 3100 Χριτηῦ

2295 3123 2594 3192 δόξάξουσα
2646 3121 2744 3184 ἦν·
2809 3123 2961 3195 ψιλόν
3032 3125 3128 3195 γὰρ
3186 3123 3461 3196 ἄνθρωπον
3513 3125 3599 3174 τὸν
3648 3116 3792 3189 Χριστὸν

2291 3215 2451 3287 ἔλεγεν
2493 3211 2624 3267 εἶναι
2663 3231 2676 3243 ·
2731 3218 2820 3266 καὶ
2860 3212 2916 3275 ἐξ
2943 3216 3140 3284 Ἰωσήφ
3181 3216 3270 3264 καὶ
3317 3215 3526 3286 Μαρίας
3578 3214 3657 3268 τήν
3687 3204 3796 3276 ἁρχὴ

2293 3303 2578 3377 ἐσχηκέναι
2611 3322 2623 3336 ·
2674 3305 2724 3356 οἳ
2771 3307 2860 3355 καὶ
2908 3305 2994 3355 τόν
3032 3306 3184 3372 νόμον
3232 3297 3651 3372 Ἰουδαῑκώτερον
3685 3293 3810 3366 φυλάτ-

2291 3413 2396 3446 τειν
2440 3401 2640 3469 χρῆναι
2681 3391 3117 3465 ἀπισχυρίζοντο.
3174 3387 3416 3453 Ἐξέδοτο
3464 3386 3522 3443 δὴ
3551 3391 3575 3441 ὁ
3603 3390 3810 3459 Σύμμαχος

2293 3485 2644 3556 ὑπομνήματα
2689 3488 2777 3535 καὶ
2824 3481 2895 3542 εἰς
2940 3485 2997 3533 τὸ
3051 3484 3189 3533 κατὰ
3228 3481 3503 3533 Ματθαῐον
3551 3481 3665 3551 ἱερὸν
3697 3472 3821 3539 Εὐη-

2292 3573 2483 3644 γελιον,
2529 3572 2615 3644 ἀφ’
2644 3571 2704 3624 οὗ
2755 3575 2845 3623 atati
2889 3575 2981 3630 τήν
3039 3569 3198 3623 αὐτοῦ
3255 3569 3458 3644 αἰρεσιν
3513 3569 3726 3634 συνιστᾷν
3761 3561 3822 3610 ui

2292 3665 2556 3737 κρατύνειν
2609 3658 2774 3714 δοκεῖ.
2835 3663 2910 3714 Τά
2964 3657 3022 3712 δε
3080 3666 3299 3712 τοιαῦτα
3358 3660 3690 3731 ὑπομνήματα
3731 3650 3824 3722 ιιιηά

2293 3759 2392 3802 τῶν
2453 3750 2614 3803 ἀλλων
2685 3751 2962 3824 ἑρμηνειῶν
3019 3752 3313 3821 Συμμάχου
3401 3749 3477 3810 εἰς
3534 3749 3618 3806 τὰς
3677 3739 3823 3815 Tangit

2294 3839 2563 3914 Ὠριγένης
2625 3839 2875 3913 ἱστόρησε
2927 3839 3069 3913 παρά
3126 3857 3263 3899 τινος
3321 3837 3608 3896 Ἰουλιανῆς
3639 3830 3825 3904 γυναυιὸς

2293 3928 2549 4001 εἰληφέναι
2582 3947 2594 3959 ·
2637 3931 2753 3991 ἣτις
2792 3927 2943 3981 πάλιν
2982 3926 3176 3989 ἐκείνας
3218 3925 3270 3989 ἐξ
3318 3926 3484 3978 αὐτοῦ
3525 3931 3610 3976 τοῦ
3653 3933 3825 3989 wn?!-

2291 4017 2524 4090 φαμένου
2573 4013 2946 4090 διαδεξαμένη,
2997 4013 3112 4087 εἶχε
3154 4015 3275 4088 παρ’
3321 4014 3482 4087 ἑαυτῇ
3542 4018 3624 4064 καὶ
3666 4007 3828 4079 ἐφύλατ-

2291 4127 2392 4160 τεν.
2426 4109 2506 4161 Ἐν
2547 4103 2605 4159 δὲ
2638 4110 2804 4178 τούτῳ
2842 4111 2932 4159 καὶ
2983 4103 3303 4176 Ἀμϐρόσιός
3332 4124 3412 4166 τις
3447 4107 3516 4156 τὰ
3551 4111 3631 4160 τῆς
3666 4093 3829 4150 Οὐαλεν-

2291 4201 2430 4248 τίνου
2491 4195 2632 4268 μάλα
2682 4204 2844 4248 νοσῶν
2904 4196 3166 4269 αἱρέσεως,
3227 4196 3352 4268 πρὸς
3419 4193 3695 4266 Ὠριγένους
3740 4182 3828 4234 ﬁt?

2291 4284 2554 4357 λεγχθεὶς,
2602 4289 2689 4338 καὶ
2755 4293 2827 4356 τῷ
2891 4292 2988 4346 τῆς
3054 4283 3294 4343 ἀληθείας
3351 4288 3482 4354 φωτὶ
3533 4273 3826 4353 περιλαμφθιὶς

2293 4379 2386 4434 τὴν
2435 4371 2690 4438 διάνοιαν,
2747 4382 2818 4444 τῷ
2857 4372 3124 4448 ἀκραιφνεί
3162 4380 3251 4432 τῆς
3287 4375 3520 4432 πίστεως
3547 4370 3668 4440 λόγῳ
3711 4365 3826 4434 πρὸς·

2293 4483 2417 4518 εισι.
2453 4463 2638 4517 Πολλοὶ
2677 4460 2736 4516 δὲ
2763 4467 2852 4514 καὶ
2905 4461 3048 4514 ἄλλοι
3077 4469 3139 4534 τῇ
3175 4470 3269 4514 τῶν
3307 4460 3473 4532 λόγων
3514 4453 3708 4525 παιδείᾳ
3730 4450 3825 4520 Ὠρί’

2291 4557 2467 4625 γένους
2518 4556 2584 4606 τὰ
2632 4553 2742 4606 ὦτα
2789 4553 3283 4627 κατακροτούμενοι,
3343 4549 3691 4619 ἁπανταχόθεν

2293 4661 2413 4707 των,
2462 4644 2643 4718 πεῖραν
2673 4662 2788 4694 τινα
2827 4649 2917 4702 τῆς
2961 4645 3080 4714 περὶ
3140 4639 3326 4712 λόγους
3380 4639 3540 4692 αὐτοῦ
3576 4640 3817 4689 τελειότητις

2292 4729 2568 4786 κατιδεῖν·
2638 4732 2732 4785 οὐκ
2787 4731 2951 4802 ὀλίγοι
3011 4733 3184 4800 μέντοι
3243 4734 3334 4781 καὶ
3389 4737 3488 4781 τῶν
3535 4726 3586 4790 ἐξ
3647 4725 3819 4790 αἱρέσεις

2295 4823 2599 4894 φίλοσόφων,
2651 4825 2738 4873 καὶ
2785 4820 2932 4872 ἄλλοι
2987 4816 3046 4871 δὲ
3097 4827 3196 4872 τῶν
3248 4816 3502 4890 ἐπιφανῶν
3570 4817 3690 4887 μετὰ
3734 4822 3822 4860 που

2296 4907 2412 4975 δῆς,
2471 4909 2636 4984 ἔρῥεον
2679 4925 2693 4940 ·
2765 4913 2856 4962 καὶ
2916 4909 3069 4981 ἄμφω
3135 4911 3223 4969 τὰς
3289 4907 3593 4979 φιλοσοφίας
3653 4899 3827 4969 καθαρᾶς

2293 4998 2681 5072 ἑξασκούμενοι.
2723 4997 2917 5060 Ὀσους
2973 5017 3033 5069 γε
3061 5001 3164 5070 μήν
3215 5000 3346 5072 πρὸς
3376 4994 3648 5065 ἀναλήψεις
3673 4985 3827 5062 gitim-

2295 5111 2398 5159 φων
2451 5090 2773 5161 μαθημάτων
2819 5085 2998 5150 δεξιῶς
3039 5089 3252 5158 ἔχοντας
3309 5086 3460 5158 ἐώρα,
3511 5088 3598 5136 καὶ
3645 5079 3712 5132 ἐπὶ
3744 5090 3829 5146 γεω·

2295 5183 2506 5250 μετρίαν
2553 5184 2643 5231 καὶ
2707 5176 3081 5251 ἀριθημτικήν,
3139 5181 3230 5228 καὶ
3277 5175 3436 5227 τᾶλλα
3498 5181 3586 5232 τῆς
3644 5161 3830 5221 παιδείας

2293 5275 2502 5341 πρσῆγε
2529 5269 2595 5319 τὰ
2623 5269 2750 5337 ἔργα
2771 5285 2786 5299 ο
2839 5268 2914 5318 ἔτι
2945 5262 3005 5318 δε
3033 5269 3124 5317 καὶ
3178 5265 3248 5326 εἰς
3283 5266 3378 5325 τὰς
3409 5263 3543 5315 κατά
3579 5258 3830 5341 φιλοσόφους

2295 5338 2520 5430 αίρέσεις
2575 5354 2852 5431 έρῥὺθμίζε
2883 5397 2900 5412 .
2947 5358 3034 5407 καὶ
3089 5355 3160 5406 τὰ
3209 5352 3415 5405 ἐκείνων
3461 5354 3648 5423 ἱστόρει
3699 5338 3829 5396 ίιδιισ

2293 5513 2385 5570 lis.
2418 5515 2516 5570 Est
2542 5515 2687 5586 item
2711 5529 2834 5571 non
2860 5513 3036 5586 longe
3077 5513 3154 5570 ab
3193 5513 3424 5570 Euxino
3463 5510 3573 5568 sita
3602 5502 3822 5580 ejusdem

2294 5587 2556 5645 nominis
2580 5585 2814 5644 civitas.
