4036 6288
145 342 292 403 1093

140 473 415 544 γούμενος,
465 470 815 543 ὑπομνήματα
871 468 942 531 εἰς
996 468 1195 522 ἕκαστα
1245 468 1565 523 καταλείπων

143 564 315 633 μέγαν
353 558 482 614 εἶναι
531 563 619 612 τὸν
669 556 839 635 ἄνδρα
902 564 991 612 καὶ
1058 558 1178 634 παρ’
1226 557 1461 621 ἐκείνοις.
1523 565 1633 611 Τῶν
1688 555 1747 611 δὲ

147 646 432 711 ἰδιωτικῶς
477 651 701 722 ἐχόντων
749 652 889 710 τινὰς
940 653 1030 701 καὶ
1083 647 1168 701 ἐπὶ
1223 651 1287 701 τά
1339 656 1438 701 τῶν
1469 647 1750 721 ἐγκυκλίων

147 739 335 811 εἰσῆγε
388 741 698 812 μαθήματα,
731 742 825 793 οὐκ
867 738 1045 809 ὀλίγην
1094 737 1318 791 ἐντεῦθεν
1370 739 1580 810 φάσκων
1626 757 1753 790 συν-

146 830 298 901 άγειν
354 826 758 888 ἐπιτηδειότητα
800 832 930 903 πρός
970 832 1062 886 τὴν
1111 837 1210 880 τῶν
1258 830 1401 903 ἱερῶν
1431 829 1753 900 μαθημάτων

146 924 513 994 παρασκευήν.
566 917 718 972 Ὀθεν
766 923 856 971 καὶ
907 917 1135 991 μάλιστα
1173 922 1262 970 καὶ
1295 916 1474 970 ἑαυτὸν
1504 918 1558 980 ἐξ
1596 916 1758 987 ἀναγ-

146 1012 309 1061 καίου
366 1009 439 1070 εἰς
494 1012 587 1067 τὴν
642 1016 741 1060 τῶν
792 1015 1059 1079 κοσμικῶν
1117 1009 1441 1079 μαθημάτων
1504 1005 1755 1073 ἄσκησιν,

148 1094 249 1150 διὰ
312 1105 465 1151 τοῦτο
518 1101 691 1158 ἐνῆκε,
759 1102 859 1150 Καὶ
897 1104 1256 1172 μαρτυροῦσιν
1314 1099 1363 1149 οἱ
1392 1101 1507 1149 τότε
1544 1104 1643 1147 τῶν
1674 1115 1760 1167 φι-

146 1185 387 1259 λοσόφων
446 1187 587 1259 αὐτῷ
656 1188 1107 1260 συνακμάσαντες.
1185 1187 1274 1247 Οἷς
1322 1188 1353 1245 ἡ
1408 1193 1501 1239 τοῦ
1571 1181 1762 1258 ἀνδρὸς

146 1281 333 1349 μνήμη
380 1277 540 1334 πολλή
595 1284 706 1339 τοῖς
760 1278 1166 1349 συγγράμμασι,
1200 1279 1323 1329 ποτε
1369 1280 1459 1347 μεν
1518 1294 1760 1351 προσφω-

149 1373 336 1418 νοῦσιν
383 1366 526 1438 αύτῷ
568 1370 692 1429 τοὺς
749 1370 1020 1439 σφετέρους
1062 1366 1263 1438 λόγους,
1316 1367 1428 1418 ἔστι
1468 1361 1517 1417 δ’
1552 1366 1634 1418 ὅτε
1671 1368 1760 1417 καὶ

154 1455 231 1517 εἰς
264 1455 527 1531 ἐπίκρισιν
559 1454 895 1530 ἀναφέρουσι.

768 1564 1011 1618 ΚΕΦΑΛ.
1055 1567 1152 1616 II".

863 1669 965 1722 οἷα
1020 1672 1167 1741 περὶ
1216 1675 1330 1729 τῆς
1386 1670 1449 1741 ἐς
1525 1667 1758 1741 λόγους

154 1670 312 1743 Περὶ
380 1674 772 1744 Πᾲορφυρίου,

1199 1759 1242 1791 ει
1272 1754 1286 1769 ⁸
1354 1740 1457 1790 οἶα
1518 1735 1756 1791 δὲ’καὶ

228 1738 484 1826 σπουδῆ
505 1738 535 1804 ς’
584 1738 957 1826 ’.Ωριγένρυς
992 1760 1090 1826 ιγσρ

1107 1761 1139 1791 α

228 1760 526 1804 σπουοης
585 1760 957 1816 λυριγενους
1016 1760 1286 1863 γράφει*
1354 1760 1457 1790 οια
1518 1760 1586 1791 σε
1650 1760 1756 1791 και

225 1813 427 1876 αὐτὸς
463 1818 611 1886 περὶ
648 1822 767 1876 τῆς
806 1813 894 1876 εἰς
940 1814 1014 1865 τὰ
1046 1812 1140 1865 Ἑλ
1190 1813 1383 1870 ηνικὰ
1422 1810 1757 1872 ἀσκήσεως
1787 1810 1829 1867 Β

222 1888 373 1960 περὶ
413 1885 610 1938 αὐτοῦ
652 1888 925 1959 ἱστορεῖ.

224 1987 331 2041 Καὶ
361 1990 415 2039 τί
442 1984 525 2040 δεῖ
562 1995 663 2040 τῶν
694 1987 859 2040 ἄλλων
895 2004 910 2055 ;
968 1988 1097 2039 ὅπου
1140 2004 1200 2057 γε
1229 1989 1319 2037 καὶ
1366 1986 1391 2036 ὁ
1444 1983 1500 2036 ἐκ
1532 1983 1758 2044 Σικελίας

151 2078 454 2151 Πορφύριος
492 2077 741 2137 πλείστην
787 2079 916 2135 ὅσην
966 2076 1084 2129 καθ’
1135 2077 1282 2147 ἡμῶν
1326 2073 1548 2136 ἐντείνας
1596 2092 1756 2126 σπου-

153 2160 270 2231 δὴν,
322 2170 413 2218 καὶ
453 2168 544 2229 τὰς
600 2168 739 2229 θείας
785 2168 988 2239 Γραφὰς
1021 2168 1085 2225 ὡς
1128 2160 1294 2237 μηδὲν
1342 2166 1505 2225 οὔσας
1549 2162 1756 2235 ἀπελέγ-

148 2273 269 2326 χειν
317 2259 410 2307 καὶ
458 2254 761 2329 ἀνατρέπειν
807 2252 1137 2328 βουλόμενος,
1184 2257 1361 2325 μνείαν
1416 2271 1472 2305 τε
1516 2261 1617 2303 τῶν
1669 2252 1755 2305 ἐπὶ

146 2347 372 2405 ταύταις
420 2343 809 2417 ἐσχολακότων,
857 2349 947 2397 καὶ
1000 2352 1099 2396 τῶν
1148 2342 1214 2403 εἰς
1271 2339 1433 2415 βάθος
1489 2340 1755 2413 ἐξηγησα-

145 2436 316 2505 μένων
371 2437 702 2507 ποιούμενος,
762 2434 869 2487 ἐπεὶ
937 2430 1105 2507 μηδὲν
1170 2429 1283 2503 εἶχε
1332 2438 1436 2492 τοῖς
1492 2428 1753 2503 δόγμασιν

147 2521 404 2593 ἐγκαλεῖν,
460 2522 655 2597 ἀπορίᾳ
706 2522 890 2594 λόγων,
950 2527 1034 2575 ἰπὶ
1085 2524 1141 2573 τὸ
1194 2516 1449 2593 λοιδορεῖν
1489 2524 1749 2593 τρέπεται,

148 2616 241 2663 καὶ
287 2619 398 2674 τοῖς
451 2611 738 2685 ἐξηγηταῖς
783 2610 961 2684 ἐπάγει
1011 2613 1105 2672 τὰς
1142 2609 1401 2683 μέμψεις*
1452 2610 1503 2662 ἐν
1556 2611 1633 2671 οἶς
1662 2616 1753 2663 καὶ

154 2703 243 2752 τὸν
279 2701 552 2775 Ὠριγένην
611 2705 747 2756 κατὰ
789 2705 883 2760 τὴν
931 2700 1132 2759 ἁπαλὴν
1186 2700 1391 2758 ἡλικίαν
1437 2696 1585 2769 ἰδὼν,
1640 2718 1752 2751 πει-

151 2796 315 2861 ρᾶται
363 2794 449 2863 μεν
504 2790 689 2864 ὕϐρεσι
738 2791 942 2844 πλύνειν
982 2808 994 2819 ·
1049 2789 1229 2847 λέληθε
1258 2786 1309 2841 δ’
1340 2790 1474 2861 ὅμως
1502 2792 1750 2863 παρέχων

154 2880 326 2950 ἐκείνῳ
374 2884 468 2939 τὴν
525 2883 806 2945 σύστασιν,
847 2886 918 2937 πῆ
971 2882 1061 2952 μεν
1106 2876 1311 2942 διεξιὼν
1377 2878 1565 2943 ἀληθῆ,
1621 2880 1749 2931 ὅπου

150 2967 312 3039 λέγειν
338 2969 498 3030 ἄλλως
553 2970 649 3023 οὐκ
717 2966 778 3027 ἦν
830 2972 1101 3042 ἐγχωροῦν
1135 2985 1149 2998 ⁶
1183 2969 1260 3031 οἷς
1306 2964 1365 3020 δε
1392 2967 1564 3019 λαθεῖν
1602 2971 1746 3037 ᾤετο,

142 3062 235 3110 καὶ
288 3058 431 3130 μάλα
479 3056 821 3132 ψευδόμενος.
905 3057 993 3120 Ὦς
1061 3061 1152 3131 μεν
1233 3060 1332 3131 γὰρ
1406 3064 1747 3130 Χριστιανοῦ,

1226 336 1788 399 ECCLESIASTICE
1829 336 2197 398 HISTORLE
2235 342 2368 398 LIB.
2410 341 2479 398 V.

1612 484 1625 498 ο
1675 471 1743 531 ὡς
1776 470 1822 522 Α
1857 482 2027 537 nens,
2057 472 2114 527 et
2145 466 2611 524 commentarios
2641 466 2699 521 in
2741 481 2834 522 res
2872 466 3118 538 quasvis
3157 467 3343 523 edens
3380 484 3391 521 :
3438 467 3518 523 ita

3372 342 3512 399 109$

1858 561 1923 611 ut
1960 557 2122 629 apud
2166 556 2557 629 philosophos
2595 571 2837 628 quoque
2887 571 3143 625 magnus
3171 556 3520 612 haberetur.

1859 645 2031 710 Quod
2062 645 2110 701 si
2150 646 2252 717 qui
2290 651 2485 701 essent
2526 644 2705 717 paulo
2748 644 3038 714 rudiores,
3085 661 3186 700 eos
3222 650 3375 701 artes
3421 662 3522 716 cy-

1859 733 2040 791 clicas
2065 734 2340 800 docebat,
2365 750 2648 804 magnam
2672 733 2809 789 inde
2832 733 3142 791 utilitatem
3179 735 3521 805 comparari

1863 824 1941 880 ad
1982 840 2289 881 sacrarum
2313 824 2765 896 disciplinarum
2805 823 3137 878 doctrinam
3178 822 3519 894 perhibens.

1864 912 2239 985 Proindeque
2294 920 2348 969 et
2406 913 2668 983 seipsnm
2722 912 3075 966 necessitate
3124 913 3388 983 quadam
3444 912 3522 969 ad

1868 1000 2153 1073 profanas
2199 1001 2423 1058 litteras
2474 1000 2789 1056 discendas
2848 1000 3226 1056 descendisse
3278 1006 3521 1056 testatus

1869 1095 1976 1146 est.
2020 1090 2527 1147 Conﬁrmanthoc
2569 1089 2672 1162 qui
2714 1105 2783 1145 eo
2824 1094 3090 1160 tempore
3131 1106 3268 1145 cum
3301 1106 3370 1144 eo
3403 1090 3525 1145 eni-

1870 1184 2033 1235 tuere
2071 1178 2436 1253 philosophi,
2465 1180 2523 1234 in
2559 1194 2818 1250 quorum
2849 1178 3014 1234 libris
3043 1178 3234 1234 multa
3269 1181 3399 1249 ejus
3438 1179 3525 1234 in-

1872 1270 2103 1325 venitur
2123 1269 2367 1325 mentio.
2393 1269 2767 1340 Quandoque
2787 1268 2963 1323 etiam
2986 1267 3065 1323 illi
3086 1267 3272 1323 libros
3295 1268 3347 1323 ei
3378 1284 3522 1324 suos

1870 1358 2240 1427 dedicarunt,
2278 1374 2715 1431 nonnunquam
2748 1362 2950 1413 autem
2987 1372 3090 1414 eos
3126 1359 3351 1428 judicio
3390 1358 3522 1430 ejus

1873 1447 2304 1505 submiserunt.

2488 1556 2709 1611 CAPUT
2759 1555 2893 1609 XIII.

1871 1678 2011 1745 Qua
2026 1678 2403 1748 Porphyrius
2418 1678 2489 1733 de
2503 1678 2803 1748 singulari
2821 1678 3087 1747 Origenis
3102 1679 3164 1734 in
3180 1679 3523 1749 eloquentiae

1940 1754 1994 1805 et
2022 1750 2212 1806 omnis
2237 1751 2463 1820 generis
2488 1752 2712 1805 artium
2737 1750 3009 1805 doctrina
3034 1751 3224 1805 studio
3249 1751 3467 1806 scribat
3501 1771 3521 1807 .-

1939 1836 2069 1893 φασιν
2083 1822 2207 1889 ipse
2224 1837 2449 1893 quoque
2467 1821 2746 1891 Origenes
2766 1822 2838 1877 de
2850 1822 2968 1877 suis
2984 1822 3047 1877 in
3066 1822 3405 1878 Graecorum
3430 1822 3525 1877 lit-

1941 1892 2082 1948 teris
2113 1893 2329 1949 studiis
2362 1900 2787 1950 commemoret.

1938 2000 2004 2053 Et
2031 1998 2177 2070 quid
2214 2014 2368 2071 opus
2400 2002 2487 2053 est
2522 1998 2688 2055 aliis?
2722 1998 2968 2071 quando
2999 2002 3054 2055 et
3077 1999 3439 2072 Porphyrius
3464 2004 3519 2056 et

1867 2086 2063 2143 Sicilia
2120 2102 2499 2160 progressus,
2549 2088 2653 2159 qui
2708 2087 3032 2159 plurimum
3089 2088 3271 2144 studii
3325 2088 3402 2143 ad
3458 2088 3521 2144 id

1865 2176 2132 2241 contulit,
2177 2182 2239 2232 ut
2278 2177 2339 2231 in
2380 2176 2739 2233 Christianos
2780 2177 3174 2243 inveheretur,
3209 2181 3264 2232 et
3300 2176 3522 2232 litteras

1863 2263 2099 2321 divinas
2141 2266 2388 2337 perinde
2417 2270 2597 2338 atque
2628 2265 2775 2321 nihil
2804 2271 3022 2329 essent,
3062 2265 3524 2337 reprehenderet

1863 2356 1923 2408 et
1961 2353 2244 2420 aboleret,
2278 2355 2646 2411 mentionem
2678 2355 2936 2410 inferens
2967 2370 3175 2410 eorum
3205 2356 3308 2427 qui
3340 2354 3399 2409 in
3430 2354 3518 2409 eis

1863 2443 2266 2511 elaborarunt,
2294 2460 2626 2517 earumque
2654 2445 3029 2500 secretiorem
3061 2460 3304 2499 sensum
3340 2459 3519 2515 expo-

1864 2538 2132 2599 suerunt,
2166 2549 2304 2589 cum
2333 2533 2477 2589 nihil
2510 2533 2847 2603 argumenti
2873 2539 2930 2588 et
2955 2534 3275 2589 verborum
3312 2532 3521 2605 inopia

1859 2621 2129 2688 haberet,
2160 2622 2327 2694 quod
2357 2627 2564 2678 contra
2594 2627 2796 2679 nostra
2825 2622 3111 2692 dogmata
3140 2622 3518 2679 criminando

1860 2710 2115 2777 aﬂerret,
2148 2710 2225 2767 ad
2256 2712 2527 2767 convicia
2565 2728 2626 2767 se
2657 2717 3028 2777 convertens,
3062 2716 3117 2767 et
3148 2718 3519 2767 enarratores

1860 2816 2068 2857 eorum
2107 2816 2380 2872 carpens,
2419 2802 2598 2873 360
2638 2802 2787 2857 inter
2823 2816 2927 2857 eos
2964 2801 3296 2871 Origenem,
3338 2816 3521 2871 quem

1860 2890 1921 2946 in
1952 2896 2155 2946 tenera
2184 2895 2355 2947 astate
2386 2892 2632 2957 viderat,
2666 2891 3047 2964 proscindere
3077 2897 3346 2946 conatur.
3391 2891 3520 2956 Qua

1860 2983 2062 3035 tamen
2093 2979 2155 3034 in
2185 2995 2247 3035 re
2279 2980 2862 3036 commendationem
2893 2980 3050 3035 illius
3069 2980 3395 3049 legitimam
3430 2979 3523 3035 vel

1860 3068 2130 3138 ingratiis
2175 3068 2363 3137 affert,
2409 3085 2569 3124 nunc
2612 3068 2861 3141 quidem
2899 3085 3042 3125 vera
3099 3067 3516 3133 memorando,

140 3152 465 3220 κατηγορίαν
514 3147 819 3201 ἐνίσταται·
868 3149 934 3208 ὡς
982 3144 1041 3200 δε
1071 3147 1362 3219 φιλοσόφως
1402 3150 1591 3212 ζῶντα,
1634 3142 1751 3199 δια-

1864 3173 1996 3212 cum
2041 3157 2259 3213 scilicet
2296 3158 2459 3214 aliud
2494 3158 2829 3230 quidquam
2866 3158 3061 3214 dicere
3097 3172 3217 3213 non
3250 3164 3449 3229 posset
3502 3172 3515 3212 :

138 3238 353 3310 γράφων
410 3236 460 3288 ἐν
507 3246 579 3309 τῷ
632 3236 940 3309 θαυμάζειν.
1021 3238 1123 3289 Οἰα
1200 3243 1326 3306 γοῦν
1408 3240 1522 3309 περὶ
1590 3235 1749 3287 αὐτοῦ

147 3321 417 3395 διέξεισιν,
466 3327 625 3379 αὐτοῦ
684 3326 921 3397 λέγοντος
978 3324 1181 3378 ἀκούειν
1219 3330 1391 3400 χρεών
1425 3341 1437 3355 ’
1490 3346 1519 3375 ι(
1549 3324 1651 3385 Τῆς
1691 3321 1752 3377 δὲ

143 3417 449 3489 μοχθηρίας
508 3424 609 3468 τῶν
673 3412 978 3469 Ἰουδαϊκῶν
1028 3420 1240 3486 Γραφών
1283 3414 1376 3466 οὐκ
1431 3412 1747 3479 ἀπόστασιν,

140 3502 293 3556 λύσιν
345 3501 406 3557 δέ
453 3523 589 3567 τινες
642 3505 804 3579 εὑρεῖν
869 3506 1305 3577 προθυμηθέντες,
1358 3502 1434 3554 ἐπ’
1477 3502 1752 3574 ἐξηγήσεις

138 3591 444 3665 ἐτράποντο,
536 3592 945 3665 ἁσυγκλώστους
1024 3598 1113 3646 καὶ
1215 3591 1578 3664 ἁναρμόστους
1648 3599 1751 3652 τοῖς

136 3685 543 3754 γεγραμμένοις,
645 3686 741 3735 οὒκ
821 3682 1104 3753 ἀπολογίαν
1170 3680 1360 3753 μᾶλλον
1445 3682 1572 3755 ὑπερ
1652 3688 1751 3731 τῶν

142 3769 375 3835 ὀθνείων,
446 3776 692 3844 παροχὴν
738 3769 797 3825 δε
844 3776 933 3824 καὶ
994 3772 1201 3824 ἔπαινον
1256 3777 1365 3831 τοῖς
1416 3768 1618 3829 οἰκείοις
1670 3788 1751 3841 φεο

138 3862 361 3932 ρούσας.
417 3860 716 3933 Αἰνίγματα
763 3864 865 3934 γὰρ
923 3862 987 3913 τὰ
1039 3869 1260 3933 φανερῶς
1320 3861 1464 3933 παρὰ
1534 3865 1751 3911 Μωυσεῖ

139 3947 392 4021 λεγόμενα
435 3946 566 4002 εἶναι
632 3950 1014 4022 κομπάσαντες,
1078 3954 1163 4001 καὶ
1236 3950 1623 4009 ἐπιθειάσαντες
1686 3951 1751 4009 ὡς

143 4040 480 4110 θεσπίσματα
532 4038 704 4112 πλήρη
763 4045 991 4113 κρυφίων
1043 4042 1371 4111 μυστηρίων,
1429 4033 1522 4089 διά
1551 4055 1607 4089 τε
1658 4045 1750 4089 τοῦ

139 4129 308 4199 τύφου
356 4131 410 4180 τὸ
485 4131 718 4203 κριτικόν
797 4135 893 4190 τῆς
957 4127 1146 4200 ψυχῆς
1215 4128 1744 4199 καταγοητεύσαντες,

140 4214 429 4287 ἐπάγουσιν
490 4216 788 4288 ἐξηγήσεις.
829 4238 857 4269 >›
919 4216 1051 4273 Εἶτα
1105 4216 1216 4289 μετ’
1273 4216 1469 4287 ὀλίγα·
1535 4215 1648 4267 «⁸0
1688 4212 1747 4269 δὲ

136 4305 331 4375 τρόπος
383 4314 479 4366 τῆς
531 4303 747 4368 ἀτοπίας
793 4304 846 4368 ἐξ
894 4302 1105 4377 ἀνδρὸς,
1226 4304 1368 4377 κάγὼ
1412 4302 1607 4377 κομιδῆ
1639 4308 1748 4367 νέος

137 4396 210 4443 ὢν
249 4394 327 4445 ἔτι
380 4392 724 4464 ἐντετύχηκα,
782 4390 991 4468 σφόδρα
1042 4390 1494 4465 εὐδοκιμήσαντος
1535 4397 1626 4445 καὶ
1671 4395 1748 4445 ἔτι

1862 3263 2019 3301 nunc
2051 3263 2189 3303 vero
2219 3247 2535 3303 mendacia
2564 3247 2985 3318 conﬁngendo,
3020 3246 3119 3302 ubi
3151 3262 3212 3301 se
3243 3246 3421 3302 latere
3464 3251 3519 3304 et

1859 3335 2061 3392 fallere
2094 3352 2271 3407 posse
2301 3341 2585 3408 speraret.
2626 3336 2929 3408 Siquidem
2965 3352 3103 3391 eum
3138 3341 3196 3390 ut
3238 3336 3516 3392 Christia-

1862 3441 2004 3480 num
2043 3426 2393 3481 criminatur
2424 3444 2437 3481 :
2470 3442 2708 3481 rursum
2738 3441 2898 3491 vero,
2932 3441 3070 3480 cum
3102 3424 3512 3495 philosophice

1859 3514 2158 3570 viventem
2203 3514 2501 3585 describit,
2535 3515 2883 3570 admiratur.
2923 3516 3132 3568 Verum
3166 3529 3299 3585 qum
3331 3512 3405 3569 de
3437 3530 3507 3569 eo

1861 3609 2310 3668 commemoret,
2352 3605 2567 3658 rectius
2604 3619 2675 3659 ex
2714 3602 2904 3673 ipsius
2942 3602 3137 3657 verbis
3184 3600 3511 3670 intelligen~

1862 3695 1955 3747 tur
1983 3707 1995 3745 :
2028 3713 2055 3741 ‹‹
2080 3691 2407 3761 Flagitiosae
2446 3691 2844 3762 improbitatis
2869 3690 3252 3745 Judaicarum
3284 3689 3510 3746 littera-

1860 3796 1995 3836 rum
2016 3796 2135 3835 non
2159 3782 2632 3851 abrogationem,
2659 3779 2765 3834 sed
2792 3779 3145 3835 solutionem
3168 3779 3417 3850 quidam
3450 3795 3512 3834 se

1860 3867 2204 3925 inventuros
2227 3874 2556 3941 sperantes,
2587 3884 2810 3940 magna
2835 3868 3174 3924 animorum
3207 3867 3510 3924 alacritate

1860 3958 1940 4014 ad
1992 3958 2393 4029 expositiones
2448 3962 2504 4013 et
2550 3958 2955 4014 enarrationes
3010 3972 3071 4011 se
3105 3957 3504 4024 contulerunt,

1858 4047 2017 4103 male
2063 4047 2449 4113 cohaerentes,
2497 4048 2726 4118 ineptas
2765 4052 2820 4102 et
2856 4045 3171 4116 Scripturis
3213 4046 3357 4118 ipsis
3403 4047 3511 4101 mi-

1858 4136 2019 4191 nime
2046 4143 2463 4206 congruentes,
2494 4143 2550 4192 et
2584 4152 2701 4191 non
2741 4140 2862 4191 tam
2902 4134 3310 4190 defensionem
3346 4150 3515 4206 pere-

1858 4226 2043 4295 grinas
2081 4224 2430 4297 disciplinae,
2462 4241 2649 4298 quam
2692 4231 2989 4297 quaestum
3035 4229 3089 4279 et
3127 4223 3368 4279 laudem
3408 4241 3514 4280 au-

1858 4315 2121 4369 ctoribus
2156 4314 2296 4385 ipsis
2328 4314 2659 4370 afferentes.
2692 4314 2908 4383 Magno
2940 4314 3099 4369 enim
3127 4312 3303 4379 fastu,
3350 4314 3515 4385 apud

1857 4404 2075 4469 Mosen,
2116 4402 2401 4476 pleraque
2433 4403 2685 4459 obscure
2728 4402 2907 4468 dicta,
2955 4407 3133 4473 atque
3186 4403 3508 4471 aenigmata

140 4476 217 4532 δι’
294 4481 362 4533 ὧν
437 4482 772 4535 καταλέλοὶπε
844 4483 1272 4555 συγγραμμάτων
1321 4478 1744 4553 εὐδοκιμοῦντος,

1864 4507 2105 4563 prorsus
2134 4508 2280 4557 esse,
2319 4509 2442 4564 prae
2476 4508 2537 4547 se
2577 4492 2828 4548 ferentes
2863 4509 2875 4546 :
2907 4496 2964 4547 et
2989 4491 3328 4546 divinorum
3381 4507 3512 4547 oras

137 4570 495 4644 παρειλήφθω,
561 4571 858 4647 Ὠριγένους
892 4589 904 4600 ·
947 4571 1007 4624 οὗ
1059 4571 1198 4631 κλέος
1233 4572 1379 4645 παρὰ
1424 4578 1531 4632 τοῖς
1583 4566 1746 4623 διδα-

139 4658 359 4721 σκάλοις
409 4662 602 4712 τούτων
662 4668 764 4712 τῶν
815 4659 979 4733 λόγων
1056 4657 1391 4714 διαδίδοται.
1462 4660 1747 4734 ’Δκροατὴς

136 4751 242 4822 γὰρ
307 4745 460 4812 οὗτος
512 4748 807 4822 Ἀμμωνίου
873 4758 965 4803 τοῦ
1037 4750 1286 4809 πλείστην
1342 4749 1391 4802 ἐν
1462 4757 1571 4811 τοῖς
1626 4751 1744 4803 καθ’

135 4840 279 4909 ἡμᾶς
325 4842 540 4911 χρόνοις
587 4835 823 4891 ἐπίδοσιν
895 4842 1190 4911 ἐσχηκότος
1246 4843 1483 4910 γεγονὼς,
1528 4840 1600 4899 εἰς
1655 4842 1746 4911 μεν

135 4932 233 4986 τὴν
265 4938 365 4980 τῶν
408 4927 569 4998 λογων
609 4927 881 5003 ἐμπειρίαν
918 4928 1111 4987 πολλὴν
1152 4932 1296 5002 παρὰ
1344 4936 1434 4981 τοῦ
1480 4925 1744 4980 διδασκά-

131 5016 226 5069 λου
267 5020 360 5075 τὴν
413 5016 650 5089 ὠφελειαν
709 5015 1007 5074 ἐκτήσατο⁶
1056 5018 1125 5079 εἰς
1176 5014 1234 5069 δὲ
1289 5022 1381 5076 τὴν
1448 5017 1607 5090 ὀρθὴν
1654 5025 1745 5071 τοῦ

136 5102 258 5177 βίον
302 5110 607 5180 προαίρεσιν
655 5109 747 5164 τὴν
795 5105 1024 5159 ἐναντίαν
1082 5105 1255 5178 ἐκείνῳ
1307 5111 1520 5179 πορείαν
1569 5105 1745 5165 ἐποιή-

138 5214 297 5251 σατο.
335 5197 629 5269 Ἀμμώνιος
658 5200 748 5269 μὲν
794 5200 920 5271 γὰρ,
970 5201 1285 5272 Χριστιανὸς
1324 5200 1373 5249 ἓν
1404 5204 1745 5271 Χριστιανοῖς

136 5282 446 5358 ἀνατραφεὶς
499 5293 608 5347 τοῖς
654 5293 910 5357 γονεῦσιν,
965 5288 1048 5339 ὅτε
1104 5294 1194 5339 τοῦ
1249 5293 1447 5358 φρονεῖν
1499 5291 1588 5338 καὶ
1648 5295 1741 5349 τῆς

137 5373 443 5445 φιλοσοφίας
509 5373 705 5445 ἣψατό,
762 5375 913 5436 εὐθὺς
955 5378 1083 5449 πρὸς
1129 5380 1222 5434 τὴν
1269 5378 1404 5428 κοιτὰ
1431 5386 1621 5448 νόμους
1649 5395 1743 5428 πο-

132 5460 328 5515 λιτείαν
376 5462 682 5535 μετεϐάλετο
711 5483 723 5496 ’
779 5463 1043 5538 Ὠριγένης
1097 5462 1154 5518 δε
1201 5464 1384 5525 Ἐλλην
1428 5464 1477 5517 ἐν
1520 5464 1741 5523 Ἕλλησι

134 5549 442 5614 παιδευθεὶς
488 5552 678 5624 λόγοις,
736 5557 862 5627 πρὸς
911 5558 969 5606 τὸ
1028 5551 1292 5629 βάρϐαρον
1350 5554 1578 5617 ἐξώκειλε
1628 5555 1739 5607 τόλ-

134 5659 312 5714 μημα,
350 5641 390 5713 ᾧ
422 5637 491 5701 δή
519 5645 680 5719 φέρων
730 5645 882 5697 αὐτόν
932 5660 987 5696 τε
1034 5648 1123 5696 καὶΙ
1176 5648 1269 5703 τὴν
1318 5643 1369 5697 ἐν
1408 5648 1517 5709 τοῖς
1566 5643 1741 5717 λόγοις

1856 4580 2151 4647 culorum,
2168 4597 2302 4654 qua:
2325 4597 2684 4637 arcanorum
2707 4597 2991 4636 sensuum
3015 4586 3070 4636 et
3091 4581 3510 4651 mysteriorum

1858 4668 1977 4724 sint
2032 4670 2230 4742 plena,
2281 4670 2694 4727 auctoritatem
2743 4670 2827 4724 eis
2881 4670 3221 4734 tribuentes,
3276 4668 3506 4739 judicio

1860 4773 2068 4814 eorum
2099 4760 2455 4828 arrogantiae
2491 4758 2809 4831 praestigiis
2846 4758 3155 4824 fascinato,
3181 4760 3505 4815 enarratio«

1857 4862 1963 4902 nes
1984 4846 2353 4917 ejuscemodi
2378 4849 2713 4904 instituunt.
2738 4867 2766 4899 ν
2792 4850 2856 4902 Et
2876 4846 3056 4917 paulo
3081 4852 3247 4917 post:
3273 4848 3507 4920 «Hujus

1856 4933 2246 4991 absurditatis
2295 4936 2636 5008 exemplum
2682 4936 2760 4991 ab
2802 4934 3052 5003 Origene
3095 4942 3366 4990 sumatur
3421 4938 3508 5005 (in

1854 5038 2037 5095 quem
2060 5038 2171 5094 ego
2188 5024 2667 5080 adolescentulus
2696 5024 3024 5079 admodum
3041 5024 3265 5091 incidi),
3288 5040 3511 5095 magna

1856 5117 1983 5169 tum
2027 5112 2214 5184 gloria
2248 5113 2372 5169 viro
2410 5132 2422 5171 :
2461 5112 2635 5167 sicuti
2670 5113 2996 5167 etiamnum
3046 5128 3337 5183 magnum
3378 5115 3507 5184 ejus

1853 5206 1963 5266 est,
2004 5209 2238 5273 propter
2266 5218 2337 5257 ea
2361 5218 2496 5274 quae
2535 5206 2670 5273 post
2699 5216 2761 5256 se
2790 5200 3022 5271 reliquit
3047 5201 3338 5257 librorum
3377 5219 3508 5258 moa

1852 5297 2161 5357 numenta,
2203 5290 2368 5362 apud
2391 5306 2495 5346 eos
2524 5292 2816 5362 praecipue
2845 5290 2947 5360 qui
2975 5289 3114 5345 talia
3144 5290 3359 5345 docent
3389 5291 3498 5347 ho‘

1852 5380 2068 5447 mines,
2113 5395 2359 5437 nomen.
2408 5380 2555 5435 Cum
2607 5381 2768 5434 enim
2816 5380 3137 5444 Ammonii,
3181 5381 3283 5451 qui
3326 5385 3497 5436 aetate

1852 5474 2057 5524 nostra
2102 5467 2163 5523 in
2198 5469 2464 5524 maximo
2504 5468 2612 5523 fuit
2646 5467 2857 5539 pretio,
2893 5467 3131 5522 auditor
3166 5474 3341 5537 esset,
3377 5470 3519 5539 plu-

1856 5557 2077 5613 rimum
2113 5558 2173 5613 in
2211 5557 2550 5630 eloquentia
2578 5563 2633 5612 et
2663 5555 2993 5628 disciplinis
3022 5556 3304 5612 omnibus
3337 5560 3503 5631 apud

1850 5660 1995 5705 eum
2039 5645 2395 5720 magistrum
2441 5651 2529 5704 est
2561 5660 2958 5721 progressus;
3011 5645 3248 5703 vivendi
3293 5654 3497 5709 autem
