4036 6288
573 299 710 359 1095
1879 297 2271 356 NICEPHORI
2306 297 2626 356 CALLlSTI
3737 311 3828 369 1096

566 421 864 494 instituto,
888 426 1248 483 contrariam
1281 426 1362 482 illi
1395 430 1635 482 secutus
1661 430 1751 482 est
1780 427 1960 482 viam.
1995 425 2160 481 Amm

2264 437 2310 491 Α
2347 425 2450 488 ἐξιν
2517 424 2859 492 ἐκαπήλευσε,
2917 428 3054 479 κατὰ
3122 429 3212 500 μὲν
3268 430 3351 480 τὸν
3394 433 3538 501 νόμον
3591 437 3833 506 Χριστιανῶς

569 517 707 572 nius
746 532 1011 588 namque
1051 515 1439 581 Christianus,
1474 522 1528 572 et
1569 531 1602 570 a
1636 514 1982 571 Christianis
2024 530 2163 586 pare

2347 515 2448 575 ζῶν
2475 519 2564 568 καὶ
2601 520 2934 587 παρανόμως,
2981 518 3116 568 κατὰ
3155 513 3214 569 δε
3244 521 3337 578 τὰς
3385 523 3499 592 περὶ
3541 528 3625 571 τῶν
3666 530 3837 596 πρε-[μά.

572 605 728 662 tibus
767 606 1076 670 educatus,
1119 613 1439 676 postquam
1483 620 1692 676 sapere
1735 605 1932 676 coepit,
1965 603 2166 676 philos

2343 623 2442 657 των
2483 610 2571 658 καὶ
2609 613 2706 657 τοῦ
2749 608 2886 658 θείου
2919 603 3078 669 δόξας
3122 606 3424 671 Ἐλληνίζων
3463 628 3529 672 τε,
3586 617 3660 662 καὶ
3697 615 3840 666 τὰ

569 695 897 767 phiamque
928 694 1136 763 attigit,
1181 694 1340 750 illico
1375 694 1452 749 ad
1485 693 1816 762 legitimam
1853 693 2096 748 vivendi
2134 709 2162 748 r

2343 692 2506 750 λήνων
2559 701 2668 756 τοῖς
2714 694 2930 756 ὀθνείοις
2979 694 3387 768 ὑποϐαλλόμενος
3426 699 3615 768 μύθοις.
3662 707 3782 760 Σννῆν
3807 723 3841 755 τε

569 782 792 840 tionem
846 800 909 839 se
961 781 1227 839 contulit.
1289 784 1571 852 Origenes
1615 789 1818 838 autem
1870 783 2126 848 Graecus,

2343 785 2445 854 γὰρ
2490 783 2567 835 ἀεὶ
2610 791 2681 854 τῷ
2736 783 3008 837 Πλάτωνι·
3057 792 3162 846 τοῖς
3214 805 3267 838 τε
3302 793 3588 858 Νουμηνίου
3633 794 3705 841 καὶ
3758 798 3845 865 Κρο-

569 873 783 928 Graacis
808 874 1075 927 eruditus
1109 871 1467 942 disciplinis,
1501 871 1773 926 animum
1804 871 1881 926 ad
1910 870 2163 926 barbara

2344 876 2474 937 νίου,
2543 871 2953 945 Ἀπολλοφάνους
3005 893 3059 926 τε
3111 879 3200 926 καὶ
3254 880 3505 947 Λογγίνου
3556 881 3636 929 καὶ
3675 876 3845 953 Μοδερά-

569 959 800 1032 appulit
833 961 1242 1024 temeritatem,
1278 961 1337 1014 in
1370 975 1491 1031 qua
1527 961 1791 1031 seipsum
1828 966 1885 1014 et
1919 961 2163 1014 maturit

2345 979 2452 1024 του,
2509 964 2825 1034 Νικομάχου
2891 983 2943 1015 τε
2993 968 3083 1015 καὶ
3140 973 3239 1015 τῶν
3297 964 3346 1016 ἐν
3401 973 3506 1026 τοῖς
3559 968 3844 1040 Πυθαγορείοις

568 1054 710 1115 tem,
743 1065 926 1121 quam
968 1051 1030 1104 in
1072 1048 1342 1120 politiore
1372 1049 1646 1104 doctrina
1687 1047 1942 1118 adeptus
1981 1053 2162 1116 erat,a

2348 1047 2626 1121 ὒλογίμων
2684 1048 2906 1126 ἀνδρῶν,
2963 1052 3143 1123 ὡμίλει
3219 1055 3631 1126 συγγράμμασιν.
3681 1055 3846 1128 Ἐχρῆτο

569 1143 872 1211 quaastum
912 1139 1228 1209 exposuit:
1264 1138 1589 1193 Christiane
1629 1136 1880 1209 quidem
1917 1136 2010 1192 ille
2050 1141 2107 1192 et
2143 1138 2158 1191 i

2350 1135 2408 1189 δὲ
2459 1144 2548 1191 καὶ
2599 1145 2929 1213 Χαιρήμονος
2983 1149 3076 1194 τοῦ
3129 1149 3374 1208 Στωϊκοῦ,
3409 1146 3670 1216 Κορνούτον
3703 1164 3746 1197 τε
3774 1155 3848 1206 ταῖς

561 1228 717 1300 juste
751 1233 928 1299 atque
951 1227 1133 1299 impie
1160 1227 1389 1296 vivens,
1413 1227 1471 1282 in
1501 1227 1887 1298 persuasione
1913 1231 2112 1282 autem
2141 1242 2155 1280 ι

2349 1223 2546 1299 βίϐλοις
2579 1245 2590 1256 ⁸
2651 1229 2774 1303 παρ’
2831 1230 2899 1280 ὧν
2946 1232 3032 1281 τὸν
3082 1230 3462 1301 μεταληπτικὸν
3511 1239 3600 1282 τῶν
3639 1235 3738 1305 παρ’
3774 1232 3850 1285 Ἐλ-

567 1316 802 1385 ligionis
840 1321 1021 1387 atque
1059 1316 1120 1370 in
1163 1316 1375 1370 studiis
1429 1314 2067 1386 lucubrationibusque
2109 1331 2161 1368 ει

2347 1315 2471 1373 λησι
2555 1323 2861 1390 μυστηρίων
2945 1324 3134 1392 τρόπον
3190 1325 3362 1391 γνοὺς,
3433 1327 3543 1382 ταῖς
3610 1317 3851 1382 Ἰουδαίιιιῐς

569 1406 803 1461 Graecos
844 1411 1220 1472 consectans,
1253 1409 1308 1459 et
1347 1406 1686 1460 Graecorum
1728 1404 2016 1473 dogmata
2063 1419 2163 1473 per

2349 1405 2593 1478 προσῆψε
2641 1413 2884 1481 Γραφαῐς.
2920 1427 2948 1459 ›)
2993 1410 3150 1461 Ταῦτ’
3196 1410 3244 1460 ἓν
3293 1416 3364 1478 τῷ
3421 1414 3570 1482 τρίτῳ
3627 1418 3716 1471 τοῖς
3761 1417 3851 1461 κατὰ

568 1492 754 1563 grinis
776 1491 1102 1562 subjiciens
1126 1492 1369 1547 fabulis.
1397 1493 1641 1562 Semper
1663 1492 1821 1547 enim
1861 1496 2162 1547 versatusc

2354 1496 2674 1565 Χριστιανῶν
2747 1503 2994 1569 γραφεῖσι
3052 1499 3340 1570 Πορφύριος
3368 1501 3559 1571 εἰρηκεν
3597 1513 3608 1525 ·
3645 1497 3772 1558 ἀληθῆ
3792 1503 3851 1571 μὲν

567 1590 628 1646 in
671 1581 931 1648 Platone,
970 1583 1283 1645 Numenio,
1335 1581 1569 1648 Cronio,
1610 1580 2049 1652 Apollophane,
2094 1581 2161 1635 Le

2353 1587 2470 1655 περὶ
2527 1592 2622 1646 τῆς
2668 1585 2992 1656 πολυμαθίας
3049 1586 3202 1638 εἰπὼν
3245 1594 3334 1638 τοῦ
3374 1583 3575 1658 ἀνδρὸς,
3615 1585 3657 1638 έν
3699 1585 3742 1639 δὲ
3779 1597 3853 1647 τοῖς

569 1670 732 1742 gino,
754 1671 1078 1736 Moderata,
1111 1669 1496 1726 Nicomacho.
1525 1669 1848 1724 Plurimum
1882 1671 2060 1725 etiam
2103 1684 2238 1740 Ope-

567 1775 649 1815 rm
689 1760 747 1814 in
782 1775 988 1814 eorum
1029 1758 1196 1814 libris
1236 1760 1448 1830 posuit,
1484 1759 1584 1830 qui
1619 1759 1768 1814 inter
1853 1758 2240 1829 ythagoricos

568 1849 882 1906 excellunt.
945 1847 1098 1904 Usus
1159 1849 1330 1920 361
1392 1865 1635 1921 quoque
1699 1855 1786 1904 est
1838 1849 2242 1904 Chaeremonis

570 1938 746 1994 Stoici
777 1943 834 1993 et
862 1936 1102 1994 Cornuti
1133 1937 1322 2003 libris,
1356 1954 1426 1993 ex
1457 1939 1682 2010 quibus
1714 1937 2102 2007 allegoricum
2135 1953 2240 1992 eo-

569 2043 705 2082 rum
754 2043 889 2099 quas
928 2027 1093 2099 apud
1132 2029 1364 2083 Graecos
1407 2032 1544 2082 sunt
1597 2028 2021 2100 mysteriorum
2071 2042 2242 2082 enar-

570 2115 747 2172 randi
773 2132 1002 2172 morem
1028 2116 1254 2182 didicit,
1283 2121 1340 2171 et
1367 2116 1683 2186 Scripturis
1708 2115 1971 2171 Judaicis
1996 2131 2241 2170 accom-

569 2204 856 2260 modavit.
891 2226 920 2255 ››
956 2208 1088 2260 Haec
1123 2205 1506 2277 Porphyrius,
1538 2205 1598 2260 in
1635 2205 1802 2260 tertio
1839 2221 2048 2262 eorum
2081 2221 2242 2278 quos

571 2300 780 2349 contra
835 2294 1200 2350 Christianos
1255 2295 1494 2364 scripsit
1552 2293 1862 2360 librorum,
1914 2293 2112 2348 refert.
2180 2297 2243 2349 In

570 2383 792 2455 quibus
813 2399 884 2439 ea
904 2383 1152 2455 quidem
1173 2399 1310 2455 quae
1337 2383 1413 2438 de
1437 2383 1749 2454 multijuga
1775 2382 1883 2437 viri
1911 2384 2242 2439 eruditione

571 2473 1084 2536 commemoravit,
1133 2487 1270 2528 vera
1318 2477 1494 2538 sunt;
1542 2471 1660 2528 alia
1701 2487 1838 2528 vero
1869 2473 2241 2543 apertissime

570 2562 872 2619 mentitur.
913 2562 1067 2628 Quid
1101 2563 1261 2617 enim
1295 2561 1411 2627 ille,
1448 2577 1614 2617 more
1656 2562 2064 2634 sycophantae,
2117 2577 2242 2618 non

571 2652 1142 2717 comminisceretur,
1187 2653 1293 2723 qui
1338 2657 1547 2708 contra
1601 2651 1966 2706 Christianos
2018 2651 2100 2706 ita
2153 2657 2243 2707 est

570 2739 1027 2798 debacchatus?
1067 2742 1266 2796 Ausus
1296 2740 1523 2813 quippe
1573 2746 1680 2806 est,
1722 2741 2037 2810 Origenem
2079 2739 2242 2796 afﬁr-

571 2847 736 2888 mare
799 2847 852 2886 a-
904 2833 1242 2886 Grmcorum
1313 2831 1738 2902 superstitione
1800 2829 2236 2902 transfugisse;

571 2921 958 2976 Ammonium
1002 2935 1143 2975 vero
1177 2925 1386 2975 contra
1427 2935 1464 2974 a
1502 2935 1657 2974 verae
1695 2919 1932 2991 pietatis
1975 2919 2241 2974 instituto

573 3009 651 3066 ad
683 3009 1058 3080 peregrinam
1092 3008 1441 3081 religionem
1466 3008 1772 3064 transiisse
1801 3025 1816 3063 :
1840 3025 1976 3063 cum
2001 3009 2236 3078 Origeni

575 3098 906 3156 Christiana
958 3097 1248 3170 professio
1298 3099 1491 3168 patria
1539 3113 1785 3169 prorsus
1836 3098 2031 3162 fuerit,
2081 3098 2164 3152 sic

2221 3101 2238 3148 t
2278 3163 2312 3172 _
2353 3103 2440 3150 καὶ
2488 3104 2605 3169 περὶ
2660 3103 2753 3157 τὴν
2789 3107 2888 3150 τῶν
2940 3099 3035 3162 ἔξω
3091 3101 3421 3172 μαθημάτων
3475 3101 3714 3170 ἀνάληψαυ
3742 3097 3814 3165 ὑπὲρ

573 3187 648 3243 de
702 3202 774 3242 eo
823 3163 1022 3242 statim
1064 3203 1101 3242 a
1146 3163 1439 3258 principio
1486 3163 1799 3242 retulimus
1839 3201 1851 3239 :
1891 3187 2167 3241 Ammoni

2227 3163 2313 3240 ΞΟ
2351 3187 2411 3246 ἧς
2438 3192 2528 3239 καὶ
2565 3186 2754 3259 μᾶλλον
2816 3192 2947 3262 πρός
2996 3207 3138 3248 τινας
3189 3189 3239 3240 ἐν
3290 3189 3489 3250 αἰτίαις
3538 3187 3821 3261 τιθεμέινιίτίπ

573 3283 776 3333 autem
824 3276 902 3332 ad
949 3282 1286 3332 extremum
1337 3292 1524 3348 usque
1575 3276 1849 3348 spiritum
1904 3281 2167 3332 constant

2241 3294 2245 3308 ’
2351 3277 2542 3328 ἐκείνου
2593 3282 2711 3351 περὶ
2748 3278 2812 3328 τὰ
2848 3284 3066 3329 τοιαῦτα
3115 3274 3384 3345 σπουδὴν,
3443 3275 3569 3331 τάδε
3616 3279 3717 3329 κατὰ
3747 3273 3835 3344 itif“

572 3367 1024 3439 persuasionem
1065 3364 1203 3420 ﬁdei
1234 3366 1296 3420 in
1328 3365 1624 3420 Christum
1667 3365 1994 3431 retinuerit,
2027 3381 2166 3436 que:

2352 3360 2597 3426 διέξεισιν
2654 3363 3006 3416 ἐπιστέλλωνο
3076 3383 3105 3416 ι(
3151 3363 3294 3418 Ἐπεὶ
3376 3362 3438 3418 δὲ
3495 3365 3749 3435 ἀνακειμένῳ
3787 3375 3842 3428 [19'-

571 3455 900 3512 admodum
931 3453 991 3509 id
1020 3453 1469 3510 lucubrationes
1513 3453 1665 3524 ejus,
1699 3453 1921 3525 quibus
1955 3469 2165 3523 magna

2349 3460 2422 3523 τῷ
2470 3453 2606 3524 λόγῳ
2653 3459 2742 3513 τῆς
2793 3457 2971 3524 φήμης
3028 3449 3423 3528 διατρεχούσης
3477 3459 3588 3529 περὶ
3636 3462 3710 3511 τῆς
3752 3447 3843 3509 ἕως

571 3544 815 3601 laudem
835 3549 892 3599 et
912 3543 1164 3616 gloriam
1189 3548 1278 3598 est
1299 3549 1671 3608 consecutus,
1689 3542 2011 3600 manifesto
2029 3549 2165 3598 testa

2350 3543 2495 3614 ἡμῶν
2550 3546 2851 3614 προσῄεσαν
2908 3543 2990 3594 ὁτὲ
3043 3544 3133 3614 μὲν
3193 3543 3467 3616 αἰρετικοὶ,
3515 3545 3593 3596 ὁτὲ
3641 3537 3690 3592 δὲ
3720 3541 3781 3588 καὶ
3818 3535 3846 3584 οἱ

573 3638 687 3700 tur,
740 3634 1036 3705 praecipue
1083 3648 1220 3687 vero
1274 3632 1746 3688 commentarius
1797 3632 1949 3702 ejus,
2004 3632 2108 3704 qui
2166 3665 2167 3670 η

2351 3628 2451 3682 ἀπὸ
2490 3638 2589 3682 τῶν
2646 3629 2696 3681 ίν
2742 3629 3021 3702 φιλοσοφίᾳ
3049 3647 3060 3658 ’
3120 3627 3290 3693 ἔδοξεν
3349 3631 3585 3695 ἐξετάσαι
3627 3631 3680 3682 τά
3717 3645 3754 3678 τε
3787 3630 3846 3674 τὰν

567 3723 738 3781 Mosis
765 3730 819 3778 et
843 3723 980 3777 Jesu
1006 3722 1408 3778 consonantia
1440 3721 1771 3792 inscriptus
1808 3727 1896 3777 est
1927 3738 1941 3788 ;
1977 3737 2045 3778 ac
2077 3721 2242 3776 dein-

569 3813 643 3867 de
668 3811 787 3879 alii,
815 3812 919 3884 qui
946 3811 1223 3881 ejusdem
1248 3809 1488 3880 generis
1517 3810 1682 3882 apud
1714 3809 2020 3866 studiosos
2048 3826 2240 3865 asser-

570 3906 805 3958 vantur.
841 3905 1029 3973 Atque
1058 3901 1188 3956 haec
1225 3905 1544 3972 propterea
1575 3899 1825 3968 adduxi,
1863 3904 1929 3955 ut
1963 3898 2144 3954 simul
2185 3915 2242 3971 et

576 3989 1036 4062 sycophantiam
1062 3988 1510 4044 calumniatoris
1533 3987 1881 4054 refellerem,
1901 3994 1958 4043 et
1975 3995 2240 4060 quantus

572 4079 636 4134 in
667 4079 923 4133 externis
955 4077 1288 4150 disciplinis
1319 4077 1604 4147 Origenes
1635 4077 1805 4132 fuerit
1836 4077 2237 4132 ostenderem.

580 4169 708 4233 Quo
751 4166 1016 4233 nomine,
1049 4167 1214 4237 quod
1250 4165 1474 4222 scilicet
1502 4167 1755 4220 nimium
1796 4165 1855 4220 in
1896 4181 1998 4220 eas
2042 4180 2240 4236 operte

577 4261 634 4312 et
673 4256 850 4312 studii
882 4255 1222 4321 collocaret,
1257 4270 1392 4310 cum
1430 4269 1466 4310 a
1491 4253 1796 4310 nonnullis
1841 4254 2238 4325 reprehensus

577 4349 755 4411 esset,
793 4344 1008 4400 talibus
1049 4344 1126 4399 ad
1158 4359 1264 4399 eos
1298 4345 1356 4399 in
1387 4343 1651 4412 quadam
1683 4343 1939 4414 epistola
1972 4359 2114 4398 usus
2154 4359 2171 4398 ε

2349 4340 2658 4415 διδασκάλῳ
2713 4353 2812 4396 τῶν
2869 4343 3175 4417 φιλοσόφων,
3234 4341 3341 4402 ἤδη
3403 4347 3549 4396 πέντε
3593 4345 3729 4393 ἔτεσιν
3749 4333 3845 4386 αὐτόν

576 4435 774 4491 verbis
805 4450 817 4489 :
849 4453 878 4486 ι
907 4435 1307 4504 Posteaquam
1337 4439 1495 4488 totus
1521 4432 1860 4488 divinarum
1891 4433 2170 4488 Litteraru

2347 4438 2905 4508 προσκαρτερήσαντα,
3003 4437 3126 4508 πρὶν
3215 4431 3299 4505 ἔμε
3383 4433 3637 4506 ἄρξασθαι
3712 4425 3845 4477 ἀιιοῦῖα

579 4525 865 4581 doctrinae
906 4521 1174 4587 incubui,
1208 4521 1491 4593 famaque
1533 4521 1608 4577 de
1653 4520 1884 4594 judicio
1923 4536 1994 4577 ac
2039 4521 2173 4577 stud

2270 4517 2316 4571 D
2348 4522 2550 4574 ἐκείνων
2581 4529 2681 4574 τῶν
2726 4522 2888 4594 λόγων
2918 4542 2930 4554 ·
2974 4518 3009 4574 δ
3015 4522 3047 4574 ι’
3079 4524 3222 4574 ὃνκαὶ
3273 4526 3521 4597 πρότερον
3572 4524 3696 4588 κοινῇ
3725 4513 3841 4566 ίσθὶτι

579 4629 714 4670 meo
760 4611 1072 4678 increbuit,
1115 4611 1488 4682 proindeque
1528 4609 1867 4682 frequenter
1896 4609 1974 4666 ad
2009 4625 2102 4666 me
2133 4609 2240 4665 ad-

579 4705 890 4767 venerunt,
957 4715 1118 4756 nunc
1175 4700 1420 4772 quidem
1475 4698 1754 4768 haeretici,
1813 4714 1972 4755 nunc
2037 4705 2238 4755 autem

577 4793 920 4848 Graecarum
973 4788 1634 4855 litterarum_studiosi,
1685 4795 1741 4843 et
1787 4788 2128 4860 philosophi
2178 4789 2239 4844 i-n

579 4881 788 4954 primis
821 4897 833 4935 :
869 4878 1064 4933 visum
1098 4877 1243 4933 mihi
1274 4881 1384 4942 est,
1418 4882 1473 4932 et
1505 4875 1920 4933 haereticorum
1951 4879 2173 4949 dogma

2346 4884 2466 4950 περὶ
2547 4886 2639 4939 τῆς
2713 4877 3009 4940 Ἑλληνικῆς
3094 4879 3254 4931 αὐτοῦ
3362 4880 3634 4935 ἀσκήσεως
3699 4866 3843 4938 ἱστορῶν

580 4977 637 5028 et
673 4970 1194 5044 philosophorum,
1226 4983 1364 5039 quae
1395 4982 1457 5023 se
1495 4967 1569 5023 de
1598 4968 1840 5024 veritate
1873 4966 2084 5023 afferre
2114 4967 2240 5040 pol-
2346 4966 2503 5039 λέγει.

577 5061 852 5128 licentur,
897 5057 1115 5130 placita
1157 5055 1538 5129 perscrutari.
1588 5057 1715 5122 Qua
1763 5056 1823 5111 in
1869 5073 1930 5111 re
1970 5055 2179 5112 imitati
2215 5071 2450 5122 sumus,
2499 5056 2602 5128 qui
2634 5072 2744 5112 nos
2790 5056 3130 5128 praecedens
3176 5055 3376 5112 multis
3421 5053 3718 5126 plurimum
3749 5046 3846 5097 attu-

576 5151 643 5207 lit
675 5148 958 5213 utilitatis,
992 5149 1362 5211 Pantaanum,
1391 5160 1513 5201 non
1545 5161 1758 5216 parum
1791 5145 2019 5201 artibus
2051 5145 2320 5217 profanis
2351 5145 2704 5201 instructum
2746 5164 2759 5200 :
2804 5151 2860 5201 et
2890 5147 2996 5218 qui
3035 5161 3195 5201 nunc
3234 5145 3296 5200 in
3329 5143 3536 5200 ordine
3565 5146 3643 5197 est
3675 5136 3844 5224 Alexatl.

579 5239 888 5295 drinorum
928 5236 1438 5308 presbyterorum,
1475 5234 1805 5300 Heraclam,
1839 5251 2021 5306 quem
2059 5249 2170 5304 ego
2200 5249 2449 5306 operam
2481 5234 2697 5291 talibus
2735 5235 2938 5291 litteris
2979 5242 3302 5291 navantem
3341 5233 3504 5304 apud
3544 5219 3843 5302 philosophi”

581 5329 933 5398 magistrum
982 5326 1194 5397 reperi,
1235 5340 1374 5380 cum
1427 5324 1673 5396 quidem
1727 5325 1995 5396 quinque
2059 5325 2232 5380 annis
2273 5321 2366 5378 ille
2407 5324 2571 5394 prius
2611 5329 2865 5380 sectator
2917 5323 3256 5395 philosophi
3295 5323 3422 5392 ejus
3461 5320 3674 5378 fuisset.
3723 5317 3839 5398 quem

581 5394 1064 5488 ego—disciplinis
1093 5394 1316 5471 talibus
1357 5394 1564 5470 vacare
1605 5394 1952 5485 inciperem.
1991 5413 2188 5478 Quam
2226 5411 2306 5468 ob
2343 5427 2590 5468 causam
2625 5429 2763 5468 cum
2800 5394 2978 5469 antea
3015 5394 3318 5468 communi
3361 5409 3575 5465 vestitu
3607 5417 3728 5460 usus
3757 5394 3838 5450 fuit

585 5511 694 5572 set,
734 5521 805 5561 eo
831 5504 1123 5576 deposito,
1158 5509 1364 5575 postea
1394 5501 1734 5574 philosophi
1763 5501 2039 5559 habitum
2079 5500 2353 5573 sumpsit,
2384 5516 2567 5573 quem
2600 5501 2782 5557 etiam
2811 5501 2890 5558 ad
2928 5500 3088 5557 hunc
3121 5515 3309 5572 usque
3338 5498 3499 5554 diem
3527 5494 3677 5567 gerit,
3696 5490 3836 5582 _nf¢l"‘

581 5593 764 5651 libros
793 5573 1106 5665 gent-ilium
1133 5573 1467 5655 etiamnum
1497 5590 1674 5670 362
1706 5590 1975 5652 evolvere
2005 5606 2115 5667 pro
2147 5588 2648 5662 viribusdesistit.
2683 5610 2714 5645 ιι
2746 5589 2880 5648 Haec
2909 5590 2984 5650 de
3011 5589 3210 5649 studio
3239 5586 3549 5662 gentilium
3573 5573 3832 5665 discipliﬂtr

584 5697 720 5745 rum
749 5699 858 5744 suo
884 5681 1166 5757 Origenes
1187 5679 1385 5742 refert.

2353 1671 2522 1732 ἄλλοις
2556 1670 2872 1746 ψευδόμενος
2944 1674 3198 1748 ἐμφανῶς.
3264 1680 3364 1728 Καὶ
3423 1681 3470 1728 τί
3518 1679 3611 1748 γὰρ
3673 1696 3854 1748 συκοφαν-

2354 1768 2454 1812 τεῖν
2497 1761 2590 1814 οὐκ
2633 1763 2830 1834 ἔμελλεν
2883 1765 2908 1815 ὁ
2966 1768 3098 1817 κατὰ
3146 1773 3471 1835 Χριστιανῶν
3518 1767 3638 1818 οὕτω
3686 1771 3854 1838 κινούμε-

2352 1867 2479 1916 νος;
2531 1852 2658 1903 ὅπου
2698 1871 2758 1923 ’γε
2809 1856 2895 1904 τὸν
2960 1857 3050 1925 μὲν
3125 1852 3178 1916 ἐξ
3245 1853 3496 1912 Ἑλλήνων
3549 1857 3854 1927 μετατεθεῖσθαι

2355 1936 2666 1993 διατείνεται
2703 1959 2714 1972 ·
2746 1944 2833 1993 τόν
2888 1939 2939 1994 δ’
2972 1943 3265 2015 Ἀμμώνιον
3317 1943 3530 2014 ἔμπαλιν
3579 1947 3628 1996 ἐκ
3676 1952 3748 1996 τοῦ
3786 1946 3854 1995 Θεο-

2356 2027 2534 2088 σεϐοῦς
2591 2028 2713 2101 βίου
2757 2033 2843 2082 ἐπὶ
2881 2034 2967 2083 τὸν
3021 2030 3212 2083 ὀθνεῖον
3264 2039 3587 2102 μεταπεσεῖν.
3628 2039 3698 2102 Τῷ
3729 2035 3853 2103 τεγὰρ

2354 2117 2601 2190 Ὠριγένει
2662 2121 2878 2192 πάτριον
2941 2122 2998 2171 τὸ
3055 2118 3211 2182 σέϐας
3266 2116 3350 2186 ἦν,
3414 2123 3482 2180 ὡς
3513 2122 3573 2172 τὰ
3618 2125 3712 2194 περὶ
3747 2121 3853 2171 αὶτού

2352 2211 2741 2281 καταρχόμενοι
2819 2203 3187 2281 ὑπεδείκνυμεν
3217 2225 3230 2238 ⁸
3282 2210 3558 2281 Ἀμμωνίῳ
3622 2206 3664 2261 δ’
3717 2211 3783 2268 ἕως
3816 2214 3851 2259 τό

2357 2297 2451 2367 ζῇν
2477 2295 2648 2368 ἐκείνῳ
2687 2305 2880 2372 παρῆν,
2921 2294 3253 2359 ἀδιάπτωτος
3304 2300 3335 2355 ἠ
3396 2301 3527 2350 κατὰ
3572 2302 3759 2373 Χριστόν
3781 2302 3852 2354 ἰτη-

2351 2387 2488 2456 ρήθη
2535 2390 2750 2447 πίστις’
2807 2389 2874 2448 ὡς
2934 2392 3025 2439 καὶ
3075 2390 3125 2439 οἱ
3181 2387 3322 2457 αὐτῷ
3385 2392 3720 2461 συγγραφέντες
3756 2388 3851 2438 πόνοι

2354 2472 2618 2547 ἀριδήλως
2673 2478 2864 2548 ἔχουσι
2905 2483 3190 2550 παριστᾷν,
3225 2479 3273 2529 ἐν
3303 2485 3416 2540 τοῖς
3452 2477 3665 2549 μάλιστα
3697 2476 3790 2528 πολύ
3814 2479 3849 2527 τό

2353 2561 2630 2637 εὐδόκιμον
2688 2565 2993 2638 ἐπαγόμενοι
3025 2582 3038 2594 °
3113 2568 3288 2638 ὥσπερ
3346 2565 3438 2618 οὖν
3483 2571 3567 2618 καὶ
3614 2567 3636 2616 ὁ
3681 2570 3847 2635 περὶτῆς

2353 2654 2580 2715 Μωσέως
2623 2659 2712 2706 καὶ
2769 2655 2944 2713 Ἰησοῦ
2990 2660 3292 2727 συμφωνίας
3345 2660 3443 2714 τὴν
3499 2655 3741 2728 ἕπιγραφὴν
3769 2653 3846 2710 ιλι-

2351 2745 2666 2817 ρωσάμενος,
2719 2749 2808 2796 καὶ
2855 2745 2968 2796 ὅσοι
3016 2743 3161 2796 ἄλλοι
3199 2751 3294 2806 τῆς
3343 2745 3508 2805 αὐτῆς
3546 2740 3739 2803 σπουδῆς
3776 2749 3843 2800 τοῖς

2353 2831 2645 2904 φιλοκάλοις
2705 2828 3125 2907 διατετήρηνται.
3199 2838 3296 2886 Καὶ
3358 2842 3524 2886 ταῦτα
3592 2830 3754 2890 διῆλθον
3785 2837 3841 2887 τῆς

2355 2925 2704 2989 συκοφαντίας
2745 2923 2906 2995 χάριν
2970 2929 3064 2973 τοῦ
3116 2917 3460 2996 ψευδηγόρου
3495 2940 3509 2952 '

2355 3009 2622 3083 ’.Ωριγένην
2701 3029 2804 3082 παρ
2813 3019 2989 3075 ιστῶν,

3572 2922 3667 2994 ἅμα
3711 2918 3747 2972 δε
3776 2923 3828 2969 καὶ

3069 3012 3247 3072 ὁποῖός
3318 3031 3400 3073 τις
3467 3010 3693 3087 ἐμπειρίας
3739 3011 3819 3076 ἔχειν

2347 3718 2652 3778 Ἑλληνικῶν
2706 3721 3050 3791 μαθημάτων,
3099 3725 3189 3772 καὶ
3240 3719 3476 3792 μάλιστα
3528 3727 3616 3773 τῶν
3661 3718 3848 3790 αἱρετικιίτ

2350 3805 2614 3880 δόγματα,
2672 3813 2762 3860 καὶ
2820 3813 2888 3860 τὰ
2934 3809 3034 3861 ὑπό
3089 3817 3188 3860 τῶν
3229 3809 3520 3882 φιλοσόφων
3552 3812 3656 3881 περὶ
3684 3804 3849 3860 ἀληθείας

2351 3899 2509 3969 λεγειν
2592 3897 3024 3970 ἐπαγγελλόμενα.
3115 3905 3276 3952 Τοῦτο
3359 3903 3464 3972 γὰρ
3565 3899 3846 3961 maeuiqu

2347 3989 2704 4058 μιμησάμενοι
2759 3992 2843 4039 τόν
2891 4006 2946 4039 τε
2992 3990 3092 4063 πρὸ
3157 3989 3302 4059 ἡμῶν
3357 3989 3566 4048 πολλοὺς
3608 3983 3850 4057 ὠφελήσαντι

2350 4078 2652 4141 Πάνταινον,
2708 4079 2801 4128 οὐκ
2856 4076 3036 4147 ὀλίγην
3089 4075 3136 4128 ἐν
3191 4079 3402 4139 ἐκείνοις
3457 4076 3702 4149 ἐσχηκότα
3744 4086 3849 4138 παρι-

2350 4170 2560 4229 σκευήν,
2618 4170 2709 4218 καὶ
2760 4169 2846 4217 τὸν
2884 4173 2972 4217 νῦν
3031 4165 3079 4216 ἐν
3138 4173 3207 4236 τῷ
3261 4165 3609 4240 πρεσϐυτερίῳ
3651 4161 3849 4226 maid?“

2346 4273 2429 4306 νον
2500 4251 2875 4330 ’Δλεξανδρέων
2926 4253 3203 4327 Ἡρακλᾶν,
3263 4257 3440 4307 ὅντινα
3499 4251 3633 4326 εὗρον
3669 4249 3776 4320 παρὰ
3806 4249 3848 4308 τῷ

2347 4615 2632 4685 χρώμενος,
2691 4607 3108 4682 ἀποδυσάμενος,
3167 4615 3254 4663 καὶ
3327 4611 3600 4683 φιλόσοφον
3665 4596 3836 4656 invalidi?

2349 4709 2560 4772 σχῆμα,
2619 4704 2782 4775 μέχρι
2833 4708 2923 4752 τοῦ
2965 4698 3118 4772 δεῦρο
3159 4708 3324 4773 τηρεῖ,
3381 4697 3559 4772 βικλία
3590 4715 3639 4749 τε
3659 4697 3710 4746 τὰ

2346 4810 2442 4841 νων
2501 4792 2636 4842 κατὰ
2681 4787 2903 4862 δύναμιν
2953 4793 3013 4842 οὐ
3071 4792 3291 4842 παύεται
3349 4789 3637 4861 φιλολογῶν.
3664 4807 3687 4837 ν
3730 4783 3843 4831 Τι’-ἴτε

3863 5956 3880 6073 t
