4036 6288
161 297 287 353 1097
1192 296 1754 354 ECCLESIASTICE

1903 294 2148 353 LTORLE
2198 296 2334 353 LIB.
2376 298 2475 355 IV.
3362 306 3497 363 1098

749 428 993 478 ΚΕΦΔΛ.
1036 423 1132 478 ΙΔ’.
1772 423 1819 477 Α

1772 423 1819 477 Α
2480 426 2707 483 CAPUT
2749 429 2874 483 XIV.

157 531 249 592 Ὠς
282 535 385 583 καὶ
424 531 485 583 έν
524 530 800 606 Ἀραϐίᾳ
838 532 986 589 ἧκεν
1025 532 1387 609 ᾨριγένης·
1426 536 1533 609 καὶ
1572 534 1644 592 ὡς
1684 530 1740 583 έν

1904 531 2021 609 ugd
2043 531 2105 585 in
2132 531 2417 609 Arabiam
2436 532 2715 609 Origenes
2741 551 2969 607 quoque
2988 540 3228 603 venerit,
3248 544 3301 595 et
3325 540 3498 609 quod,

232 602 611 681 καισαρείᾳ,
638 602 822 675 μήπω
860 602 1294 681 πρεσϐῦτερος
1333 606 1557 681 ὢν,τὰς
1594 611 1743 678 Γρα-

1925 602 2201 681 Casarea
2232 605 2498 681 nondum
2522 602 2838 681 presbyter
2864 602 3357 681 sacrasLitteras
3385 602 3495 681 pa;

229 677 328 749 φὰς
368 672 474 728 in}
512 672 730 728 κοινοῦ
770 672 1322 739 τῆς”Εκκλησίας
1367 672 1703 751 ἡρμήνευε.

1549 672 1703 730 νευε.
1924 672 2073 730 blice
2096 675 2159 729 in
2187 676 2429 732 ecclesia
2458 672 2809 747 eiponerido
2840 680 3137 737 tractarit.

229 800 475 852 Ἐντεῦθεν
534 796 584 853 δ’
638 799 691 863 ἐξ
744 799 994 876 Ἀραϐίας
1057 804 1252 860 ἦκοντα
1300 803 1629 876 γράμματακ
1676 802 1746 861 ὡς

1924 801 2102 855 Porro
2133 816 2271 857 cum
2311 817 2383 858 ex
2419 802 2637 859 Arabia
2684 803 2889 860 littera
2920 805 3209 876 venirent,
3238 812 3300 863 ut
3332 808 3502 865 verbi

161 892 436 961 κοινωνήσῃ
491 888 655 960 λογων
720 897 793 960 τῷ
868 887 1110 949 τηνικάδ⁹
1188 890 1380 952 ἐκείνης
1449 892 1740 962 ἡγουμένῳ,

1909 889 2190 945 Jctrinam
2211 906 2349 946 cum
2371 892 2625 962 praside
2648 893 2910 963 regionis
2938 894 3066 966 ejus
3096 897 3503 953 communica-

161 980 517 1050 προπεμφθεὶς,
571 977 653 1031 ἐπὶ
706 984 799 1038 τὴν
855 978 1090 1053 Ἀράϐων
1146 979 1424 1033 ἐστέλλετο.
1474 979 1550 1032 Οὐ
1584 978 1743 1031 πολὺν

1911 982 1959 1041 ut,
2013 977 2311 1048 profectus
2342 984 2432 1035 est
2476 995 2569 1045 eo,
2598 996 2669 1037 ea
2697 981 2835 1053 ipsa
2862 983 2937 1039 de
2980 998 3184 1040 causa.
3219 985 3333 1041 Sed
3380 1001 3505 1042 non

163 1062 211 1119 δ’
255 1065 351 1118 έκεῖ
401 1071 726 1141 παραμείνας
781 1072 993 1143 χρόνον,
1048 1069 1117 1131 εἰς
1148 1065 1539 1142 Ἀλεξάνδρειαν
1594 1064 1745 1129 αὖθις

1912 1084 1958 1122 .u
2010 1066 2092 1122 ibi
2130 1073 2417 1135 moratus,
2451 1069 2874 1128 Alexandriam
2911 1072 3103 1129 rediit.
3149 1077 3339 1147 Atque
3364 1074 3506 1131 inde

162 1153 398 1208 έποξνεισι.
448 1155 694 1210 Κάκεῖθεν
749 1157 903 1209 πάλιν
954 1154 1047 1211 διὰ
1100 1160 1188 1210 τόν
1244 1158 1605 1211 ἐπαναστάντα
1643 1161 1744 1209 πό-

1912 1172 2063 1211 Irsus
2085 1162 2325 1230 propter
2340 1164 2541 1213 motus
2562 1158 2808 1217 bellicos
2833 1161 3134 1228 secedens,
3160 1167 3506 1236 Egyptum-

160 1243 297 1316 λεμον
346 1243 513 1312 έξιὼν,
572 1250 662 1298 καὶ
727 1250 822 1304 τὴν
874 1248 1139 1319 Αἴγυπτον
1190 1250 1253 1307 ὡς
1308 1246 1559 1320 σφαλερὰν
1614 1247 1743 1299 ὑπο-

1912 1260 1971 1300 ie
1998 1244 2202 1302 itidem
2220 1252 2463 1318 propter
2484 1263 2793 1305 armorum
2814 1249 3137 1307 discrimen
3160 1259 3506 1325 suspectam

160 1336 367 1399 πτεύων,
420 1332 504 1386 ἐπὶ
558 1334 909 1393 Παλαιστίνην
944 1334 1136 1411 ἐχώρει
1166 1352 1180 1368 ·
1234 1341 1323 1388 καὶ
1355 1335 1403 1387 έν
1456 1339 1747 1410 Καισαρείᾳ

1915 1333 2105 1399 lbens,
2136 1335 2197 1390 in
2229 1335 2604 1393 Palastinam
2636 1354 2699 1393 se
2744 1340 2982 1412 recepit.
3015 1340 3101 1396 lbi
3132 1357 3270 1397 cum
3321 1343 3509 1399 Casa-

162 1424 249 1483 τὰς
299 1419 571 1497 διατριϐὰς
645 1426 866 1477 ἐποιεῖτο
901 1444 915 1457 ο
983 1421 1322 1497 διαλέγεσθαί
1398 1443 1451 1477 τε
1510 1428 1603 1476 καὶ
1661 1422 1745 1477 ἐπὶ

1913 1439 1968 1478 τω
2014 1423 2273 1494 degeret,
2303 1427 2568 1499 episcopi
2599 1428 2891 1484 Palastini
2924 1428 3224 1499 legatione
3263 1446 3507 1504 quoque

162 1519 325 1564 κοινοῦ
381 1520 478 1574 τῆς
529 1511 806 1576 ἐκκλησίας
862 1516 955 1575 τὰς
1007 1515 1147 1574 θείας
1219 1514 1547 1588 ἑρμηνεύσειν
1616 1519 1747 1588 Γρα-

1914 1511 2096 1568 leum
2137 1513 2348 1580 missa,
2378 1514 2428 1570 ei
2463 1516 2805 1587 permisere,
2840 1523 2902 1574 ut
2953 1518 3028 1574 de
3071 1522 3255 1576 sacris
3287 1521 3508 1576 Litteris

164 1604 272 1674 φὰς,
320 1607 503 1676 καίπερ
537 1599 759 1674 μηδέπω
810 1612 903 1665 τῆς
955 1610 1048 1656 τοῦ
1102 1602 1476 1679 πρεσϐυτερίου
1526 1603 1745 1669 ἠξιωμέ-

1910 1602 2191 1668 issereret,
2222 1608 2277 1659 et
2310 1604 2547 1675 publice
2576 1622 2678 1662 eas
2708 1608 2768 1662 in
2799 1607 3049 1665 ecclesia
3078 1609 3504 1682 interpretare-

160 1711 239 1744 νον
266 1701 435 1764 τιμῆς,
486 1694 535 1745 οἱ
584 1690 715 1765 τῇδε
767 1695 1046 1747 ἑπίσκοποι
1096 1697 1188 1746 σὺν
1218 1693 1466 1768 πρεσϐείᾳ
1494 1713 1749 1766 παραχω-

1915 1705 1971 1755 ;r,
2025 1691 2303 1763 quamvis
2347 1694 2622 1750 nondum
2650 1696 2985 1769 presbyteri
3026 1698 3318 1754 honorem
3350 1702 3509 1754 esset

161 1788 355 1855 ροῦντες
410 1778 562 1840 ἦσαν.
610 1788 708 1836 Καὶ
748 1790 902 1836 τοῦτο
955 1787 1279 1856 παρίσταται
1331 1782 1384 1846 ἐξ
1424 1783 1491 1834 ὧν
1522 1779 1612 1836 τοῦ
1651 1789 1747 1841 Δη-

1913 1786 2232 1836 insecutus.
2289 1782 2350 1837 Id
2382 1783 2549 1855 quod
2579 1786 3007 1857 comprobatur
3039 1802 3111 1843 ex
3141 1788 3374 1859 scriptis
3399 1788 3507 1853 eis,

162 1875 379 1943 μητρίου
454 1873 591 1923 κατὰ
646 1871 945 1945 Ὠριγένους
1026 1876 1381 1945 κεκινημένου,
1450 1874 1519 1934 ὡς
1563 1874 1748 1945 μικρὸν

1918 1885 1993 1925 1a
2048 1871 2372 1927 Demetrius
2403 1872 2561 1929 male
2589 1889 2731 1945 erga
2772 1875 3087 1947 Origenem
3140 1876 3405 1943 affectus,
3448 1882 3512 1933 ut

164 1961 346 2012 ἄνωθεν
384 1956 707 2033 διελάϐομεν,
755 1966 845 2014 καὶ
900 1969 1006 2022 τοῖς
1062 1961 1113 2014 έν
1153 1962 1475 2033 Παλαιστίνῃ
1523 1962 1751 2034 γράφον-

1914 1961 2041 2015 aulo
2058 1964 2197 2015 ante
2218 1962 2624 2029 meminimus,
2645 1962 2946 2037 episcopis
2972 1965 3295 2022 Palastinis
3314 1967 3508 2036 misit;

159 2067 241 2110 τος
282 2052 374 2100 σὺν
413 2048 607 2116 ἄλλοις,
662 2050 741 2101 ὅτι
792 2057 959 2103 Τοῦτο
1016 2046 1261 2103 οὐδέποτε
1318 2050 1578 2115 ἠκούσθη,
1627 2045 1751 2101 οὐδὲ

1914 2070 1921 2104 ι
1970 2050 2192 2122 quibus
2226 2051 2483 2124 scriptis,
2515 2058 2729 2124 prater
2759 2054 2897 2119 alia,
2944 2055 3091 2111 illud
3135 2062 3296 2112 erat:
3338 2058 3508 2111 Nun-

160 2142 316 2211 μέχρι
390 2145 477 2189 νῦν
555 2143 848 2210 γεγένηται,
926 2142 1004 2205 τὸ,
1090 2144 1352 2214 παρόντων
1434 2137 1747 2204 έπισκόπων,

1921 2154 2050 2193 1am
2096 2144 2235 2194 ante
2284 2140 2576 2206 auditum,
2635 2157 2947 2215 nunquam
2988 2144 3213 2200 factum
3262 2160 3407 2210 esse,
3450 2150 3515 2201 ut

162 2228 368 2290 λαῑκοὺς
413 2226 627 2300 ὁμιλεῖν.
682 2228 902 2282 Ἐκεῖνοι
959 2228 1211 2300 ἀπόλογον
1265 2230 1390 2299 ὑπερ
1439 2230 1625 2280 τούτου
1675 2247 1751 2279 τι-

1920 2227 2259 2283 rasentibus
2299 2229 2598 2302 episcopis
2640 2229 2775 2286 laici
2806 2233 3322 2290 concionarentur.
3355 2233 3514 2302 Qua-

170 2320 342 2387 θέντες,
396 2318 423 2370 ὅ
471 2337 525 2370 τε
564 2317 930 2393 Ἰεροσολύμων
974 2316 1335 2393 Ἀλέξανδρος,
1403 2323 1492 2370 καὶ
1542 2320 1566 2369 ό
1626 2324 1747 2371 Και-

1920 2321 2105 2387 τορῑθτ
2134 2316 2235 2383 illi,
2255 2318 2713 2389 etpotissimum
2740 2320 3074 2377 Alexander
3101 2322 3514 2394 Hierosolymi-

166 2410 374 2481 σαρείας
415 2412 749 2478 Θεὸκτιστος,
792 2408 886 2461 οὐκ
916 2406 1081 2467 ἀληθῆ
1114 2407 1276 2480 λέγειν
1307 2406 1492 2459 ἐκεῖνον
1531 2404 1563 2459 δ
1572 2426 1751 2479 ιισχυ-

1920 2420 2040 2459 nus
2073 2411 2129 2461 et
2158 2407 2525 2463 Theoctistus
2550 2408 2935 2465 Casariensis
2969 2412 3278 2478 antistites,
3314 2412 3514 2467 defen-

158 2495 410 2571 ρίζονται.
478 2515 505 2547 α
532 2494 703 2549 Ὀπου
741 2504 884 2568 γοῦν,
946 2501 1125 2568 φασὶν,
1179 2498 1507 2571 εὑρίσκονται
1554 2498 1603 2548 οἰ
1645 2494 1752 2547 ἑπι-

1919 2510 2094 2549 onem
2113 2494 2243 2566 ejus
2267 2496 2351 2551 rei
2383 2496 2461 2551 ad
2483 2512 2621 2553 eum
2641 2498 3026 2570 scripserunt,
3047 2516 3170 2556 non
3190 2517 3329 2557 vera
3346 2501 3513 2557 illum

157 2582 358 2643 τήδειοι
402 2589 529 2659 πρὸς
565 2588 625 2638 τὸ
681 2586 882 2659 ὠφελεῖν
926 2590 1048 2647 τοὺς
1079 2582 1349 2658 ἀδελφοὺς,
1402 2590 1493 2638 καὶ
1518 2604 1751 2657 παρακα-

1920 2586 2060 2639 Lcere
2106 2592 2518 2642 asseverantes
2549 2604 2561 2642 :
2610 2608 2638 2637 ‹‹
2674 2587 2782 2643 Ubi
2812 2588 2993 2653 enim,
3022 2590 3319 2662 inquiunt,
3350 2606 3514 2663 repe-

161 2676 367 2729 λοῦνται
394 2682 467 2746 τῷ
515 2675 622 2747 λαῷ
660 2677 760 2728 ὑπὸ
809 2684 909 2728 τῶν
941 2675 1101 2747 ἁγίων
1140 2675 1459 2739 ἐπισκόπων,
1492 2682 1641 2727 τοῦτο
1693 2673 1752 2725 οὐ

1920 2676 2098 2727 untur
2118 2672 2318 2728 idonei
2336 2673 2631 2733 homines,
2664 2677 2767 2748 qui
2796 2676 3068 2734 doctrina
3089 2695 3200 2735 sua
3231 2679 3514 2751 prodesse

164 2769 508 2838 πρόσκομμα·
602 2766 777 2839 ὥσπερ
856 2764 903 2816 έν
994 2761 1289 2839 Λαράνδοις
1366 2763 1586 2826 Εῦελπις
1653 2764 1752 2815 ὑπό

1922 2761 2142 2817 utribus
2188 2764 2436 2833 possint,
2472 2764 2521 2819 si
2550 2764 2629 2820 illi
2690 2772 3037 2823 sanctorum
3094 2768 3516 2840 episcoporum

166 2859 376 2923 Νέωνος,
420 2859 511 2907 καὶ
565 2853 615 2906 έν
670 2854 868 2926 Ἰκονίῳ
924 2854 1177 2917 Παυλῖνος
1227 2856 1327 2907 ὑπό
1386 2852 1605 2920 Κέλσου,
1665 2857 1755 2906 καὶ

1920 2866 2031 2905 lSSl]
2049 2855 2103 2907 et
2128 2852 2520 2920 permissione
2541 2868 2647 2926 per
2666 2854 3107 2913 cohortationes
3126 2857 3202 2913 ad
3220 2858 3514 2930 populum

164 2943 211 2997 έν
245 2940 492 3006 Σύνάδοις
533 2940 803 3017 Θεόδωρος
860 2946 959 2997 ὑπὸ
1014 2944 1276 3010 Ἀττικοῦ,
1327 2953 1426 2996 τῶν
1485 2948 1753 3017 μακαρίων

1921 2939 2054 2995 arba
2081 2940 2323 3007 faciant,
2351 2941 2417 2997 id
2448 2940 2811 3000 offendicula
2841 2960 2961 3001 non
2995 2951 3116 3001 est:
3150 2946 3321 3002 sicuti
3353 2946 3515 3018 apud

157 3030 410 3106 ἀδελφῶν.
468 3032 620 3095 Εἰκὸς
652 3030 712 3086 δί
746 3039 834 3087 καὶ
880 3036 929 3086 ῖν
974 3033 1145 3096 ἄλλοις
1201 3036 1380 3095 τόποις
1422 3040 1576 3085 τοῦτο
1616 3037 1751 3103 γίνε-

1919 3029 2174 3085 arandos
2194 3030 2423 3102 Evelpis
2449 3047 2486 3087 a
2512 3034 2731 3100 Neone,
2755 3034 2935 3089 lconii
2962 3034 3241 3091 Paulinus
3263 3052 3300 3091 a
3324 3035 3513 3103 Celso,

154 3125 305 3188 σθαι,
340 3124 475 3195 ἡμᾶς
501 3120 562 3177 δὲ
595 3128 668 3196 μὴ
702 3120 894 3177 εἰδέναι
926 3131 1101 3177 τοῦτο.
1136 3145 1163 3173 ››
1203 3124 1431 3181 Τοιαύτη
1464 3142 1539 3183 τις
1584 3119 1645 3180 ἦν
1683 3129 1748 3192 τῷ

1922 3120 2127 3189 ynada
2156 3119 2499 3177 Theodorus
2528 3121 2608 3177 ab
2646 3122 2858 3187 Attico,
2890 3124 3173 3180 omnibus
3212 3125 3294 3180 illi
3325 3125 3516 3182 beatis

152 3214 413 3288 Ὠριγένει
462 3218 521 3266 οῦ
550 3215 696 3289 παρὰ
732 3222 830 3265 τῶν
883 3214 1182 3286 ἐπιχωρίων
1235 3216 1388 3284 μόνον
1437 3211 1746 3279 έπισκόπων1

1924 3209 2147 3265 atribus
2176 3210 2406 3265 invitati
2438 3210 2721 3267 fecerunt.
2754 3213 3082 3269 Verisimile
3107 3220 3305 3271 autem
3337 3220 3424 3271 est
3458 3216 3518 3271 in

157 3301 288 3355 ἀλλά
343 3321 404 3374 γε
460 3299 528 3361 δὴ
582 3307 810 3355 καὶτῶν
863 3302 949 3355 ἰπὶ
995 3302 1142 3365 ξένης
1190 3307 1341 3374 τιμή.
1394 3301 1551 3353 Ἀλλὰ
1604 3299 1751 3354 πάλιν

1922 3298 1998 3353 iis
2051 3314 2294 3370 quoque
2340 3298 2511 3365 locis,
2542 3301 2708 3372 quod
2760 3317 2870 3358 nos
2912 3302 3279 3371 ignoramus,
3312 3303 3516 3360 itidem

152 3395 464 3466 Δημητρίου
522 3392 839 3464 γράψαντος,
904 3391 975 3452 είς
1019 3388 1414 3465 Ἀλεξάνδρειαν
1462 3393 1576 3449 ἣκει
1608 3409 1621 3422 '
1668 3394 1746 3442 καῖ

1921 3402 2001 3441 sse
2047 3386 2294 3442 factum.
2319 3408 2348 3441 ιο
2380 3390 2566 3443 Tanto
2592 3389 2652 3443 in
2678 3389 2907 3446 honore
2954 3392 3237 3462 Origenes
3265 3407 3387 3447 non
3418 3408 3515 3447 so-

148 3490 257 3533 τῶν
288 3482 525 3539 συνήθων
564 3482 754 3553 ἔσχετο
786 3482 968 3553 ἔργων.
1003 3480 1085 3542 Ἐς
1133 3486 1287 3532 τοῦτο
1328 3475 1387 3531 δὴ
1434 3486 1526 3531 τοῦ
1562 3482 1742 3552 χρόνον.

1923 3492 1990 3531 .m
2031 3476 2193 3547 apud
2242 3477 2398 3532 cives
2439 3481 2498 3532 et.
2530 3478 2922 3549 provinciales
2968 3496 3133 3545 suos,
3184 3481 3289 3535 sed
3338 3482 3517 3537 etiam

147 3575 248 3623 καὶ
278 3575 460 3645 μυρίοι
500 3568 642 3622 ἄλλοι
696 3574 811 3644 περὶ
858 3569 1047 3641 λόγους
1088 3569 1223 3627 ἦσαν
1278 3567 1595 3640 ἀκμάζοντες
1635 3582 1649 3596 ·
1691 3566 1741 3617 ὧι

1925 3564 2032 3636 pud
2075 3571 2349 3621 externos
2392 3566 2707 3638 episcopos
2757 3569 2884 3624 fuit.
2946 3571 3236 3626 Caeterum
3289 3586 3427 3625 cum
3466 3570 3519 3625 ei

148 3664 249 3712 καὶ
296 3660 688 3735 συγγράμματα
738 3663 828 3711 καὶ
885 3657 1156 3719 ἱπιστολὰς
1198 3656 1247 3709 έν
1298 3666 1360 3730 τῇ
1416 3656 1529 3708 κατ’
1579 3655 1742 3708 Αίλὶω

1921 3654 2195 3725 .iquando
2226 3654 2556 3710 Demetrius
2590 3656 2942 3728 scripsisset,
2972 3658 3394 3714 Alexandriam
3425 3674 3515 3715 re-

152 3746 478 3821 βιϐλιοθηκῃ
545 3748 705 3800 εἰσέτι
777 3750 893 3800 τότε
968 3747 1463 3819 παραφυλάττεσθαι
1512 3743 1746 3804 Εὐσέϐιος

1923 3759 2096 3811 arsus,
2129 3743 2381 3799 docendi
2439 3744 2521 3799 ibi
2561 3760 2783 3799 munus
2830 3746 3223 3818 laboremque
3276 3747 3517 3804 solitum

154 3838 185 3889 ὁ
230 3836 508 3909 Παμφίλου
550 3838 826 3912 ἱστόρησεν
860 3856 873 3868 ⁸
922 3835 974 3899 ὶξ
1029 3837 1093 3896 ἧς
1139 3834 1312 3907 ἐκείνῳ
1368 3840 1457 3887 καὶ
1509 3836 1603 3896 τὰς
1640 3833 1748 3894 ὔλας

1924 3832 2073 3887 civit.
2108 3832 2221 3888 Sed
2251 3832 2411 3887 enim
2438 3833 2516 3888 ad
2554 3849 2623 3889 ea
2661 3850 2850 3905 usque
2882 3841 3158 3907 tempora
3178 3852 3364 3908 quam
3391 3836 3518 3908 plu-

146 3932 261 3978 τῶν
317 3924 765 3985 ίκκλησιαστικῶν
844 3926 1137 3977 ὑποθέσεων
1210 3925 1528 3999 πορισθῆναί
1606 3941 1737 3994 φησι

1923 3921 2003 3976 mi
2025 3921 2125 3977 alii
2154 3920 2497 3993 eloquentia
2534 3926 2593 3977 et
2623 3922 2896 3979 doctrina
2935 3924 3078 3979 clari
3108 3925 3212 3979 viri
3242 3923 3514 3992 ﬂoruere,

146 4019 265 4072 Τὴν
326 4011 385 4067 δί
433 4014 780 4088 βιϐλιοθήκην
848 4012 1299 4067 έπισκευάσασθαι
1340 4012 1475 4085 λέγει
1527 4011 1736 4074 Ἀλέξαν

1926 4026 2130 4067 uorum
2180 4010 2401 4082 scripta
2435 4016 2492 4066 et
2521 4011 2804 4083 epistolas
2849 4014 2910 4068 in
2938 4013 3304 4071 bibliotheca
3355 4017 3520 4087 apud

151 4101 195 4158 δ
198 4122 292 4169 ρον
318 4107 407 4155 τὸν
439 4104 532 4157 σῦν
562 4111 854 4179 Ναρκισσῳ
880 4106 946 4157 τὰ
985 4111 1080 4166 τῆς
1128 4106 1422 4163 ἐπισκοπῆς
1468 4106 1603 4155 κατὰ
1628 4103 1745 4154 θεῖοι

1926 4099 2081 4155 illam
2130 4099 2208 4155 ad
2251 4104 2489 4156 atatem
2521 4117 2696 4156 suam
2740 4109 3120 4159 conservatas
3168 4119 3317 4170 esse,
3346 4107 3520 4160 Euse-

143 4195 413 4266 χρησμὸν
446 4190 774 4265 διεξάγοντα.

1926 4192 2007 4244 ωε
2051 4189 2341 4261 Pamphili
2394 4190 2699 4246 memoria
2731 4191 2991 4262 prodidit
3023 4215 3034 4247 :
3070 4192 3228 4247 unde
3276 4194 3390 4249 sibi
3429 4210 3520 4251 ar-

143 4287 519 4355 gumentum
550 4287 607 4339 et
656 4282 975 4340 materiam
1030 4281 1448 4338 ecclesiastica
1504 4279 1768 4337 historia
1823 4278 2263 4351 componenda
2319 4279 2770 4352 suppeditatam
2815 4297 2944 4336 esse
2988 4282 3088 4337 ait.
3146 4282 3321 4354 363
3378 4286 3520 4340 Eam

140 4370 592 4429 bibliothecam
628 4371 789 4427 idem
837 4371 1014 4428 refert
1064 4370 1417 4427 instructam
1470 4385 1605 4426 esse
1657 4369 1735 4426 ab
1780 4367 2140 4435 Alexandro,
2179 4368 2261 4424 ibi
2318 4368 2422 4441 qui
2480 4384 2602 4425 una
2654 4385 2793 4425 cum
2832 4370 3129 4436 Narcisso,
3188 4387 3261 4428 ex
3312 4371 3516 4429 divino

139 4476 476 4535 responso,
499 4460 905 4534 episcopalem
937 4459 1383 4517 administravit
1407 4459 1800 4533 provinciam.

771 4569 1018 4622 ΚΕΦΑΛ.
1052 4566 1154 4623 1Ε’.
1793 4566 1837 4621 D

1793 4566 1837 4621 D
2509 4565 2731 4620 CAPUT
2771 4566 2878 4620 XV.

143 4680 317 4749 Περὶ
361 4673 705 4753 Βηρύλλου-
748 4678 1290 4753 τοῦ-,Βόστρωνχ
1333 4678 1471 4753 καί.Δ
1501 4671 1737 4753 ίΑμϐρο

1927 4687 1956 4729 e
1987 4672 2229 4753 Beryae
2252 4672 2554 4753 Bostrensi
2577 4689 2600 4734 ,-
2626 4672 2697 4727 de
2718 4672 3049 4753 Ambrosio,
3080 4678 3133 4729 et
3159 4689 3294 4753 gyan
3321 4673 3521 4753 Orige-

228 4695 317 4749 ιρι
362 4695 685 4751 ὕηρυΑΑου
748 4695 864 4727 του
926 4695 1268 4747 βοστρων·
1333 4695 1442 4726 και
1520 4695 1565 4728 Α
1628 4695 1762 4747 θρο-

228 4751 639 4824 trioa-matur
680 4747 800 4800 ὅσα
865 4747 1198 4821 Ὠριγένης
1269 4748 1359 4798 ἔπ’
1426 4695 1761 4807 Ἀλεξανδ-

1927 4695 1956 4729 ε
1987 4695 2229 4741 σεγῃιιυ
2252 4695 2554 4727 συδινεηδι
2577 4695 2600 4734 ,'
2626 4695 2697 4727 ue
2718 4695 3049 4737 ΑΤηυΓυδῑΟ,
3080 4695 3130 4729 ει
3164 4695 3294 4744 qua:
3321 4695 3521 4745 unge-

1940 4759 2042 4799 nes
2094 4745 2321 4824 scripta
2363 4757 2676 4799 sacrarum
2719 4744 3082 4800 Litterarum
3133 4746 3521 4803 Alexandria

222 4824 411 4897 ρείας
450 4818 841 4892 ἐξηγήσατο.
940 4818 950 4821 ⁷

709 4838 781 4872 ατ
796 4837 841 4873 ο.
940 4818 950 4821 ⁷
1942 4818 2300 4885 exposuerit.

225 4944 443 5000 Πολλῶν
504 4941 591 4997 οὖν
647 4949 766 5019 περὶ
829 4944 1016 5016 λόγους
1068 4941 1397 5014 ἂκμαζότων,
1450 4947 1541 4995 καὶ
1601 4942 1765 4995 πολλὰ

1940 4940 2161 4993 Verum
2212 4939 2372 4993 enim
2400 4953 2539 4995 vero
2579 4953 2715 4993 cum
2758 4939 3038 5010 permulti
3078 4939 3429 5013 eloquentia
3468 4947 3524 4998 et

136 5044 213 5109 τῇ
278 5034 571 5107 Ἐκκλησία
628 5038 1013 5087 ωνταττόντων
1072 5030 1269 5105 βιϐλία,
1328 5037 1418 5084 καὶ
1483 5034 1618 5084 κατὰ
1664 5040 1730 5084 τῶ

1928 5027 2225 5083 υόὶίἱοηίε
2255 5027 2433 5082 laude
2476 5027 2773 5093 ﬂorerent,
2825 5028 3203 5102 plurimaque
3252 5032 3522 5087 Ecclesia

137 5127 412 5199 αἱρέσεων
468 5121 915 5197 διαγωνιζομένων
965 5125 1031 5175 τὰ
1086 5123 1339 5195 μάλιστα,
1398 5120 1446 5173 ἐν
1500 5122 1575 5183 οἷς
1625 5122 1650 5173 ὃ
1709 5141 1731 5174 τ

1931 5120 2306 5189 imponerent
2331 5122 2745 5181 monumenta,
2779 5116 2839 5172 in
2869 5118 3092 5188 quibus
3116 5126 3321 5176 contra
3342 5121 3525 5176 hare-

134 5220 255 5274 τῆς
307 5214 447 5265 κατὰ
496 5216 726 5286 Βόστραν
762 5208 999 5286 Ἀράϐων
1039 5207 1101 5269 ἦν
1148 5209 1425 5285 Βήρυλλος,
1487 5209 1727 5281 φιλοκάλο

1930 5224 1969 5261 :s
2008 5206 2271 5262 maxime
2301 5206 2715 5260 decertarunt:
2747 5206 2897 5260 inter
2944 5223 3095 5278 quos
3127 5208 3304 5263 etiam
3335 5209 3524 5281 Beryl-

141 5298 413 5364 σπουδῆς
484 5302 878 5377 συγγράμματα
943 5299 1260 5371 καταλείψας
1296 5316 1309 5329 ·
1355 5298 1656 5360 Ἰππὸλυτὸς
1710 5318 1735 5351 τ

1930 5314 1965 5350 .s
1987 5295 2315 5352 Bostrensis
2333 5294 2545 5359 Arabs,
2566 5295 2669 5366 qui
2688 5294 2979 5365 elegantia
2997 5296 3285 5367 utiliaque
3303 5299 3524 5369 scripta

139 5394 171 5444 ὀ
232 5396 447 5464 Πόρτου
494 5389 695 5463 Ῥώμης
757 5389 1061 5455 ἐπίσκοπος,
1114 5393 1204 5441 καὶ
1263 5390 1437 5453 Γάϊος,
1491 5388 1733 5446 ἑκκλησια

1928 5394 2011 5443 ast
2062 5401 2123 5441 se
2179 5385 2432 5457 reliquit,
2490 5389 2547 5440 et
2589 5384 2942 5456 Hippolytus
3015 5389 3220 5442 Portus
3273 5389 3522 5444 Romani

142 5484 344 5535 στικοὶ
393 5486 727 5553 συγγραφεῖς,
779 5483 899 5554 περὶ
948 5478 1016 5530 ὧν
1071 5479 1102 5536 ἡ
1136 5476 1475 5552 προλαϐοῦσοί
1526 5496 1615 5550 μοι
1655 5472 1736 5529 διε

1932 5477 2190 5547 >iscopus
2256 5475 2357 5547 (l),
2411 5480 2468 5530 et
2523 5474 2716 5540 Caius,
2770 5474 3087 5548 scriptores
3144 5476 3526 5535 ecclesiastici

226 5605 313 5678 (l)
356 5603 656 5665 Ἱππόλυτος
686 5602 863 5679 ἑτέρας
886 5622 986 5656 που
1012 5607 1103 5657 καὶ
1130 5602 1283 5664 αὐτὸς
1311 5601 1595 5665 έπίσκοπος
1626 5621 1818 5674 παροικ

1140 5602 1283 5664 Ξιύτός
1311 5601 1595 5665 έπίσκοπος
1626 5606 1923 5674 παροικίας.
1950 5601 2186 5674 (Euseb.
2217 5600 2321 5658 lib.
2346 5616 2427 5666 Vl,
2458 5616 2591 5673 cap.
2620 5601 2734 5674 21.)

458 5714 698 5769 ΡΔτιιοι..
742 5713 844 5769 Gn.
873 5713 1069 5770 CXLV.

3172 5712 3239 5774 35
