4036 6288
624 259 766 315 1099

1927 254 2309 312 NICEPHOBI
2350 252 2668 309 CALLISTI
3738 262 3823 316 “00

623 383 810 451 fuere,
847 399 1104 456 quorum
1127 387 1304 440 antea
1341 397 1586 454 quoque
1613 382 1785 437 nobis
1812 382 1965 438 facta
2000 387 2088 438 est
2112 399 2264 438 men-

2385 381 2498 454 ξῇει
2552 385 2724 455 γραφὴ
2761 395 2772 406 ⁸
2832 378 3095 433 ἐπιϐάλλει
3137 384 3222 432 καὶ
3275 380 3520 456 Ὠριγένης
3560 391 3651 446 ταῖς
3691 387 3742 448 εἰς
3771 396 3826 446 τὴν

624 475 740 529 tio:
775 473 1054 542 Origenes
1085 473 1260 527 etiam
1285 471 1410 544 ipse
1431 471 1510 528 ad
1525 471 1934 528 enarrationes
1959 472 2275 542 Scriptura

625 561 1080 634 componendas
1103 562 1374 617 animum
1393 561 1659 626 contulit,
1676 561 1990 616 Ambrosio
2006 561 2272 633 quodam

625 668 763 708 eum
795 651 874 707 ad
929 650 991 705 id
1045 649 1223 704 studii
1253 655 1310 704 et
1363 649 1589 707 laboris
1623 650 1946 705 excitante:
1977 649 2080 721 qui
2132 666 2274 705 sane

620 756 743 796 non
775 738 1290 795 admonitionibus
1321 739 1645 794 verborum
1676 744 1732 792 et
1762 738 2274 794 cohortationibus

618 833 854 884 tantum
908 832 995 884 est
1048 844 1216 897 usus,
1272 827 1377 882 sed
1407 825 1725 882 liberaliter
1772 827 1950 882 etiam
1999 832 2274 898 sumptus

620 921 1137 988 congruentesque
1158 917 1466 986 impensas
1504 916 1556 971 ei
1579 915 2002 986 suppeditavit.
2038 917 2274 986 Septem

618 1006 841 1061 etenim
883 1005 933 1060 ei
965 1004 1231 1061 attribuit
1261 1004 1480 1060 celeres
1521 1005 1806 1071 notarios,
1839 1004 1945 1076 qui
1969 1005 2142 1059 certis
2171 1004 2272 1060 de-

619 1094 875 1164 signatis
923 1094 1089 1150 horis
1151 1094 1213 1149 in
1267 1093 1561 1149 scribendi
1623 1109 1808 1164 opera
1854 1091 1967 1148 sibi
2019 1094 2271 1149 invicem

617 1183 1044 1240 succedebant.
1093 1182 1181 1238 Ad
1229 1183 1342 1238 hos
1396 1182 1643 1238 totidem
1695 1181 1926 1238 addidit
1955 1181 2127 1248 alios,
2168 1182 2272 1254 qui

616 1271 841 1328 dictata
870 1272 1030 1328 illius
1058 1271 1268 1328 formis
1315 1271 1758 1344 pulchrioribus
1797 1271 1857 1326 in
1897 1270 2063 1326 libris
2103 1288 2273 1327 accu-

615 1366 743 1416 rate
787 1360 1214 1416 describerent.
1245 1361 1508 1416 Aderant
1552 1361 1732 1416 etiam
1772 1359 1986 1432 puellae
2029 1360 2090 1416 in
2130 1361 2274 1415 scri-

613 1448 818 1505 bendo
852 1449 1040 1520 probe
1071 1449 1423 1504 exercitatis.
1447 1449 1674 1517 Quibus
1705 1449 1987 1505 omnibus
2027 1449 2274 1505 Ambro-

615 1540 742 1594 sius
767 1555 838 1594 ex
859 1537 1242 1594 facultatibus
1272 1539 1394 1593 suis
1421 1539 1685 1610 quotidie
1717 1538 1960 1594 abunde
1992 1544 2272 1609 sumptus

615 1627 886 1700 praebuit.
921 1629 1072 1692 Quin
1105 1628 1284 1683 etiam
1316 1627 1446 1682 aliis
1473 1627 1744 1698 pluribus
1774 1627 1971 1683 modis
2012 1627 2106 1682 ille
2147 1627 2271 1683 ala-

2385 477 2423 523 Γ
2423 475 2592 544 ραφὴν
2634 470 2970 541 ἐξηγήσεσιν,
3023 468 3346 544 Ἀμϐροσίου
3386 475 3505 532 τινὸς
3547 473 3599 532 εἰς
3633 482 3747 527 τοῦτο
3778 484 3829 529 τόν

2385 561 2662 632 φιλόσοφον
2720 560 3059 634 ἐρεθίζοντος,
3114 559 3173 611 οὐ
3237 565 3387 630 μόνον
3436 570 3695 635 προτροπαίς
3729 564 3831 635 λόγων

2382 655 2471 701 καὶ
2520 649 2935 721 παρακλήσεσιν,
2990 647 3116 701 ἀλλὰ
3175 654 3264 702 καὶ
3319 655 3453 723 χειρὶ
3499 650 3688 726 ἐλευθέρᾳ
3729 673 3834 725 xopt-

2381 742 2550 812 γούσῃ
2592 743 2656 792 τὰ
2710 735 3004 796 ἐπιτηδεια.
3035 738 3196 790 Ἑπτά
3241 742 3332 810 μὲν
3380 742 3470 810 γὰρ
3506 740 3620 810 αὐτῷ
3653 746 3837 814 ταχυγρὰ-

2383 849 2508 901 φους
2562 828 2794 902 ἐκμετρεῐ
2849 827 2904 879 ἐκ
2958 824 3226 900 διαδοχῆς
3272 835 3462 900 καιροῖς
3513 832 3750 901 ὡρισμένοις
3785 829 3838 882 ἁ).-

2380 917 2567 979 λήλους
2624 916 2947 989 ἀμείϐοντας.
3004 917 3118 970 Ἐπὶ
3191 913 3249 970 δὲ
3305 919 3507 981 τούτοις,
3557 917 3634 969 οὐκ
3677 917 3841 981 ἐλάττους

2383 1003 2516 1064 ἦσαν
2551 1009 2600 1058 οἱ
2629 1007 2699 1068 εἰς
2751 1006 2932 1066 κάλλος
2959 1013 3127 1058 ταῦτα
3157 1005 3506 1081 ἐγγράφοντες.
3540 1006 3630 1059 Καὶ
3669 1013 3781 1079 κόραι
3806 1004 3842 1059 δὲ

2380 1092 2646 1168 παρῆσαν,
2696 1098 2789 1157 τὰς
2843 1103 3029 1170 χεῖρας
3076 1097 3202 1166 πρὸς
3255 1097 3314 1146 τό
3370 1097 3559 1168 γράγειν
3608 1090 3650 1147 εὖ
3688 1096 3844 1166 ἠσκημέ-

2379 1204 2486 1236 ναι.
2554 1185 2648 1245 Οἷς
2704 1184 2874 1236 ἅπασι
2956 1179 3195 1241 δαπάνην
3246 1182 3582 1254 ἀφθονωτάτην
3625 1183 3843 1254 Ἀμϐρόσιις

2381 1272 2437 1324 ἐκ
2457 1281 2553 1335 τῆς
2591 1273 2758 1334 οἰκίας
2795 1277 3145 1346 περιστήσας,
3179 1272 3405 1334 ἑκάστης
3429 1275 3602 1344 ἡμέρας
3632 1281 3842 1344 παρεῖχεν

2381 1362 2475 1414 οὐκ
2523 1361 2649 1415 αὐτὸ
2705 1359 2764 1414 δὲ
2816 1368 2990 1434 μόνον,
3042 1361 3169 1413 ἀλλὰ
3223 1365 3308 1414 καὶ
3363 1361 3534 1418 πολλὴν
3577 1361 3748 1413 ἐνεποίει
3791 1367 3845 1411 mi

2382 1451 2710 1523 ἀλλοτρόπως
2792 1449 2979 1524 τάνδρὶ
3051 1453 3348 1525 προθυμίαν
3420 1458 3502 1511 τῆς
3560 1455 3658 1523 περὶ
3693 1454 3743 1501 τὰ
3777 1452 3848 1501 θεῖα

2384 1537 2626 1602 σπουδῆς
2655 1558 2666 1570 '
2798 1545 2888 1592 καὶ
2959 1540 3151 1610 μᾶλλον
3218 1540 3372 1592 αὐτὸν
3424 1541 3651 1611 παρέθηγε
3693 1544 3758 1590 καὶ
3794 1538 3848 1589 ἐπὶ

2379 1635 2473 1688 τὴν
2524 1638 2623 1682 τῶν
2680 1632 3063 1702 ὑπομνημάτων
3134 1629 3293 1682 αὑτοῦ
3358 1628 3595 1690 σύνταξιν.
3653 1627 3775 1681 Καλὸν
3811 1624 3850 1678 δὲ

615 1717 882 1772 critatem
910 1717 1016 1771 viri
1067 1717 1125 1771 in
1174 1717 1272 1771 tali
1303 1717 1645 1772 divinarum
1698 1717 2042 1771 Litterarum
2072 1717 2264 1772 studio

2381 1717 2510 1772 εἶναι
2534 1719 2730 1790 νομίζω
2783 1725 2873 1771 καὶ
2924 1719 2960 1771 ἃ
3011 1719 3248 1771 κατέλιπε
3294 1715 3522 1779 σπουδῆς
3579 1718 3848 1788 ὑπομνήματα,

614 1805 824 1860 sedulo
865 1806 1048 1870 auxit,
1082 1809 1146 1860 ut
1175 1805 1456 1860 libentius
1485 1805 1915 1876 prolixiusque,
1941 1805 2026 1860 sic
2056 1805 2270 1861 invita-

615 1902 731 1960 tus,
781 1894 843 1948 in
889 1895 1212 1950 editionem
1259 1895 1832 1950 commentariorum
1885 1910 2132 1950 suorum
2185 1895 2270 1950 in-

614 1983 943 2038 cumberet.
990 1985 1248 2055 Equum
1306 1989 1506 2039 autem
1560 1999 1688 2039 esse
1744 1987 1907 2055 puto,
1957 1999 2094 2056 quae
2151 1989 2274 2041 stu-

610 2071 850 2128 diorum
902 2088 1147 2127 suorum
1192 2079 1585 2128 monumenta
1627 2071 1944 2144 reliquerit,
2003 2072 2064 2127 in
2117 2088 2271 2143 prte-

610 2165 804 2220 sentia
824 2179 1155 2219 recensere.
1179 2163 1550 2219 Alexandria:
1561 2163 1808 2236 quidem
1830 2163 2269 2234 conscripsisse

610 2253 825 2309 dicitur
853 2253 914 2307 in
940 2253 1328 2322 Evangelium
1351 2253 1599 2309 Joannis
1622 2253 1808 2308 libros
1830 2269 1954 2308 sex.
1989 2254 2054 2308 In
2075 2257 2268 2309 totum

609 2342 1000 2412 Evangelium
1047 2343 1234 2398 libros
1281 2342 1491 2412 viginti
1539 2343 1694 2398 duos
1737 2343 1834 2414 (ί).
1875 2344 1939 2398 In
1969 2358 2131 2398 nono
2162 2358 2268 2398 au-

608 2437 730 2488 tem
761 2448 967 2488 eorum
996 2448 1150 2504 quos
1174 2433 1236 2486 in
1265 2431 1548 2487 Genesim
1580 2432 1816 2504 scripsit
1839 2431 1992 2487 libro
2021 2431 2269 2500 (duode-

614 2522 731 2577 cim
762 2528 964 2576 autem
996 2521 1200 2592 edidit)
1253 2536 1356 2576 eos
1402 2523 1506 2592 qui
1555 2536 1782 2576 nonum
1815 2527 2263 2591 praecesserunt,

611 2610 984 2666 Alexandriae
1033 2611 1214 2665 etiam
1284 2614 1758 2665 commentatum
1807 2626 1870 2665 se
1917 2625 2045 2665 esse
2103 2609 2264 2675 dicit,

611 2701 784 2754 sicuti
836 2706 893 2766 et
921 2699 1322 2769 expositiones
1361 2699 1422 2754 in
1474 2699 1682 2768 viginti
1717 2698 1988 2771 quinque
2041 2699 2268 2770 primos

610 2788 897 2844 Psalmos.
939 2791 1226 2844 Praeterea
1255 2789 1315 2842 in
1361 2788 1624 2844 Threnos
1669 2794 1863 2844 tomos
1901 2803 2164 2843 novem:
2203 2789 2266 2844 in

610 2878 835 2949 quibus
867 2878 1122 2933 duorum
1153 2876 1443 2932 librorum
1463 2877 1536 2932 de
1565 2877 1994 2933 resurrectione
2020 2877 2266 2933 mentio-

610 2982 750 3022 nem
781 2966 937 3021 facit.
973 2967 1176 3021 Libros
1202 2965 1409 3020 itidem
1435 2965 1510 3020 de
1541 2965 1870 3036 principiis,
1911 2966 2264 3038 priusquam

609 3055 1038 3111 Alexandriam
1067 3054 1449 3124 demigraret,
1487 3053 1666 3126 364
1697 3060 1753 3110 et
1781 3071 1934 3126 quos
1964 3055 2264 3127 inscripsit
2295 3087 2335 3144 α

610 3152 936 3218 Στρωματείς
998 3159 1104 3199 seu
1177 3148 1455 3199 contexta
1525 3144 1692 3214 (sunt
1759 3151 1961 3200 autem
2006 3144 2259 3214 decem),

2381 1816 2441 1880 τῇ
2494 1811 2733 1881 παρούσῃ
2785 1807 2992 1871 ἐντάξαι
3043 1816 3240 1882 γραφῇ.
3283 1806 3394 1860 Ἐπ’
3440 1802 3848 1878 Ἀλεξανδρείας

2379 1892 2466 1948 οὖν
2495 1895 2648 1967 λόγος
2676 1899 2788 1966 ἔχει
2825 1903 3002 1949 τοῦτον
3045 1896 3298 1958 συντάξαι
3341 1898 3409 1955 εἰς
3448 1898 3499 1948 τὸ
3539 1895 3653 1946 κατὰ
3687 1894 3850 1946 Ἰωάννην

2378 1989 2468 2058 μὲν
2501 1984 2684 2058 βιϐλία
2711 1986 2765 2048 ἓξ
2793 2005 2805 2017 ·
2834 1988 2898 2038 τὰ
2930 1982 2990 2038 δὲ
3029 1985 3206 2051 λοιπὰ,
3237 1982 3335 2037 δύο
3378 1981 3434 2037 δὲ
3467 1989 3548 2036 καὶ
3575 1986 3728 2036 εἴκοσιν
3749 1977 3850 2043 ἦσαν,

2378 2075 2449 2137 εἰς
2497 2074 2609 2127 ὅλον
2662 2078 2721 2126 τό
2779 2074 3114 2146 Εὐαγγέλιον.
3177 2075 3258 2126 Ἐν
3288 2077 3458 2146 μέντοι
3491 2081 3555 2143 τῷ
3595 2072 3652 2132 εἰς
3674 2076 3745 2128 τὴν
3768 2075 3853 2121 Γενε-

2381 2185 2462 2217 σιν
2491 2167 2650 2235 ἐνάτῳ
2692 2160 2926 2223 (δώδεκα
2975 2161 3024 2216 δ’
3085 2163 3198 2216 ἐστὶ
3244 2166 3311 2216 τὰ
3349 2165 3528 2227 πάντα)
3567 2164 3623 2213 τὰ
3645 2163 3721 2235 πρὸ
3746 2157 3851 2210 τοῦθ’

2377 2253 2457 2306 ἐπ’
2539 2250 2929 2328 Ἀλεξανδρείας
3010 2255 3445 2325 ὑπομνηματίσαι
3514 2255 3627 2323 φησί
3659 2265 3671 2277 ³
3716 2254 3782 2300 καὶ
3814 2247 3852 2303 εἰς

2377 2347 2495 2403 τοὺς
2544 2347 2693 2395 πέντε
2733 2339 2791 2395 δὲ
2842 2347 2932 2394 καὶ
2985 2345 3152 2395 εἰκοσι
3193 2349 3432 2414 πρώτους
3467 2340 3705 2412 Ψαλμοὺςο
3744 2340 3795 2388 ἔτι
3819 2353 3850 2385 τι
3934 2359 3935 2388 1

2377 2436 2443 2486 τὰ
2495 2432 2561 2492 εἰς
2619 2435 2741 2494 τοὺς
2798 2437 3047 2504 Θρηνους,
3098 2433 3164 2482 ὧν
3219 2432 3324 2484 εἰσι
3371 2436 3517 2504 τόμοι
3558 2428 3696 2482 θ”ἑν
3719 2428 3852 2495 οἷς

2377 2542 2570 2594 μνηται
2607 2526 2698 2574 καὶ
2737 2529 2836 2573 τῶν
2865 2527 2983 2595 περὶ
3032 2521 3372 2583 ἀναστάσεως
3403 2541 3416 2553 ο
3445 2518 3537 2573 δύο
3559 2517 3610 2571 δέ
3631 2518 3711 2570 εἰσι
3731 2523 3848 2567 ταῦτα.

2379 2611 2454 2663 Οὐ
2506 2615 2608 2682 μὴν
2657 2607 2717 2663 δὲ
2765 2609 2895 2662 ἀλλὰ
2931 2615 3021 2663 καὶ
3068 2613 3135 2662 τὰ
3185 2615 3302 2682 περὶ
3358 2610 3532 2684 ἀρχῶν
3577 2609 3658 2680 πρὸ
3700 2611 3765 2656 τοῦ
3795 2609 3850 2660 τῆς

2379 2696 2770 2774 Ἀλεξανδρείας
2819 2698 3113 2758 ἁποικῆσαι
3162 2702 3372 2772 γράφει.
3423 2699 3568 2753 Ἀλλὰ
3611 2700 3683 2747 καὶ
3717 2697 3751 2746 oi
3783 2696 3847 2743 ἐτι-
3934 2699 3935 2702 “

2374 2793 2726 2861 γεγραμμένοι
2782 2792 2922 2859 αὐτῷ
2980 2796 3328 2864 Στρωματείς,
3389 2785 3515 2841 δέκα
3572 2783 3614 2839 δ’
3667 2785 3772 2849 εἰσὶν,
3804 2781 3845 2830 ἔτι

2375 2881 2470 2940 τὰς
2513 2876 2788 2950 διατριϐὰς
2835 2877 2999 2930 ἐκεῖσε
3040 2881 3351 2950 ποιουμένῳ,
3411 2881 3694 2949 ἱστόρηνται,
3727 2879 3778 2938 Τῷ
3804 2865 3838 2917 δὲ

2374 2973 2560 3042 πρώτῳ
2624 2967 2820 3039 Ψαλμῷ
2875 2972 2965 3024 τὴν
3024 2967 3274 3040 ἐξήγησιν
3335 2967 3625 3035 ἐπιϐάλλων,
3665 2961 3824 3027 ητὺογοτ

2374 3065 2602 3109 ποιεῖται
2656 3066 2755 3108 τών
2810 3059 2954 3130 ἱερῶν
2999 3065 3089 3118 τῆς
3142 3057 3372 3119 παλαιᾶς
3422 3059 3658 3114 Διαθηκης
3689 3047 3820 3122 βάλλων

2378 3149 2513 3198 οὕτω
2551 3148 2688 3198 κατὰ
2714 3145 2847 3208 λέξιν
2876 3145 3032 3217 λέγων
3065 3163 3077 3176 ·

607 3234 982 3290 Alexandriae
1003 3249 1244 3306 quoque
1267 3233 1623 3304 composuit.
1647 3234 1714 3288 In
1732 3233 2107 3290 enarratione
2124 3242 2326 3292 autem
2345 3235 2524 3308 primi
2541 3235 2758 3292 Psalmi
2780 3251 3134 3292 numerums
3151 3250 3437 3292 acrorum
3453 3223 3843 3291 librorumVeler'lS

609 3323 965 3380 Testamenti
994 3323 1158 3379 hisce
1185 3322 1384 3378 verbis
1410 3328 1678 3378 recenset
1709 3338 1723 3375 :

1243 3431 1466 3486 CAPUT
1507 3429 1638 3482 XVI.

612 3539 910 3608 Quomodo
935 3539 1058 3606 ipse
1085 3537 1666 3593 tcstamentariarum
1698 3535 1818 3591 sive
1837 3535 2264 3593 canonicarum

691 3609 910 3666 Veteris
939 3616 993 3665 et
1021 3610 1174 3666 Novi
1210 3609 1564 3664 Testamenti
1594 3608 2051 3678 Scripturarum
2069 3608 2266 3665 memi-

681 3682 858 3739 nerit.

679 3810 708 3839 ‹‹
753 3789 909 3845 Scire
957 3803 1217 3859 peropus
1264 3792 1373 3854 est,
1427 3786 1904 3843 testamentarios
1950 3786 2151 3851 libros,
2201 3791 2267 3844 ut

608 3877 837 3933 Hebraei
893 3877 1282 3944 tradiderunt,
1332 3892 1461 3931 esse
1512 3875 1719 3945 viginti
1768 3875 1944 3942 duos,
1979 3877 2059 3931 ita
2106 3881 2170 3931 ut
2211 3877 2260 3930 is

606 3984 895 4023 numerus
929 3982 1065 4021 cum
1098 3966 1402 4021 elementis
1440 3965 1767 4021 litterarum
1799 3981 2005 4020 eorum
2051 3981 2264 4021 conve-

605 4056 749 4112 niat.
777 4079 802 4109 ν
833 4055 1052 4110 Deinde
1080 4055 1253 4110 infert
1282 4071 1293 4109 :
1327 4073 1355 4104 ‹‹
1383 4056 1529 4110 Sunt
1554 4059 1754 4108 autern
1782 4054 1946 4125 apud
1986 4054 2263 4110 Hebraeos

604 4146 814 4216 viginti
859 4147 981 4200 duo
1012 4144 1142 4198 libri
1175 4145 1289 4199 isti.
1324 4144 1435 4209 Qui
1478 4143 1643 4215 apud
1683 4159 1792 4198 nos
1822 4143 2142 4214 inscriptus
2172 4149 2264 4199 est

604 4235 859 4300 Genesis,
892 4233 1056 4306 apud
1081 4250 1186 4289 eos
1229 4250 1264 4288 a
1294 4233 1584 4304 principio
1615 4233 1852 4287 titulum
1899 4232 2099 4296 habet,
2151 4235 2262 4289 Be-

2967 3444 3212 3493 ΚΕΦΔΛ.
3255 3440 3385 3514 ις’.

2372 3538 2577 3598 Ὀπως
2605 3546 2728 3590 τῶν
2767 3535 3172 3596 ἐνδιαθήκων
3212 3543 3322 3590 καὶ
3362 3539 3544 3600 οὗτος
3578 3528 3855 3609 μνημονεύει

2545 3616 2804 3682 Ι¹ραφών
2837 3617 2946 3670 τῆς
2985 3610 3277 3672 Παλαιᾶς
3316 3615 3425 3663 καὶ
3463 3618 3566 3669 τῆς
3597 3610 3744 3665 Νέας.

2446 3807 2475 3839 (ι
2525 3787 2634 3839 Οὐκ
2683 3787 2957 3859 ἀγνοητίον
2989 3787 3049 3841 δὲ
3078 3785 3206 3840 εἶναι
3241 3786 3337 3850 τᾶς
3368 3785 3682 3845 ἓνδιαθήκους
3705 3777 3855 3854 ﬁtﬁt-9;,

2373 3880 2441 3938 ὡς
2490 3876 2718 3949 Ἑϐραῖοι
2768 3874 3158 3948 παραδιδόασι,
3212 3874 3310 3930 δύο
3342 3883 3435 3931 καὶ
3482 3877 3543 3942 κ’,
3580 3877 3681 3934 ὅσος
3715 3865 3857 3940 ἀριθμές

2373 3975 2471 4017 τῶν
2526 3968 2648 4039 παρ’
2697 3967 2875 4029 αὐτοῖς
2934 3972 3214 4039 στοιχείων
3271 3967 3410 4022 ἐστί.
3453 3987 3481 4019 ι)
3533 3970 3623 4019 Καὶ
3663 3961 3762 4034 με·τᾶ
3792 3970 3858 4004 ττδί

2372 4058 2596 4130 ἐπιφέρει
2625 4055 2782 4126 λέγων
2815 4073 2826 4086 ·
2867 4076 2895 4107 ‹‹
2945 4056 3062 4108 Εἰσὶ
3093 4053 3152 4109 δε
3200 4059 3254 4108 αἱ
3305 4060 3477 4109 εἴκοσι
3507 4053 3597 4108 δύο
3634 4039 3855 4124 βίϐλοικεό

2368 4143 2639 4218 Ἐϐραίους
2677 4141 2835 4197 αἰδε-
2887 4147 2915 4203 ἡ
2973 4147 3098 4218 παρ’
3150 4147 3274 4216 ἡμῖν
3336 4150 3591 4203 Γένεσις
3645 4139 3856 4208 ἐπιγιτραρ·

2370 4238 2517 4305 μένη,
2553 4233 2675 4306 παρ’
2711 4231 2973 4308 Ἑϐραίοις
3027 4229 3085 4286 δὲ
3134 4233 3236 4286 ἀπὸ
3288 4242 3382 4295 τῆς
3430 4233 3596 4306 ἀρχῆς
3638 4236 3711 4286 τῆς
3739 4219 3854 4294 βέῖλω

600 4325 806 4388 resith,
827 4323 992 4395 quod
1013 4328 1120 4388 est,
1137 4322 1209 4377 In
1222 4323 1542 4392 principio.
1563 4321 1818 4388 Exodus,
1837 4322 2221 4378 Vellesemoth
2239 4341 2259 4377 :

2378 4319 2648 4396 Βρησὶδ,
2691 4324 2812 4396 ὅπερ
2851 4323 3009 4387 ἐστὶν,
3047 4322 3135 4376 Ἐν
3176 4322 3349 4396 ἀρχῇ
3378 4340 3392 4356 ο
3444 4317 3664 4384 Ἐξοδος,
3691 4308 3856 4398 Οὐελλῖο

600 4415 715 4470 hoc
745 4419 849 4479 est,
879 4411 1012 4468 Haec
1040 4412 1309 4468 nomina.
1351 4411 1662 4476 Leviticus,
1704 4411 1919 4466 Vaicra
1957 4428 1974 4463 :
2008 4410 2122 4466 hoc
2145 4417 2254 4476 est,

599 4505 676 4559 Et
721 4502 972 4560 vocavit.
1005 4501 1264 4567 Numeri,
1329 4499 1653 4556 Vaiedaber
1677 4519 1696 4556 .·
1727 4500 1841 4555 hoc
1872 4503 1982 4566 est,
2003 4500 2257 4556 Locutus

596 4597 699 4650 est.
762 4591 1307 4657 Deuteronomium,
1360 4589 1892 4645 Ellehaddebarim
1933 4609 1953 4644 :
1984 4590 2098 4645 hoc
2146 4595 2252 4655 est,

595 4685 740 4739 Haec
767 4688 906 4737 sunt
949 4680 1148 4736 verba.
1201 4680 1371 4734 Jesus
1423 4679 1575 4734 ﬁlius
1605 4679 1786 4743 Nave,
1820 4679 2080 4735 Jehosua
2129 4679 2255 4752 Ben

594 4771 919 4829 Nun:hoc
939 4776 1044 4834 est,
1089 4771 1260 4824 Jesus
1308 4767 1468 4822 ﬁlius
1526 4771 1679 4823 Nun.
1729 4767 2029 4832 Judicum,
2079 4771 2252 4833 Ruth,

594 4863 760 4933 apud
789 4861 952 4932 ipsos
982 4860 1042 4914 in
1077 4875 1265 4913 unum
1290 4857 1511 4913 librum
1539 4857 1936 4923 concluditur,
1965 4857 2256 4926 Josap/za-

593 4953 720 5008 tim.
741 4947 1235 5021 Regum,primus
1260 4946 1658 5011 etsecundus,
1705 4946 1870 5017 apud
1903 4946 2066 5017 ipsos
2105 4962 2255 5000 unus

593 5047 698 5106 est,
731 5045 786 5094 et
824 5037 1043 5093 dicitur
1093 5035 1329 5092 Samuel
1375 5051 1388 5089 :
1431 5036 1546 5091 hoc
1587 5040 1696 5100 est,
1742 5050 1777 5091 α
1828 5036 1946 5090 Deo
1990 5041 2249 5091 vocatus.

590 5133 840 5199 Regum,
885 5126 1090 5182 tertius
1145 5130 1202 5181 et
1231 5129 1494 5196 quartus,
1540 5126 1602 5179 in
1635 5140 1756 5180 uno
1778 5125 1932 5179 libro
1980 5129 2251 5196 uterque,

606 5217 971 5276 Vammelech
981 5215 1198 5284 David,
1218 5230 1324 5269 seu
1337 5215 1604 5285 Regnum
1632 5213 1843 5270 David.
1861 5213 2254 5285 Paralipome-

666 5344 745 5414 (1)
809 5342 892 5402 Εἰς
955 5344 1012 5414 τό
1078 5345 1177 5414 πᾶν
1240 5339 1582 5414 Εὗαγγελιον,
1640 5338 1803 5414 St_1_i_d.
1866 5338 1956 5400 Εἰς
2018 5341 2078 5390 τό
2153 5344 2254 5414 πάν

595 5409 904 5485 Εὐαγγέλιον
934 5413 1063 5485 αὐτό
1089 5409 1156 5470 δὴ
1185 5419 1362 5463 τοῦτο.
1394 5409 1627 5466 Euseb.
1691 5410 1792 5465 lib.
1841 5425 1917 5485 vl,
1977 5425 2112 5485 cap.
2161 5411 2251 5464 24.

595 5482 718 5540 1]δῖ
743 5482 801 5540 in
845 5492 1011 5540 sexto
1050 5483 1111 5537 in
1155 5485 1446 5538 Joannem
1500 5482 1946 5547 commentario,
1989 5484 2255 5553 quinque

592 5555 964 5614 Alexandriae
1006 5569 1145 5611 eum
1175 5553 1452 5621 edidisse,
1493 5554 1599 5625 qui
1649 5557 1882 5609 sextum
1937 5567 2257 5624 praecesse-

2373 4413 2568 4483 σμὼθ,
2597 4415 2717 4486 ὅπερ
2776 4415 2910 4480 ἐστὶ,
2941 4419 3155 4465 Ταῦτα
3200 4415 3276 4464 τὰ
3326 4412 3625 4484 ὀνόματα.
3659 4411 3852 4459 Animas,

2370 4501 2645 4574 Οὗίκρὰ,
2691 4506 2810 4554 Καὶ
2849 4500 3158 4553 ἐκάλεσεν
3190 4522 3203 4535 ·
3238 4502 3509 4574 Ἀριθμοὶ,
3535 4501 3850 4574 Ἀμεσῖειεω·

2370 4586 2486 4661 ai.“-
2515 4609 2528 4621 ⁸
2551 4573 2970 4663 ίΑευτερονὸμιον.
2994 4573 3436 4664 Ἐλλεαδαῗϐαρ
3454 4596 3528 4654 iv,
3560 4584 3724 4640 Οὗτοι
3748 4573 3846 4664 aii-fr

2366 4662 2843 4750 γόιοἺησοῦςυὶὸς
2859 4687 3032 4746 Ναυῆ,
3056 4681 3138 4738 ’1η
3159 4687 3272 4732 σοῦ
3305 4662 3664 4734 Ἐϐνεννοῦγ
3689 4662 3844 4742 Ritu?

2365 4767 2533 4835 Ῥοὺθ,
2609 4769 2732 4842 παρ’
2787 4769 2966 4831 αὐτοῖς
3043 4769 3110 4835 ἓν,
3190 4772 3629 4841 Ἰωσαφατίμ·

2367 4863 2570 4932 πρώτη,
2652 4855 2889 4932 δευτέρα,
2962 4861 3088 4932 παρ’
3146 4858 3319 4920 αὐτοῖς
3395 4858 3470 4929 ἓν³
3530 4842 3858 4932 Σαμουὴλγθ

2368 4955 2412 5000 Θ
2433 4947 2620 5005 ιόκλη
2639 4967 2701 5000 το
2721 4969 2741 5009 ς
2769 4967 2782 4979 ·
2845 4947 3120 5000 Βασιλειῶν
3200 4953 3374 5020 τρίτη,
3462 4947 3685 5019 τετάρτη,
3731 4935 3766 4988 ἓν
3805 4949 3858 5028 fit.

2367 5035 2800 5107 Οὐαμμελέλχ
2840 5032 3069 5104 Δαυῐδ,
3094 5019 3360 5108 ὃπερῗέστὶ
3387 5033 3680 5109 βασιλεία
3709 5019 3854 5078 mis“

2366 5124 2823 5197 Παραλειπομένων
2857 5123 2920 5195 α’,
2974 5124 3042 5198 β’,
3099 5127 3147 5176 ἐν
3179 5125 3266 5191 ἑνὶ,
3318 5122 3755 5199 Διαϐριιαμίν·
3788 5109 3854 5168 ὅπερ

2365 5216 2498 5279 ἐστὶ,
2526 5213 2710 5286 λόγοι
2748 5215 3028 5287 ἡμερῶν,
3066 5211 3302 5288 Ἔσδρας
3332 5216 3406 5282 α’,
3445 5212 3496 5287 β’
3542 5214 3586 5263 ἓν
3630 5200 3849 5268 ἐνὶἜξὲτ

2365 5343 2522 5405 runt,
2556 5343 2612 5394 et
2641 5338 2702 5393 in
2754 5343 2945 5394 totum
2993 5340 3238 5395 Joannis
3269 5336 3650 5407 Evangelium
3685 5331 3848 5407 tanta?

2364 5399 2569 5538 Statio,
2601 5414 2670 5466 22
2699 5418 2897 5468 tomos
2925 5413 2986 5467 in
3021 5426 3239 5468 manus
3269 5399 3592 5468 hominum
3617 5399 3843 5478 perveniet

2407 5497 2480 5537 lCl
2511 5497 2597 5538 ur.

2407 5497 2597 5538 lCllllI‘.
