4036 6288
153 347 280 401 1101

148 473 268 543 ὅπερ
343 469 453 522 ἐστὶ
529 470 762 529 Βοηθός
817 485 829 498 ⁸

146 559 256 631 λίμ
293 577 308 590 ⁶
373 559 666 631 Σολομῶνος
748 562 1054 630 Παροιμίαι,
1128 556 1394 610 Μεσ).ώθ
1435 570 1451 586 ⁸

153 652 396 714 σιαστης,
441 647 682 702 Κωέλεθ
713 663 726 677 ⁸
772 647 792 667 ⁷
829 652 986 720 ᾼσμα
1034 645 1282 718 ᾀσμάτων

888 467 1064 540 βίϐλος
1156 468 1399 539 Ψαλμῶν,
1475 468 1744 539 Σφαρθε-
1774 465 1820 520 Α

1534 555 1744 613 Ἐκκλη-

1333 663 1349 678 ⁶
1390 645 1449 696 ού
1498 647 1620 718 γὰρ,
1676 647 1742 706 ὡς

151 737 576 810 ὑπολαμϐάνουσί
627 755 776 801 τινες,
825 735 848 750 ’⁷
887 742 1112 809 ᾼσματα
1169 734 1414 807 ᾀσμάτων
1457 750 1470 764 ⁸
1513 735 1740 806 Σιρὰχ,

151 833 340 903 Σιρίμ
381 845 393 857 ·
435 826 675 896 Ἠσαίας,
715 825 874 887 Ἱεζία
906 843 917 856 ⁸
959 825 1206 898 Ἱερεμίας
1247 827 1340 876 σὺν
1382 829 1607 897 Θρήνοις
1654 828 1744 876 καὶ

151 924 214 989 τῇ
256 915 522 988 ἐπιστολῇ,
567 915 616 967 ἓν
652 914 920 989 Ἱερεμία
957 932 970 945 ·
1014 914 1223 979 Δανιὴλ,
1271 913 1507 972 Δανιὴλ
1537 930 1552 944 ο
1597 912 1744 973 Ἰεζε-

152 1005 292 1072 κιηλ,
323 1005 632 1065 ’Ῑεζεκιήλ
664 1024 678 1038 °
711 1003 851 1071 Ἰὼϐ,
879 1003 1016 1058 Ἰὼϐ
1043 1021 1056 1034 ⁶
1101 1004 1320 1076 Ἐσθηρ,
1355 1003 1573 1074 Ἐσθήρ.
1608 1001 1744 1064 Ἐξω

154 1091 214 1148 δε
257 1097 451 1147 τούτων
495 1094 609 1147 ἐστὶ
648 1095 713 1147 τὰ
759 1091 1132 1159 Μακκαϐαῑκάι,
1181 1091 1310 1166 ἆπερ
1369 1094 1745 1164 ἐπιγέγραπται

153 1183 404 1256 Σαρϐηθ
439 1183 824 1238 Σαϐαναῖελ.
852 1185 1079 1240 »Ταῦτα
1099 1184 1188 1254 μεν
1211 1180 1260 1233 ἐν
1291 1189 1363 1252 τῷ
1392 1183 1745 1254 προειρημένῳ

154 1274 532 1347 συγγράμματι
569 1275 778 1330 τίθησιν
827 1291 840 1304 ⁸

150 1365 285 1415 κατὰ
337 1363 627 1427 Ματθαῖον,
678 1363 764 1413 τὸν
821 1359 1260 1418 ἐκκλησιαστικὸν
1318 1358 1581 1431 φυλάττων
1647 1379 1745 1411 κα-

894 1271 941 1323 ἐν
990 1268 1050 1323 δὲ
1087 1278 1160 1342 τῷ
1199 1275 1388 1345 πρώτῳ
1426 1279 1524 1322 τῶν
1574 1270 1640 1331 εἰς
1686 1273 1744 1321 τὸ

148 1456 290 1516 νόνα,
356 1456 489 1524 μόνα
538 1455 772 1524 τέσσαρα
837 1450 1130 1521 Εύαγγέλια
1184 1445 1376 1502 εἰδέναι
1427 1451 1747 1523 μαρτύρεται

152 1537 257 1594 ὧδέ
301 1561 411 1601 πως
465 1541 676 1615 γράφων
714 1553 729 1570 ·
775 1559 799 1589 ε
831 1537 919 1600 Ὠς
957 1537 1005 1590 ἓν
1043 1535 1342 1612 παραδόσει
1390 1540 1569 1608 μαθὼν
1628 1543 1746 1610 περὶ

150 1638 252 1683 τῶν
297 1632 566 1705 τεσσάρων
616 1628 966 1700 Εύαγγελίων,
1015 1628 1050 1680 ὁὶ
1079 1633 1168 1680 καὶ
1219 1632 1352 1700 μόνα
1399 1627 1747 1702 ἀναντίρρητά

154 1719 291 1772 ἐστιν
341 1718 389 1772 ἐν
439 1727 501 1792 τῇ
557 1720 657 1771 ὑπὸ
713 1721 799 1770 τὸν
834 1717 1048 1790 οὐρανὸν
1085 1717 1373 1790 Ἐκκλησία
1422 1724 1514 1769 τοῦ
1562 1725 1697 1770 Θεοῦ
1728 1731 1742 1746 ⁸

154 1811 236 1862 ὃτι
284 1815 486 1883 πρῶτον
533 1810 623 1880 μὲν
649 1811 940 1880 γέγραπται
989 1810 1048 1858 τὸ
1095 1809 1232 1858 κατὰ
1289 1811 1375 1858 τὸν
1426 1809 1550 1859 ποτε
1599 1805 1746 1859 τελὼ-
1783 1823 1826 1878 Β

153 1919 264 1964 νην,
329 1896 544 1969 ὓστερον
613 1893 671 1949 δὲ
735 1895 1023 1948 ἀπόστολον
1076 1897 1224 1954 Ἰησῦ
1279 1903 1532 1968 Χριστοῦ,
1603 1903 1745 1950 Ματ-

155 1990 319 2053 θαῖον,
373 1982 706 2039 ὶκδεδωκότα
763 1988 887 2038 αὑτὸ
948 1993 1058 2045 τοῖς
1108 1984 1210 2038 ἀπὸ
1259 2005 1348 2038 του
1397 1982 1746 2057 Ἰουδαῑσμοῦ

154 2078 496 2140 πιστεύσασι,
548 2075 856 2147 γράμμασιν
907 2072 1204 2148 Ἑϐραϊκοῖς
1272 2078 1676 2145 συντεταγμένον
1729 2090 1743 2103 ·

155 2163 393 2238 δεύτερον
450 2161 509 2216 δε
544 2167 601 2216 τὸ
641 2166 776 2216 κατὰ
821 2165 1034 2235 Μὶρκον
1083 2166 1152 2225 ὡς
1191 2167 1383 2235 Πέτρος
1437 2166 1747 2235 ὑφηγήσατο

155 2255 294 2324 αὐτῷ
341 2258 643 2319 ποιήσαντι,
691 2254 744 2305 ὃν
782 2257 873 2304 καὶ
911 2254 1022 2304 υἱὸν
1053 2251 1101 2304 ἐν
1147 2259 1210 2325 τῇ
1259 2251 1519 2325 Καθολικῇ
1578 2253 1590 2272 ’
1619 2259 1746 2306 Επι-

155 2343 310 2415 στολῇ
340 2339 435 2396 διὰ
463 2344 657 2394 τούτων
687 2341 990 2414 ὡμολόγησε
1025 2343 1237 2413 φάσκων
1267 2359 1280 2371 ·
1329 2341 1340 2361 ’
1365 2334 1771 2404 Ασπάζεταί

152 2435 313 2505 ὑμᾶς
343 2433 374 2490 ἠ
399 2429 456 2483 ἐν
483 2428 812 2483 Βαϐυλῶνι
837 2429 1121 2496 ἑκλεκτὴ,
1146 2434 1256 2482 καὶ
1281 2432 1530 2505 Μάρκος
1559 2431 1584 2481 ό
1611 2433 1749 2492 υἱός

149 2542 269 2596 μου
302 2539 316 2551 ·
345 2525 434 2573 καὶ
458 2524 632 2594 τρίτον
661 2522 718 2572 τὸ
743 2521 878 2572 κατὰ
919 2525 1146 2584 Λουκᾶν,
1174 2522 1232 2571 τὸ
1275 2521 1374 2572 ὑπὸ
1413 2526 1504 2572 τοῦ
1540 2519 1745 2572 Παύλου

152 2613 511 2684 ἐπαινούμενον
579 2608 894 2680 Εὐαγγελιον
951 2615 1057 2668 τοῖς
1113 2607 1216 2660 ἀπὸ
1281 2617 1380 2660 τῶν
1447 2608 1600 2661 ἐθνῶν
1661 2629 1746 2662 πε-

154 2705 429 2762 ποιηκότος
459 2720 473 2733 ·
515 2699 600 2751 ἐπὶ
640 2692 774 2752 πᾶσι
811 2701 870 2750 τὸ
914 2699 1050 2750 κατὰ
1075 2697 1086 2716 ’
1116 2699 1358 2755 Ιωάννην.
1391 2718 1419 2749 ›)
1457 2703 1556 2750 Καὶ
1586 2696 1634 2749 ἐν
1673 2707 1744 2769 τῷ

158 2796 372 2862 πέμπτῷ
411 2786 470 2842 δὲ
519 2797 618 2846 τῶν
678 2788 749 2848 εἰς
800 2791 859 2840 τό
912 2789 1048 2839 κατὰ
1105 2785 1344 2844 Ἰωάννην
1389 2787 1742 2858 Ἐξηγητικῶν

161 2881 188 2932 ό
239 2879 387 2940 αύτὸς
435 2885 604 2930 ταῦτα
649 2881 738 2929 καὶ
777 2881 894 2950 περὶ
942 2884 1041 2928 τῶν
1073 2875 1084 2896 ’
1128 2876 1425 2929 Επιστολῶν
1464 2885 1560 2928 τῶν
1620 2876 1747 2930 ἀπο-

159 2968 350 3021 στόλων
395 2973 553 3040 φησίν
586 2988 600 3000 ο
639 2988 661 3016 ε
694 2965 753 3018 Ὀ
783 2963 843 3018 δὲ
899 2967 1162 3032 ίκανωΘε-ὶς
1221 2963 1459 3025 διάκονος
1506 2969 1750 3038 γενέσθαι

152 3067 250 3121 τῆς
291 3065 472 3120 καινῆς
522 3058 802 3121 Διαθήκης,
847 3055 904 3107 ού
955 3057 1283 3130 γράμματος,
1340 3054 1468 3108 ἀλλὰ
1522 3059 1749 3129 πνεύμα-

145 3167 253 3213 τος,
293 3146 494 3206 Παῦλος
537 3147 562 3196 ὁ
604 3144 955 3218 πεπληρωκὼς
1011 3146 1069 3196 τὸ
1135 3143 1442 3216 Εύαγγέλιον
1501 3143 1602 3196 ἀπὸ
1665 3145 1750 3199 Ἱε-
1782 3173 1822 3228 C

147 3235 425 3310 ρουσαλὴμ
453 3240 543 3287 καὶ
581 3233 752 3306 κύκλῳ
788 3237 952 3307 μέχρι
981 3239 1073 3285 τοῦ
1112 3234 1123 3255 ’
1155 3233 1444 3307 Ιλλυρικοῦ,
1487 3231 1610 3287 οὐδὲ
1654 3238 1752 3288 πά-

151 3333 270 3389 σαῖς
326 3323 546 3397 ἔγραψεν
622 3323 705 3383 αἷς
773 3319 1012 3385 ἐδίδαξεν
1061 3321 1364 3386 ἐκκλησίαις
1405 3344 1417 3356 ο
1483 3322 1611 3376 ἀλλὰ
1662 3329 1748 3376 καὶ

147 3415 234 3477 αἷς
301 3412 546 3486 ἔγραψεν,
618 3411 825 3482 ὀλίγους
908 3415 1134 3482 στίχους
1197 3410 1474 3464 ἐπέστειλε.
1563 3416 1752 3487 Πέτρος

146 3501 232 3568 δὲ,
265 3501 324 3574 ἐφ
355 3501 366 3519 ’
466 3497 820 3572 οἰκοδομεῖται
867 3501 897 3558 ἡ
941 3507 1176 3573 Χριστοῦ
1205 3500 1508 3567 Ἐκκλησία,
1547 3502 1612 3563 ἧς
1660 3504 1752 3554 πύ-

141 3591 239 3644 λαι
287 3587 420 3661 ᾅδου
468 3589 527 3642 οὐ
576 3591 998 3660 κατισχύσουσι,
1038 3592 1161 3660 μίαν
1215 3589 1524 3647 Ἐπιστολὴν
1571 3589 1752 3662 ὁμολο-

140 3683 408 3753 γουμένην
451 3677 833 3732 καταλελοιπεν.
877 3677 1050 3731 Ἔστω
1100 3674 1160 3730 δὲ
1207 3683 1297 3730 καὶ
1343 3675 1563 3753 δευτέρα
1595 3700 1608 3712 -
1654 3678 1748 3750 ἁμ-

145 3767 454 3843 φιϐάλλεταί
481 3787 560 3839 γε.
613 3771 678 3820 Τί
729 3763 812 3819 δεῖ
857 3771 975 3840 περὶ
1020 3774 1114 3819 τοῦ
1162 3766 1510 3830 ἀναπεσόντος
1567 3768 1653 3820 ἐπὶ
1691 3771 1750 3820 τὸ

146 3859 346 3918 στῆθος
389 3857 549 3928 λέγειν
588 3864 679 3909 τοῦ
713 3855 911 3923 Ἰησοῦ,
966 3856 1202 3910 Ἰωάννου
1237 3873 1250 3922 ;
1298 3857 1394 3918 ’ος
1440 3857 1752 3929 Εὐαγγέλιον

147 3949 203 4000 ἓν
261 3945 644 4012 καταλέλοιπεν,
691 3945 951 4016 ὁμολογῶν
1003 3944 1262 3998 δύνασθαι
1319 3954 1552 3998 τοσαῦτα
1603 3952 1752 4005 ποιή-

148 4057 288 4102 σειν,
320 4037 355 4088 ἄ
384 4033 486 4089 ούδ
515 4035 528 4056 ’
560 4038 585 4088 ὁ
623 4039 820 4106 κόσμος
849 4044 1101 4108 χωρῆσαι
1131 4032 1370 4090 ἐδύνατο.
1403 4035 1635 4111 Ἔγραψε
1691 4033 1748 4090 δὲ

145 4131 246 4180 καὶ
291 4130 384 4184 τὴν
426 4127 438 4148 ’
475 4125 836 4195 Αποκάλυψιν,
877 4125 1165 4186 κελευσθεὶς
1216 4133 1508 4191 σιωπῆσαι,
1544 4131 1631 4178 καὶ
1680 4130 1750 4198 μὴ

145 4214 366 4291 ’γράψαι
407 4217 499 4276 τὰς
539 4222 638 4266 τῶν
695 4214 826 4265 ἐπτὰ
875 4211 1108 4286 βροντῶν
1157 4216 1346 4286 φωνάς.
1410 4215 1756 4267 Καταλέλοιπε

145 4309 246 4358 καὶ
278 4304 290 4325 ’
338 4305 634 4361 Επιστολὴν
672 4304 806 4355 πάνυ
845 4301 1031 4374 ὀλίγων
1088 4308 1290 4375 στίχων
1329 4323 1341 4336 ·

151 4391 408 4466 δευτέραν
438 4397 527 4444 καὶ
576 4396 757 4465 τρίτην
790 4409 803 4422 ·

1390 4303 1526 4356 ἔστω
1579 4301 1638 4356 δὲ
1667 4308 1755 4356 καὶ

860 4395 971 4444 ἐπεὶ
1015 4392 1074 4444 ού
1131 4394 1319 4455 πάντες
1355 4397 1485 4464 φασί
1537 4399 1757 4464 γνησίας

150 4480 293 4537 εἶναι
330 4485 517 4544 ταύτας
545 4501 559 4515 ο
615 4481 748 4540 πλὴν
791 4481 884 4534 οὐκ
932 4481 1037 4534 εἰσὶ
1093 4486 1294 4553 στίχων
1337 4480 1600 4557 ἀμφότερα
1645 4483 1756 4535 ἐκα-
1792 4516 1838 4570 D

146 4577 269 4628 τόν.
318 4593 349 4626 ι)
399 4571 515 4625 Ἔτι
567 4573 694 4647 πρὸς
745 4573 945 4631 τούτοις
987 4575 1104 4643 περὶ
1155 4578 1247 4631 τῆς
1302 4575 1432 4646 πρὸς
1491 4571 1758 4646 Ἐϐραίους

147 4663 165 4685 ’
196 4661 499 4721 Επιστολῆς
552 4661 603 4712 εν
663 4667 775 4720 ταῖς
826 4678 896 4722 εις
956 4665 1049 4718 τὴν
1098 4659 1259 4718 αὐτὴν
1318 4661 1548 4733 ὁμιλίαις
1594 4670 1760 4714 ταῦτα

147 4749 505 4824 διαλαμϐάνει
538 4770 552 4784 ·
585 4748 638 4801 ‹‹¹
673 4756 770 4802 Οτι
799 4750 824 4800 ὁ
864 4753 1144 4823 χαρακτὴρ
1177 4757 1273 4812 τῆς
1301 4748 1480 4813 λέξεως
1507 4759 1602 4812 τῆς
1634 4754 1759 4825 πρὸς

142 4840 430 4915 Ἐϐραίους
485 4837 935 4914 ἐπιγεγραμμένης
985 4837 1294 4901 Ἐπιστολῆς
1357 4839 1450 4892 οὐκ
1521 4842 1634 4911 ἔχει
1701 4844 1760 4892 τὸ

144 4934 200 4984 ἓν
263 4929 402 5002 λόγῳ
459 4924 750 4993 ἰδιωτικὸν,
815 4935 907 4981 τοῦ
979 4927 1274 4980 ἀποστόλου
1342 4929 1761 5000 ὁμολογήσαντος

147 5020 344 5073 ἑαυτὸν
398 5015 616 5076 ἰδιώτην
648 5015 777 5071 εἶναι
815 5025 889 5089 τῷ
930 5017 1089 5090 λόγῳ,
1141 5023 1378 5070 τουτέστι
1435 5025 1496 5090 τῇ
1553 5021 1757 5090 φράσει.

148 5107 302 5164 Ἀλλ’
334 5109 530 5166 ἔστινή
581 5107 593 5128 ’
627 5106 891 5166 Επιστολὴ
936 5109 1174 5161 συνθέσει
1221 5115 1319 5168 τῆς
1368 5106 1543 5169 λέξεως
1588 5106 1760 5166 Ἑλλη-

152 5200 434 5271 νικωτέρα.
486 5202 596 5258 Πᾶς
642 5198 669 5248 ὁ
721 5195 1060 5268 ἐπιστάμενος
1115 5200 1305 5270 κρίνειν
1361 5199 1599 5270 φράσεων
1650 5193 1765 5249 δια-

156 5289 322 5360 φορὰς
375 5285 702 5360 ὁμολογήσαι
740 5287 823 5341 ἄν.
876 5286 1035 5340 Πάλιν
1075 5305 1129 5338 τε
1176 5283 1265 5352 αὖ,
1307 5290 1386 5339 ὄτι
1414 5288 1480 5338 τὰ
1531 5291 1767 5358 νοήματα

155 5383 263 5437 τῆς
299 5374 610 5436 Ἐπιστολῆς
666 5375 938 5448 θαυμάσιοί
990 5374 1124 5443 ἐστι,
1156 5380 1246 5426 καὶ
1297 5375 1354 5427 οὐ
1397 5371 1615 5448 δευτέρα
1665 5383 1764 5427 τῶν

152 5465 526 5519 ἀποστολικῶν
569 5464 992 5539 ὁμολογουμένων
1031 5465 1355 5537 γραμμάτων
1404 5481 1418 5495 ⁶
1472 5467 1564 5517 καὶ
1613 5472 1766 5517 τοῦτο

242 5650 327 5727 (1)
355 5647 576 5708 Euseb.
605 5648 708 5709 lib.
735 5665 812 5720 vi,
839 5663 975 5722 cap.
1000 5652 1090 5706 25.

1185 339 1749 398 ECCLESIASTIC/E
1785 337 2144 395 HISTORIA?)
2185 340 2319 395 LIB.
2361 339 2429 395 V.

3358 345 3500 401 1102

1851 480 1975 520 non
2010 465 2262 536 primus
2310 469 2366 522 et
2419 463 2744 530 secundus,
2796 479 2953 520 unus
2999 465 3236 533 dicitur,
3305 467 3503 526 Dibrae

1855 555 2120 612 haiamin
2144 572 2164 610 :
2185 555 2299 611 hoc
2321 561 2430 620 est,
2453 554 2762 610 Sermones
2792 554 3248 612 dierum.Esdrae
3271 558 3502 629 primus

1852 651 1910 698 et
1961 644 2286 709 secundus,
2319 643 2559 708 Esdras,
2587 643 2692 714 qui
2745 659 2900 698 unus
2935 649 3042 714 est,
3075 649 3132 700 et
3165 645 3506 702 inscribitur

1851 732 2007 788 Εειά
2046 748 2058 786 ;
2101 731 2216 787 hoc
2284 737 2392 796 est,
2447 733 2818 787 Auxiliator.
2876 731 3042 786 Liber
3098 733 3502 799 Psalmorum,

1849 821 2238 891 Sphartelim.
2288 820 2602 877 Proverbia
2642 819 3000 887 Solomonis,
3037 824 3263 879 Meslot.
3312 823 3507 880 Eccle-

1853 911 2081 974 siastes,
2135 910 2434 967 Coheleth.
2473 911 2782 966 Canticum
2814 910 3205 981 canticorum,
3240 929 3362 968 non
3394 930 3506 970 au-

1851 1003 1974 1055 tem
2005 1001 2090 1070 (ut
2120 1000 2369 1072 quidam
2402 999 2638 1071 putant)
2665 1000 2903 1056 Cantica
2942 1002 3336 1068 canticorum,
3375 1003 3508 1060 Sir-

1855 1089 2116 1145 hasirim.
2145 1089 2346 1154 Isaias,
2373 1089 2660 1145 Jeremias
2693 1105 2829 1145 cum
2856 1089 3114 1148 Threnis
3136 1094 3193 1147 et
3222 1091 3504 1163 Epistola,

1853 1194 1976 1234 uno
2015 1179 2538 1235 nomineJeremz'a.
2572 1178 2801 1244 Daniel,
2831 1179 3262 1246 Ezechiel.Job,
3280 1181 3502 1248 Esther,

1855 1270 2068 1324 Praeter
2091 1267 2203 1323 hos
2235 1272 2373 1324 sunt
2396 1267 2530 1324 libri
2563 1266 3064 1335 Machabmorum,
3083 1269 3187 1341 qui
3217 1269 3383 1341 apud
3404 1285 3507 1326 eos

1853 1356 2278 1423 inscribuntur,
2292 1355 2548 1413 Sarbeth
2562 1356 2908 1414 Sabanaiel.
2940 1378 2969 1410 ιο
2990 1361 3180 1431 Atque
3206 1358 3408 1415 hascin
3436 1375 3507 1416 eo

1854 1461 2037 1516 quem
2063 1445 2320 1501 diximus
2348 1447 2781 1502 commentario
2813 1448 3076 1518 exponit.
3099 1449 3160 1503 ln
3193 1448 3386 1520 primo
3404 1465 3508 1505 uu-

1855 1538 1974 1590 tem
2015 1550 2074 1590 1n
2123 1534 2511 1605 Evangelium
2570 1535 2906 1592 secundum
2953 1537 3292 1593 Matthasum
3329 1537 3505 1594 libro.

1854 1624 2326 1681 ecclesiasticum
2353 1639 2602 1680 servans
2629 1639 2946 1692 canonem,
2978 1630 3239 1698 quatuor
3251 1631 3509 1683 tantum-

1856 1713 2040 1769 modo
2072 1713 2392 1783 Evangelia
2417 1728 2479 1768 se
2509 1729 2707 1779 nosse,
2736 1713 2821 1769 sic
2852 1715 3311 1786 quodammodo
3333 1721 3508 1774 testa-

1857 1806 1950 1858 tur
1981 1825 1994 1857 :
2032 1822 2061 1854 α
2087 1805 2156 1859 Ut
2178 1803 2424 1874 quidem
2471 1818 2543 1858 ex
2574 1803 2891 1860 traditione
2933 1804 3116 1860 didici
3147 1804 3222 1860 de
3251 1812 3510 1878 quataor

1858 1891 2210 1963 Evangeliis,
2245 1892 2422 1964 365
2465 1891 2591 1948 sola
2619 1907 2691 1948 ea
2735 1899 2876 1948 sunt
2913 1899 3085 1949 certas
3111 1895 3506 1961 auctoritatis,

1857 1984 1913 2036 et
1940 1979 2374 2050 irrefragabilia
2408 1981 2471 2036 in
2501 1980 2762 2038 Ecclesia
2789 1983 2889 2038 Dei
2919 1999 3054 2054 quae
3076 1988 3164 2039 est
3195 1983 3309 2040 sub
3336 1984 3506 2041 coelo.

1857 2069 2119 2125 Primum
2164 2071 2449 2142 scriptum
2489 2074 2582 2125 est
2611 2070 2690 2126 ab
2732 2070 2879 2127 olim
2916 2071 3268 2142 publicano,
3304 2081 3512 2144 postea

1856 2174 2000 2214 vero
2029 2157 2306 2230 apostolo
2352 2158 2490 2214 Jesu
2553 2159 2786 2226 Christi,
2814 2160 3105 2226 Matthaeo,
3138 2167 3191 2216 et
3231 2161 3510 2218 ﬁdelibus

1856 2247 2095 2326 Judaeis.
2124 2245 2724 2325 sermone-:Hebraico
2756 2247 3061 2304 traditum.
3099 2249 3442 2306 Secundum
3473 2266 3511 2307 a

1857 2338 2068 2401 Marco,
2111 2336 2283 2391 sicuti
2316 2352 2350 2390 a
2372 2336 2543 2391 Petro
2582 2335 2663 2391 illi
2690 2341 2777 2392 est
2813 2337 3124 2404 dictatum,
3158 2355 3342 2411 quem
3382 2339 3430 2393 is
3449 2341 3509 2396 in

1859 2425 2160 2482 Catholica
2215 2425 2477 2498 Epistola
2523 2441 2636 2480 sua
2693 2441 2826 2482 eam
2883 2426 2963 2483 ob
3002 2443 3252 2484 causam
3316 2427 3510 2484 ﬁlium

1856 2515 2149 2584 agnoscit,
2175 2514 2452 2586 inquiens
2484 2531 2497 2568 :
2519 2514 2862 2572 Salutatvos
2887 2516 2950 2572 in
2970 2516 3281 2587 Babylone
3301 2520 3508 2575 electa.

1855 2607 1911 2660 et
1938 2603 2176 2661 Marcus
2192 2603 2356 2671 ﬁlius
2384 2619 2565 2659 meus.
2593 2604 2872 2672 Tertium,
2901 2607 3238 2662 secundum
3266 2609 3508 2674 Lucam,

1855 2709 1892 2749 a
1923 2691 2108 2748 Paulo
2137 2693 2450 2748 laudatum
2496 2699 2586 2748 est
2627 2694 3034 2763 Evangelium,
3058 2696 3223 2767 quod
3252 2696 3302 2750 is
3329 2697 3513 2766 genti-

1857 2782 1968 2838 bus
2009 2781 2191 2837 scribi
2224 2781 2472 2837 curavit.
2501 2782 2598 2836 His
2625 2783 2956 2848 accessit,id
2983 2783 3147 2856 quod
3177 2785 3512 2841 secundum

1855 2873 2192 2927 Joannnem
2224 2876 2336 2927 est.
2368 2893 2396 2921 »
2426 2873 2488 2925 In
2547 2871 2757 2943 quinto
2807 2887 2987 2942 porro
3027 2871 3089 2928 in
3120 2875 3512 2944 Evangelium

1857 2959 2107 3016 Joannis
2132 2960 2605 3015 Enarrationum
2628 2959 2779 3015 libro
2809 2961 2936 3015 hinc
2960 2961 3136 3016 etiam
3151 2961 3226 3016 de
3241 2962 3512 3034 Epistolis

1859 3048 2203 3122 apostolicis
2234 3047 2447 3104 refert:
2494 3070 2514 3098 ε
2552 3048 2662 3114 Qui
2700 3064 2841 3104 vero
2867 3049 3086 3120 dignus
3100 3050 3405 3122 judicatus
3427 3057 3514 3109 est

1860 3138 2132 3195 minister
2182 3136 2308 3192 ﬁeri
2365 3137 2506 3194 novi
2549 3139 2925 3204 Testamenti,
2976 3155 3097 3194 non
3137 3139 3364 3208 litterae,
3407 3142 3512 3198 sed

1862 3227 2122 3300 spiritus,
2148 3225 2381 3292 Paulus,
2411 3226 2516 3297 qui
2555 3242 2796 3282 cursum
2836 3227 3138 3298 Evangelii
3171 3229 3250 3285 ab
3278 3231 3516 3287 Jerusa-

1860 3317 1979 3372 lem
2005 3321 2062 3372 et
2091 3315 2478 3372 circumcirca
2527 3331 2718 3388 usque
2751 3316 2828 3372 ad
2879 3316 3182 3389 Illyricum
3228 3319 3513 3386 absolvit,

1861 3422 1983 3462 non
2021 3405 2098 3460 ad
2137 3421 2348 3461 omnes
2384 3421 2538 3478 quas
2579 3405 2803 3470 docuit,
2844 3407 3023 3462 etiam
3062 3407 3297 3479 scripsit
3325 3408 3513 3464 eccle-

1863 3497 2002 3552 sias.
2036 3494 2123 3550 Ad
2168 3510 2322 3566 quas
2357 3500 2556 3550 autem
2602 3495 2858 3566 scripsit,
2901 3497 3219 3568 perpaucis
3251 3513 3406 3552 unus
3427 3502 3517 3553 est

1861 3584 2154 3638 versibus.
2213 3585 2283 3637 At
2331 3583 2536 3638 Petrus
2593 3583 2689 3654 (1),
2745 3600 2924 3655 super
2991 3601 3113 3656 quo
3189 3585 3517 3642 aedificatur

1862 3671 2073 3728 Christi
2095 3671 2374 3736 Ecclesia,
2416 3671 2705 3728 adversus
2743 3689 2931 3744 quam
2962 3689 3157 3746 neque
3187 3674 3517 3730 inferorum

1862 3767 2048 3834 portas
2075 3759 2508 3832 praevalebunt,
2543 3776 2726 3815 unam
2759 3761 2906 3817 citra
2929 3764 3400 3819 controversiam
3429 3780 3518 3820 re-

1860 3851 2032 3923 liquit
2064 3849 2406 3922 Epistolam.
2439 3851 2652 3905 Verum
2676 3850 2746 3905 sit
2775 3850 2904 3921 ejus
2933 3852 3110 3906 etiam
3144 3851 3348 3919 altera,
3381 3869 3516 3925 quae

1864 3945 2064 3998 tamen
2091 3940 2150 3994 in
2181 3938 2430 3994 dubium
2461 3944 2726 3994 vocatur.
2761 3939 2911 4004 Quid
2936 3955 3076 3995 vero
3115 3939 3189 3995 de
3223 3957 3291 3996 eo
3322 3941 3522 3997 dicen-

1864 4031 2031 4092 dum,
2075 4028 2176 4099 qui
2219 4043 2401 4098 supra
2450 4032 2656 4098 pectus
2711 4030 2847 4083 Jesu
2902 4029 3193 4096 recubuit,
3233 4031 3461 4086 Joanne
3491 4031 3519 4086 ?

1865 4119 1967 4192 qui
1995 4116 2386 4186 Evangelium
2419 4133 2606 4172 unum
2637 4119 2712 4190 ad
2745 4123 3015 4189 posteros
3054 4120 3402 4185 "transmisit,
3435 4123 3520 4175 tot

1867 4225 1929 4264 se
1953 4207 2128 4263 edere
2167 4222 2342 4278 posse
2369 4205 2690 4278 professus,
2716 4212 2862 4278 quot
2903 4207 3219 4262 universus
3263 4224 3386 4264 non
3425 4223 3521 4264 ca-

1867 4301 2031 4370 peret
2057 4295 2344 4352 mundus.
2379 4295 2622 4367 Scripsit
2652 4311 2895 4367 quoque
2925 4296 3371 4369 Apocalypsim,
3395 4297 3523 4368 jus-

1867 4393 2180 4442 sustacere
2196 4390 2249 4440 et
2276 4400 2396 4439 non
2430 4384 2688 4439 scribere
2715 4390 2942 4456 septem
2966 4386 3290 4440 tonitruum
3321 4401 3518 4442 voces.

1868 4475 2121 4546 Reliquit
2146 4473 2304 4528 idem
2333 4473 2664 4528 admodum
2714 4490 3050 4544 paucorum
3089 4490 3370 4530 versuum
3395 4475 3523 4546 Epi-

1868 4563 2115 4620 stolam:
2139 4562 2245 4618 sed
2277 4563 2350 4617 sit
2381 4562 2508 4633 ejus
2536 4567 2592 4617 et
2612 4563 2896 4628 secunda,
2921 4569 3099 4634 atque
3130 4563 3307 4618 etiam
3335 4564 3520 4629 tertia,

1868 4669 2022 4724 quas
2049 4667 2168 4706 non
2193 4666 2402 4707 omnes
2433 4665 2754 4720 germanas
2778 4667 2908 4706 esse
2927 4656 3157 4721 putant,
3191 4657 3246 4707 et
3270 4655 3525 4723 utraque

1869 4746 2107 4796 centum
2147 4755 2353 4794 versus
2386 4755 2506 4794 non
2534 4739 2781 4794 excedit.
2823 4760 2848 4790 ς(
2883 4739 2973 4794 Ad
3003 4740 3130 4795 haee
3161 4739 3235 4794 de
3263 4739 3526 4812 Epistola

1870 4830 1947 4886 ad
2024 4827 2297 4883 Hebraeos
2346 4828 2406 4882 in
2455 4828 2723 4897 ejusdem
2769 4828 3031 4884 homiliis
3090 4829 3218 4884 huic
3280 4828 3455 4884 refert
3507 4844 3519 4882 :

1874 4941 1901 4969 «
1933 4918 2124 4989 Stylus
2151 4921 2208 4972 et
2227 4917 2482 4972 elocutio
2507 4915 2780 4988 Epistolas
2815 4918 2890 4972 ad
2913 4917 3190 4973 Hebraaos
3222 4918 3524 4988 inscriptae

1872 5024 1993 5064 non
2025 5006 2251 5062 redolet
2281 5005 2612 5076 genuinum
2641 5012 2698 5060 et
2736 5006 3040 5062 rudiorem
3080 5006 3344 5078 Apostoli
3385 5007 3527 5061 duc-

1874 5104 2002 5153 tum
2037 5114 2054 5148 :
2077 5095 2175 5166 qui
2227 5094 2490 5165 seipsum
2526 5095 2738 5150 rudem
2778 5110 2904 5150 esse
2940 5095 3244 5165 professus
3268 5100 3359 5150 est
3399 5111 3525 5150 ser-

1874 5201 2074 5251 mone,
2106 5184 2221 5239 hoc
2273 5187 2377 5247 est,
2425 5182 2774 5240 elocutione.
2808 5188 2877 5238 At
2929 5184 3183 5254 Epistola
3203 5201 3275 5239 ea
3319 5184 3528 5239 verbo-

1874 5290 2010 5329 rum
2037 5273 2468 5344 compositione
2499 5273 2790 5342 majorem
2818 5271 3000 5328 habet
3026 5273 3207 5328 δι’ωοί
3233 5273 3527 5328 sermonis

1874 5367 2272 5418 venustatem.
2308 5361 2369 5416 ld
2419 5377 2584 5426 sane,
2626 5361 2970 5432 quicunque
3016 5361 3089 5416 de
3122 5361 3529 5418 elocutionum

1877 5450 2222 5508 diﬂerentiis
2257 5449 2529 5522 judicare
2568 5456 2782 5522 potest,
2823 5450 3215 5523 proﬁtebitur.
3244 5451 3528 5509 Rursum.
