4036 6288
580 292 722 346 1103

1875 285 2262 344 NICEPHORI
2303 287 2616 345 CALLISTI
3717 295 3808 350 1104

567 416 734 488 quod
759 417 1064 472 sententiae
1085 415 1357 486 ejusdem
1378 412 1654 486 Epistolte
1666 413 2041 470 admirandae
2059 429 2199 487 pror

2335 413 2394 466 ἂν
2446 417 2725 486 συμφήσαι
2777 408 2906 464 εἶναι
2950 411 3136 475 ἄληθες
3182 419 3287 474 πᾶς
3314 415 3340 464 ὁ
3368 418 3611 486 προσέχων
3643 425 3691 489 τῇ
3729 417 3812 470 ἀνα.

567 522 668 560 sus
686 507 823 571 sint,
857 512 911 560 et
939 522 974 561 a
1006 505 1241 576 scriptis
1281 505 1365 559 eis
1411 519 1545 577 quae
1577 518 1648 558 ex
1675 501 1946 575 professo
1986 508 2226 574 aposto-

564 593 679 650 lica
725 595 1042 660 habentur,
1080 593 1328 648 minime
1369 593 1672 656 secundm,
1697 592 1876 664 366
1923 597 1981 648 et
2027 592 2088 647 id
2117 593 2224 665 qui

565 688 782 739 attente
829 684 890 738 in
947 682 1283 754 apostolica
1343 681 1595 737 lectione
1637 689 1729 738 est
1773 687 2062 748 versatus,
2099 697 2221 736 non

562 772 825 842 negabit.
861 795 889 824 »
945 772 1166 828 Deinde
1222 771 1326 828 illa
1373 770 1720 842 subjungit:
1755 771 1932 842 «Ego
1975 770 2222 842 quidem

563 860 852 933 judicium
933 877 1139 917 meum
1197 860 1509 918 declarans
1566 860 1839 926 dixerim,
1901 860 2222 916 sententias

559 964 807 1021 prorsus
845 949 1111 1022 Apostoli
1133 965 1265 1006 esse
1292 965 1304 1004 :
1331 949 1730 1005 elocutionem
1761 952 1963 1005 autem
1989 953 2044 1004 et
2077 963 2218 1004 con-

560 1043 808 1106 textum,
865 1039 1121 1110 alicujus
1170 1039 1276 1111 qui
1330 1037 1660 1110 apostolica
1713 1038 1870 1094 dicta
1914 1037 2220 1093 memoriae

559 1129 752 1198 gratia
776 1129 837 1183 in
886 1129 1170 1199 scriptum
1218 1127 1497 1192 retulerit,
1532 1133 1588 1183 et
1635 1127 1818 1183 verba
1860 1127 2127 1198 magistri
2158 1125 2219 1181 in

557 1217 1058 1273 commentarium
1089 1217 1387 1273 adnotans
1426 1216 1735 1286 redegerit.
1771 1219 1974 1288 Itaque
2002 1214 2049 1270 si
2082 1231 2217 1287 quae

555 1306 804 1362 ecclesia
826 1306 1151 1377 Epistolam
1183 1322 1319 1362 eam
1342 1322 1452 1378 pro
1492 1305 1740 1362 Paulina
1773 1306 1975 1370 habet,
2009 1306 2218 1361 merito

555 1411 628 1451 ea
649 1396 759 1451 isto
791 1396 1034 1450 nomine
1076 1395 1232 1451 bene
1272 1396 1497 1451 audiat.
1528 1397 1654 1451 Non
1684 1395 1902 1450 frustra
1924 1396 2082 1449 enim
2125 1410 2218 1450 ve-

557 1489 705 1540 teres
751 1501 887 1540 eam
915 1485 1093 1539 Paulo
1126 1485 1474 1556 ascripsere.
1510 1485 1620 1549 Qui
1660 1499 1798 1540 vero
1835 1490 2044 1539 auctor
2081 1487 2214 1552 ejus

554 1573 756 1646 scripti
787 1574 881 1640 sit,
911 1574 1078 1629 solus
1103 1573 1161 1628 id
1193 1579 1354 1630 certo
1394 1573 1561 1629 novit
1591 1575 1766 1629 Deus.
1790 1579 1860 1628 At
1897 1573 2055 1628 enim
2077 1588 2214 1643 quas

553 1663 631 1718 ad
684 1679 795 1719 nos
837 1663 1105 1734 pervenit
1149 1663 1443 1719 memoria
1481 1677 1704 1729 rerum,
1754 1661 1972 1734 partim
2026 1678 2063 1716 a
2095 1661 2215 1717 Cle-

2333 507 2523 574 γνώσει
2578 509 2640 574 τῇ
2697 499 3041 574 ἀποστολικῇ.
3075 521 3102 550 >>
3161 499 3376 555 Ἔπειτα
3437 502 3630 578 ἐπιφέρει
3671 504 3812 576 λὲγων·

2337 614 2365 642 (ι
2425 591 2557 662 Ἐγὼ
2610 587 2669 644 δὲ
2739 590 3167 664 ἀποφαινόμενος,
3227 591 3415 664 εἴποιμ’
3463 591 3517 644 ἂν
3568 595 3635 644 ὅτι
3678 598 3727 646 τὰ

2332 685 2569 753 νοήματα
2619 688 2710 733 τοῦ
2755 681 3076 736 Ἀποστόλου
3134 683 3272 733 ἓστίν
3306 698 3319 712 ·
3352 684 3381 740 ἠ
3422 678 3478 735 δε
3523 685 3676 757 φράσις
3707 687 3817 742 καὶὴ

2335 773 2577 831 σύνθεσις
2655 769 3201 843 ἁπομνημονεύσαντός
3259 790 3394 831 τινος
3457 773 3515 823 τὰ
3562 771 3822 838 ἁποστολικὰ,

2329 864 2419 911 καὶ
2492 862 2715 932 ὡσπερεὶ
2773 859 3332 932 σχολιογραφὴσαντος
3388 861 3450 911 τὰ
3519 859 3717 932 εἰρημένα

2329 956 2421 1001 τοῦ
2453 945 2488 1001 δ
2492 944 2551 1001 ιδ
2553 949 2806 1006 ασκοὶλου.
2853 951 2914 1002 Εἰ
2941 967 3023 1011 τις
3061 945 3148 1001 οὖν
3186 947 3433 1007 ἐκκλησία
3459 950 3561 1021 ἔχει
3584 952 3742 1007 ταύτην
3763 955 3826 1008 τὴν

2330 1037 2640 1096 Ἐπιστολὴν
2694 1040 2762 1099 ὡς
2828 1037 3058 1105 Παύλου,
3101 1038 3234 1096 αὕτη
3290 1035 3608 1110 εὐδοκιμείτω
3656 1043 3728 1090 καὶ
3770 1037 3828 1091 ἐπὶ

2329 1129 2515 1198 τούτῳ.
2567 1127 2642 1179 Οὐ
2681 1129 2782 1199 γὰρ
2837 1126 2946 1200 εἰκῇ
3008 1129 3056 1180 οἱ
3100 1126 3322 1202 ἀρχαῖοι
3371 1125 3540 1200 ἄνδρες
3580 1130 3639 1184 ὡς
3677 1127 3829 1179 Παύλου

2329 1217 2490 1275 αὐτὴν
2516 1213 2954 1290 παραδεδώκασι.
2994 1221 3088 1278 Τίς
3123 1215 3182 1269 δὲ
3223 1218 3248 1269 ὁ
3294 1216 3496 1291 γράψας
3536 1221 3618 1274 τήν
3649 1215 3830 1268 Ἐπιστο-

2326 1305 2439 1370 λὴν,
2489 1308 2548 1358 τὸ
2599 1308 2690 1378 μὲν
2736 1304 2923 1367 ἀληθὲς
2953 1309 3080 1366 Θεὸς
3107 1302 3248 1358 οἶδεν
3281 1323 3294 1335 ⁸
3335 1308 3366 1364 ἠ
3417 1303 3473 1358 δε
3515 1305 3581 1366 εἰς
3604 1306 3832 1376 iniuid-

2330 1414 2473 1447 σασα
2527 1396 2735 1467 ἱστορία
2773 1396 2872 1447 ὑπὸ
2921 1414 3071 1447 τινων
3124 1397 3214 1467 μεν
3241 1393 3482 1466 λεγόντων
3510 1395 3583 1446 ὅτι
3615 1393 3828 1463 Κλήμηςο

2324 1488 2591 1556 γενόμενος
2638 1487 2923 1546 ἐπίσκοπος
2974 1483 3235 1556 Ῥωμᾶίων
3281 1483 3469 1556 ἔγραψε
3511 1487 3596 1542 τὴν
3652 1482 3831 1536 Ἐπιστο-

2324 1573 2436 1639 λὴν,
2478 1575 2577 1626 ὑπό
2607 1593 2757 1626 τινων
2806 1571 2884 1640 δε,
2936 1574 3016 1628 ὅτι
3046 1579 3256 1634 Λουκᾶς
3285 1575 3311 1625 ὁ
3343 1573 3543 1648 γράψας
3588 1575 3638 1624 τὸ
3663 1571 3828 1641 Εὐαγγέ-

2323 1663 2427 1715 λιον
2457 1669 2546 1716 καὶ
2574 1665 2667 1725 τὰς
2703 1662 2943 1735 Πράξεις.
2978 1685 3006 1713 ››
3062 1669 3240 1716 Ταῦτα
3279 1666 3370 1736 μὲν
3422 1661 3492 1715 ἐπ’
3523 1657 3832 1733 Ἀλεξανδρείας

551 1757 750 1808 mente
773 1755 1046 1809 Romano
1068 1753 1372 1824 episcopo,
1406 1753 1623 1824 partim
1651 1769 1687 1808 a
1716 1751 1876 1807 Luca
1905 1750 2012 1824 qui
2033 1751 2203 1808 Evan-

2323 1751 2610 1824 ἐξήγησατο
2634 1770 2645 1782 ·
2695 1752 2731 1804 ἃ
2781 1750 2832 1805 δ’
2862 1755 2910 1804 ἂν
2954 1751 3277 1826 Παλαιστίνῃ
3314 1749 3583 1827 διατρίϐων
3623 1748 3832 1803 nima-

551 1841 772 1911 gelium
801 1847 858 1898 et
904 1842 1316 1914 apostolorum
1355 1844 1501 1898 Acta
1536 1842 1790 1913 scripsit,
1827 1841 2050 1898 editam
2082 1857 2210 1897 esse

2321 1848 2446 1913 χοῦ,
2475 1845 2661 1918 μικρὸν
2691 1842 2907 1918 ὕστερον
2945 1845 3176 1916 ἐροῦμεν.

550 1931 753 1988 tradit.
791 1951 815 1982 ν
856 1933 1046 2003 Atque
1104 1932 1234 1987 haec
1293 1931 1540 2003 quidem
1597 1931 1878 2002 Origenes
1926 1930 2300 1988 Alexandriae
2352 1932 2710 2004 composuit.
2761 1933 2904 1997 Quae
2953 1947 3092 1988 vero
3145 1931 3208 1988 in
3263 1930 3586 1995 Palaestina,
3641 1933 3689 1985 at
3731 1926 3832 1984 alibi

549 2025 841 2086 versatus,
883 2020 1211 2077 lucubrans
1238 2020 1512 2086 ediderit,
1549 2020 1729 2092 paulo
1760 2025 1898 2092 post
1928 2019 2392 2076 recensebimus.

1173 2143 1394 2200 CAPUT
1436 2144 1595 2200 XVII.

658 2236 740 2291 De
772 2233 1086 2291 Mammaea
1106 2233 1485 2304 imperatoris
1511 2235 1564 2292 A
1578 2233 1862 2290 lexandri
1882 2240 2092 2291 matre.

615 2413 752 2468 Post
771 2413 1139 2469 Antoninum
1178 2412 1273 2485 (1),
1305 2413 1410 2485 qui
1429 2427 1622 2468 annos
1645 2416 1872 2484 septem
1891 2416 1947 2467 et
1966 2427 2203 2468 menses

544 2518 647 2558 sex
669 2505 954 2558 Romanae
977 2502 1057 2558 rei
1103 2501 1357 2573 praefuit,
1401 2501 1693 2558 Macrinus
1729 2504 1805 2573 (2)
1837 2517 1972 2557 eam
2011 2500 2202 2557 admi-

539 2591 844 2647 nistravit:
885 2591 988 2662 qui
1043 2591 1310 2647 nondum
1359 2592 1589 2660 integro
1635 2594 1846 2647 exacto
1893 2606 2056 2646 anno
2099 2606 2200 2646 ex-

541 2681 812 2749 stinctus,
841 2680 1005 2736 alteri
1029 2681 1329 2737 Antonino
1352 2681 1585 2752 imperii
1603 2697 1909 2736 summam
1939 2685 2200 2754 quatuor

539 2774 772 2826 tantum
795 2773 987 2825 annos
1006 2770 1382 2825 retinendam
1405 2769 1663 2841 reliquit.
1691 2769 1874 2840 Cujus
1892 2785 2202 2825 successor

539 2859 864 2930 imperator
890 2859 1219 2914 Alexander
1263 2858 1389 2914 fuit.
1437 2859 1621 2929 Hujus
1663 2858 1982 2914 Alexandri
2010 2863 2202 2914 mater

537 2950 850 3003 Mammaea
879 2947 1146 3012 nomine,
1181 2946 1520 3003 celebritate
1557 2946 1732 3003 famae
1770 2947 2039 3018 Origenis
2064 2963 2200 3018 per-

538 3041 723 3102 mota,
753 3036 1064 3107 explorare
1091 3041 1271 3109 atque
1300 3051 1662 3105 cognoscere
1690 3036 1749 3091 in
1774 3036 1989 3090 divinis
2018 3035 2197 3091 rebus

537 3125 617 3181 ab
675 3124 960 3180 omnibus
1005 3125 1315 3180 laudatam
1368 3125 1679 3180 scientiam
1710 3131 1766 3180 et
1816 3125 2197 3196 prudentiam

537 3214 668 3284 ejus
710 3214 829 3285 (pie
869 3214 1026 3269 enim
1053 3213 1261 3270 divina
1287 3213 1540 3280 colebat,
1564 3212 1976 3285 moribusque,
1998 3211 2044 3267 si
2060 3229 2198 3285 quae

537 3303 674 3373 alia,
703 3308 758 3359 et
789 3303 922 3374 ipsa
970 3303 1232 3358 maxime
1287 3302 1468 3358 castis
1495 3307 1553 3358 et
1600 3302 1885 3358 modestis
1927 3303 2072 3374 erat)
2099 3319 2198 3357 cu-

536 3393 874 3463 piens,cum
893 3392 1219 3448 Antiochiae
1247 3396 1422 3462 esset,
1447 3391 1644 3447 virum
1666 3407 1736 3447 eo
1759 3391 1836 3448 ad
1861 3408 1922 3446 se
1942 3392 2196 3447 honesto

2927 2151 3170 2201 ΚΕΦΔΛ.
3204 2145 3302 2199 ῙΖ¹.

2313 2238 2467 2309 Περὶ
2505 2238 2817 2307 Μαμαίας
2846 2242 3092 2297 τῆςτοῠ
3128 2233 3454 2307 βασιλέως
3486 2227 3828 2306 Ἀλεξάνδρου

2983 2311 3248 2380 μητρός.

2384 2415 2483 2466 Τὸν
2539 2409 2592 2466 δ’
2649 2412 2968 2482 Ἀντωνῖνον,
3021 2413 3100 2466 ἐπ’
3132 2416 3219 2472 ἔτη
3275 2414 3326 2474 ζ’
3385 2417 3473 2465 καὶ
3528 2418 3669 2484 μῆνας
3698 2409 3740 2473 EE
3766 2412 3828 2465 τήν

2309 2500 2571 2574 Ῥωμαίων
2619 2505 2986 2575 ἡνιοχήσαντα
3045 2501 3345 2575 βασιλείαν,
3428 2509 3666 2576 Μακρῖνος
3715 2497 3828 2554 αὐτὴν

2313 2587 2627 2663 διαδέχεται
2661 2613 2674 2626 ³
2727 2592 2784 2653 ὃς
2820 2589 2936 2644 οὐδ’
2991 2591 3068 2645 ἐπ’
3123 2595 3360 2645 ἐνιαυτὸν
3402 2587 3696 2663 διαγεγονὼς,
3727 2583 3828 2645 αὖθις

2310 2680 2464 2755 ἑτέρῳ
2511 2681 2798 2753 Ἀντωνίνῳ
2857 2681 3155 2735 καταλείπει
3191 2685 3250 2734 τὸ
3284 2683 3478 2756 κράτος
3507 2698 3521 2710 ⁶
3559 2680 3613 2732 οὗ
3637 2673 3827 2745 διάδοχος

2307 2769 2569 2841 Ῥωμαίων
2653 2769 2987 2844 αὐτοκράτωρ
3081 2767 3433 2842 Ἀλέξανδρος
3528 2763 3821 2829 ἀναδείκνυται,

2309 2858 2612 2911 Ἀντωνίνου
2669 2862 2905 2934 τέσσαρα
2960 2862 3047 2917 ἔτη
3107 2864 3240 2931 μόνα
3293 2863 3396 2918 τὴν
3475 2860 3711 2930 ἡγεμονίαν
3739 2869 3818 2902 κατ·

2307 2949 2620 3019 ἐσχηκότος.
2674 2951 2870 3002 Τούτου
2912 2944 2980 3006 δὴ
3030 2955 3120 3001 τοῦ
3175 2945 3525 3022 Ἀλεξάνδρου
3554 2949 3702 3020 μᾶτερ,
3736 2946 3805 2992 ll:-

2305 3041 2442 3108 μαὶα
2475 3040 2655 3108 ὄνομα,
2697 3039 2834 3090 κατά
2880 3043 3056 3110 φήμην
3107 3039 3412 3111 Ὠριγένονς
3448 3041 3542 3095 τὴν
3582 3023 3798 3104 ψνχὲνδιι·

2309 3127 2672 3200 θερμανθεῖσα,
2741 3133 2923 3201 πεῖραν
2976 3131 3088 3199 ᾔτει
3169 3125 3346 3180 λαϐεῖν
3405 3134 3499 3187 τῆς
3569 3122 3646 3178 διὰ
3674 3117 3803 3170 πάντων

2306 3213 2654 3286 ἐπιϐοωμένης
2711 3218 2898 3269 τούτου
2972 3220 3092 3289 περὶ
3159 3218 3226 3269 τὰ
3305 3219 3425 3270 θεῖα
3483 3219 3708 3272 συνέσεως·
3744 3205 3811 3257 Ἦν

2305 3306 2407 3377 ’γὰρ
2466 3306 2496 3362 ἡ
2529 3309 2661 3374 γυνὴ
2701 3303 2948 3368 θεοσεϐὴς
3005 3305 3194 3378 μᾶλλον
3251 3310 3346 3358 καὶ
3385 3310 3475 3358 τόν
3528 3308 3689 3378 τρόπον
3726 3297 3818 3365 εἴπερ

2307 3412 2386 3454 τις
2421 3393 2655 3465 μάλιστα
2683 3393 2921 3457 εὐλαϐής.
2956 3394 3070 3447 Ἐπ’
3110 3395 3453 3466 Ἀντιοχείας
3494 3395 3726 3465 τοιγαροῦν
3747 3380 3828 3437 διι-

535 3482 806 3538 militaris
861 3497 1079 3537 manus
1126 3481 1397 3537 satellitio
1430 3485 1488 3536 et
1530 3481 1817 3536 comitatu
1855 3481 2186 3538 accersivit.

2307 3481 2583 3556 τρίϐουσα,
2636 3480 2927 3557 δορυφορίᾳ.
2979 3483 3140 3556 πολλῇ
3214 3487 3302 3536 τὸν
3375 3481 3547 3558 ἄνδρα
3599 3480 3685 3533 ἐκεῖ
3721 3491 3829 3547 μετα-

534 3572 619 3626 Ibi
651 3571 744 3626 ille
766 3570 907 3626 satis
927 3569 1033 3625 diu
1049 3571 1294 3627 mansit.
1325 3569 1596 3640 Cumque
1619 3584 1752 3625 eam
1775 3569 2050 3626 doctrina
2064 3587 2192 3634 sua,

532 3661 615 3716 ita
655 3666 717 3715 ut
757 3675 869 3731 par
906 3667 1049 3726 erat,
1090 3659 1169 3714 ad
1193 3658 1380 3714 divini
1427 3658 1590 3714 verbi
1625 3658 2091 3732 Christianaeque
2112 3659 2197 3714 di-

534 3749 798 3820 sciplinae
828 3764 1096 3804 amorem
1128 3749 1466 3814 excitasset,
1483 3748 1800 3819 eidemque
1821 3749 1919 3804 Dei
1936 3750 1992 3804 in
2015 3747 2195 3804 rebus

534 3838 818 3893 omnibus
848 3837 960 3892 sibi
1000 3853 1351 3893 concessam
1391 3837 1646 3907 gratiam
1692 3837 2084 3901 exhibuisset,
2119 3837 2198 3893 ad

534 3930 893 3982 consuetum
931 3926 1042 3982 sibi
1076 3926 1218 3981 inde
1249 3925 1469 3981 scholas
1523 3941 1649 3980 suae
1693 3924 1964 3982 laborem
1987 3930 2074 3982 est
2111 3941 2200 3982 re-

533 4031 766 4073 versus.

1045 4104 1218 4176 337
1264 4103 1491 4159 CAPUT
1531 4101 1717 4158 XVIII.

548 4213 621 4270 Ut
650 4213 714 4267 in
739 4211 1063 4268 Palaestina
1077 4211 1356 4281 Origenes
1381 4210 1460 4266 ad
1466 4209 1805 4281 presbyteri
1833 4209 2112 4267 honorem
2125 4211 2200 4266 sit

610 4292 862 4348 evectus,
886 4290 941 4339 et
963 4283 1067 4353 qui
1085 4280 1440 4338 successores
1467 4284 1597 4351 ejus
1617 4283 1680 4336 in
1700 4280 1912 4338 schala
1933 4283 2198 4339 Alexan-

605 4355 786 4411 drina
807 4354 1058 4425 fuerint.

606 4464 792 4532 Hujus
815 4461 1188 4534 imperatoris
1215 4459 1604 4532 temporibus,
1632 4458 2044 4515 ecclesiasticis
2067 4461 2194 4533 qui-

530 4551 796 4609 busdam
813 4550 1123 4606 laboribus
1153 4548 1657 4618 ﬂagitantibus,in
1689 4548 1977 4604 Graeciam
2009 4555 2196 4605 trans-

533 4643 826 4697 missurus
879 4640 1162 4710 Origenes
1213 4639 1295 4709 (3)
1356 4638 1735 4694 Paleestinam
1786 4637 1968 4694 adiit:
2012 4639 2194 4694 eccle-

530 4731 893 4802 siasticoque
906 4729 988 4784 ibi
1002 4726 1354 4799 presbyterii
1368 4726 1619 4792 honore,
1635 4743 1741 4798 per
1757 4727 2194 4798 impositionem

2310 3571 2593 3629 στέλλεται.
2624 3573 2708 3626 Ἐν
2804 3578 2894 3626 καὶ
2927 3569 3214 3647 διατρίψας
3255 3579 3456 3647 χρόνον
3501 3573 3691 3644 συχνὸν,
3716 3561 3831 3619 πολλά

2307 3680 2362 3713 τε
2399 3662 2500 3713 ὅσα
2553 3657 2614 3719 ἦν
2666 3661 2805 3724 εἰκὸς
2843 3660 3038 3721 ἐκείνην
3092 3663 3177 3714 ἐπὶ
3207 3666 3296 3714 τὸν
3346 3665 3480 3715 θεῖον
3525 3661 3657 3730 λοιγον
3680 3658 3750 3707 καὶ
3770 3657 3832 3707 τῆς

2308 3752 2359 3802 ἐν
2410 3749 2563 3825 ἀρετῇ
2615 3747 2967 3812 διδασκαλίας
3015 3757 3388 3826 παρορμήσας,
3435 3753 3524 3804 καὶ
3562 3753 3647 3807 τάν
3677 3748 3832 3797 ἐνοῦσαν

2308 3838 2382 3912 ἐφ’
2433 3840 2603 3893 ἅπασι
2667 3841 2829 3914 χάριν
2888 3837 3298 3915 ἓπιδειξάμενος,
3361 3841 3450 3895 ἐπὶ
3504 3843 3593 3898 τὴν
3651 3835 3696 3897 ἐξ
3733 3833 3833 3887 ἔθους

2307 3929 2460 3982 πάλιν
2492 3928 2700 4003 ἐπανῄει
2730 3926 3032 4005 διατριϐήν.

2906 4113 3147 4162 ΚΕΦΔΛ.
3189 4107 3302 4162 Ill'.

2305 4212 2401 4275 Ὡς
2438 4211 2937 4298 ἓνΙΠαλαιστλίνῃ
2970 4214 3072 4291 Ὠρ
3090 4219 3323 4298 ιγίνηςι
3347 4220 3466 4298 τῆς
3504 4202 3833 4298 τοξπρρσϐνς

2377 4291 2597 4358 τιρίου
2631 4277 3165 4359 -ἦξιῴθηξτιρίῆᾷ
3209 4290 3331 4359 καὶ
3370 4290 3544 4349 τίνες
3580 4277 3831 4349 διάδοχοι

2377 4354 2490 4418 τῆς
2527 4360 2590 4410 ἓν
2630 4354 3090 4431 Ἀλεξανδρείᾳ
3128 4357 3338 4429 σχολῆ
3359 4379 3404 4421 ς.

2380 4466 2526 4517 Κατὰ
2581 4459 2616 4516 δ
2619 4467 2648 4523 ὴ
2721 4466 2807 4518 τὸν
2865 4468 3056 4538 χρόνον
3112 4466 3301 4517 τούτου
3359 4471 3457 4517 τοῦ
3506 4461 3824 4534 αὐτοκράτορος,

2303 4553 2750 4612 ἑκκλησιαστικῶν
2832 4551 2900 4613 δή
2973 4575 3123 4607 τινων
3189 4559 3601 4626 κατεπειγόντων
3650 4542 3823 4621 πραγμ-

2302 4661 2401 4694 των
2459 4645 2544 4696 ἐπὶ
2589 4647 2683 4701 τὴν
2725 4640 2948 4696 Ἑλλάδα
3005 4643 3354 4716 στελλόμενος,
3417 4641 3514 4696 διὰ
3561 4636 3820 4694 Παλαιστίνης

2305 4731 2409 4802 ἰὼν,
2462 4736 2551 4784 καὶ
2603 4739 2694 4784 τοῦ
2747 4730 3192 4792 ἐκκλησιαστικοῦ
3237 4731 3589 4796 καταξιοῦται
3630 4720 3823 4804 πρεσϐείου

529 4836 821 4877 manuum
835 4821 961 4891 ejus
982 4817 1551 4888 lociepiscoporum,
1569 4814 1912 4872 Alexandro
1925 4821 2189 4884 auctore,

2305 4819 2594 4892 Ὠριγένης,
2648 4827 2750 4872 τῶν
2797 4817 2921 4893 τῇδ’
2977 4820 3273 4875 ἐπισκόπων
3331 4819 3384 4873 ἐν
3443 4821 3722 4893 Καισαρείᾳ,
3751 4813 3831 4908 ,τῆς

529 4909 811 4966 Caesareae
837 4907 1088 4979 Philippi
1111 4911 1376 4962 ornatur.
1413 4905 1634 4959 Verum
1666 4921 1803 4977 quae
1827 4904 2104 4961 simultas
2119 4921 2192 4962 ea

527 5000 602 5056 de
646 5015 830 5055 causa
875 4998 1026 5053 inter
1049 4995 1433 5052 ecclesiarum
1469 4993 1759 5049 antistites
1799 4993 2105 5061 sitexorta,
2135 5000 2193 5052 et

524 5094 825 5162 quantum
875 5101 1071 5156 operae
1120 5090 1303 5157 atque
1334 5083 1560 5139 laboris
1589 5084 1716 5154 ipse
1747 5083 1950 5138 vivida
1993 5084 2192 5140 adhuc

527 5183 698 5234 aetate
730 5178 790 5233 in
818 5191 1019 5232 sacras
1050 5175 1292 5230 Litteras
1322 5171 1721 5228 collocaveriti
1761 5172 1926 5244 quod
1947 5171 2190 5229 alterius

529 5269 644 5323 sint
671 5267 934 5323 historias
965 5271 1144 5336 atque
1189 5261 1647 5328 lucubrationis,
1676 5277 1744 5317 ex
1795 5260 1930 5316 aliis
1955 5277 2027 5318 ea
2054 5263 2193 5318 scri-

603 5410 682 5480 (i)
723 5409 1057 5480 Antoninus
1106 5404 1408 5480 Caracalla
1444 5419 1483 5480 _a_.
1521 5404 1682 5480 vesie
1727 5403 1900 5480 talari
1948 5405 2188 5480 Gallica,

532 5475 717 5548 quam
770 5479 936 5534 militi
968 5484 1022 5534 et
1074 5477 1300 5548 populo
1341 5475 1541 5548 dedit,
1569 5476 1652 5530 sic
1705 5475 1916 5548 dictus,
1946 5475 2188 5532 fratrem

535 5545 737 5606 Getam
767 5553 1059 5606 Caesarem
1081 5545 1331 5602 'in'sinu
1371 5547 1579 5603 matris
1617 5545 1856 5603 occidit.
1891 5552 1948 5604 et
1979 5564 2189 5606 nover-

533 5634 670 5677 cam
693 5620 909 5679 Juliam
934 5634 1182 5678 uxorem
1202 5617 1392 5676 duxit.

2303 4908 2558 4962 Φιλίππου
2599 4911 2905 4982 ἐπιθεμένων
2961 4913 3058 4973 τὰς
3112 4918 3299 4986 χεῖρας
3354 4914 3526 4982 αὐτῷ,
3565 4895 3833 4968 Ἀλεξάνδρον

2301 4997 2671 5072 κατάρξαντος.
2742 4997 2878 5052 Ἀλλ’
2933 5000 3035 5053 ὅσα
3093 5004 3184 5073 μεν
3242 4999 3325 5053 ἐπὶ
3386 5003 3554 5071 τούτῳ
3599 4993 3681 5049 διὰ
3718 4994 3837 5041 rm

2300 5091 2594 5159 γεγένηται,
2649 5092 2738 5140 καὶ
2800 5089 2934 5150 ὅπως
2997 5091 3046 5142 οἱ
3115 5098 3216 5142 τῶν
3287 5088 3580 5149 ἐκκλησιῶν
3658 5081 3837 5154 ἡγεμόνες

2301 5180 2632 5236 κατέστησαν
2686 5177 2754 5238 είς
2803 5175 3076 5252 διαφορὰν,
3136 5180 3237 5231 ὅσα
3282 5196 3333 5231 τε
3393 5177 3530 5231 ἄλλα
3558 5180 3628 5230 ἔτι
3673 5171 3835 5240 ἀκμαῖος

2302 5266 2370 5317 ὢν
2422 5268 2506 5319 ἰπὶ
2564 5271 2659 5326 τήν
2696 5275 2798 5320 τῶν
2845 5269 2991 5321 θείων
3047 5267 3211 5341 λόγων
3269 5264 3518 5328 σπουδὴν
3568 5261 3831 5319 κατετείνετθν

2372 5408 2449 5478 (2)
2483 5407 2710 5477 Opilius
2735 5409 3050 5474 Macrinus,
3093 5409 3434 5465 Antoninus
3461 5398 3826 5478 Heliogab810§r

2301 5478 2492 5552 Aurel.
2525 5480 2861 5537 Alexander
2901 5483 3171 5544 Severus,
3203 5482 3596 5552 imperatores
3621 5478 3825 5552 Bgmgm;

2369 5550 2450 5623 (3)
2464 5535 3003 5611 Convincendorum
3020 5535 3823 5624 hiereticorumgratiatliuﬁnl
