4036 6288
258 300 396 356 1105
1284 294 1851 353 ECCLESIASTICIE

1998 293 2245 351 iTORIAE
2285 293 2421 350 LIB.
2463 294 2533 349 V.
3455 295 3592 350 1106

249 424 412 486 ἄλλης
437 425 800 500 πραγματείας
832 424 952 474 ὄντα
999 440 1052 474 τε
1102 423 1193 474 καὶ
1248 421 1557 487 συντάξεως,
1598 421 1648 474 ἐν
1705 420 1843 474 ἄλλοι

2007 420 2227 477 toribus
2242 434 2603 490 cognoscere
2616 419 2954 476 volentibus
2972 423 3170 492 petere
3182 419 3601 492 permittimus,

250 515 428 577 ζητεῖν
479 513 838 588 ἐπιτρέπομεν.
887 508 1031 568 Ἤδη
1073 507 1123 562 δ’
1175 509 1410 584 ἀπαίρων
1459 507 1844 585 Ἀλεξανδρείας

2018 523 2108 566 1m
2146 516 2349 567 autem
2380 509 2743 566 Alexandria
2775 509 3110 575 discedens,
3152 510 3213 565 in
3245 509 3612 566 Palaestinam

247 603 335 656 ἓπὶ
373 607 467 662 τὴν
495 602 868 666 Παλαιστίνην,
917 596 1218 653 δωδέκατον
1259 596 1309 651 δ’
1357 602 1463 661 ἔτος
1493 597 1553 659 ἦν
1601 597 1841 657 τηνικάδε

2045 600 2341 657 conferret
2365 599 2666 670 Origenes,
2701 599 3066 655 duodecimo
3097 599 3338 671 imperii
3363 599 3614 656 Alexan-

243 700 344 754 τῆς
399 691 574 767 ἀρχῆς
611 687 935 764 Ἀλεξάνδρῳ
983 697 1056 760 τῷ
1108 686 1335 762 βασιλεῖ,
1389 691 1658 763 Ὠριγένης
1695 688 1837 762 Ἥρας

2019 690 2048 744 -i
2068 704 2229 746 anno
2250 689 2350 760 (l),
2374 689 2684 744 Heraclam
2705 688 2922 744 scholae
2943 703 3086 753 suae,
3113 688 3173 743 in
3197 704 3321 760 qua
3338 689 3613 745 divinum

241 782 374 836 κλᾶν
402 779 668 854 διάδοχον
714 787 806 840 τῆς
859 779 953 832 τοῦ
1002 781 1140 832 θείου
1177 778 1331 850 λόγου
1378 774 1657 852 διατριϐῆς
1694 798 1835 831 κατα-

2017 784 2243 834 )οιιοτιιι
2269 778 2544 844 verbum,
2586 793 2994 834 successorem
3036 777 3292 849 reliquit.
3334 778 3443 844 Qui
3489 793 3611 834 non

239 870 428 931 λείπει,
478 871 590 924 Οὐκ
642 869 710 931 εἰς
767 871 972 944 μακρὰν
1052 871 1227 940 μέντοι
1302 872 1398 926 τὴν
1456 865 1737 940 διατριϐὴν

2026 884 2061 922 ιι
2091 883 2276 924 sacrae
2301 868 2381 922 ibi
2408 866 2697 922 doctrinae
2723 866 2978 937 praefuit.
3012 866 3181 921 Brevi
3213 866 3374 921 enim
3409 869 3612 922 Deme-

240 957 577 1033 διδασκαλίᾳ
630 963 916 1016 πεποίητο·
973 955 1156 1032 βραχὺ
1211 959 1312 1029 γάρ
1358 977 1441 1009 τοι
1496 957 1609 1030 μετ’
1677 955 1834 1028 ὀλίγοι

2018 958 2102 1013 ius
2145 958 2465 1029 episcopus
2525 956 2983 1022 Alexandrinus,
3025 972 3162 1012 cum
3207 955 3612 1028 quadraginta

236 1053 546 1123 Δημητρίου
595 1055 687 1101 τοῦ
751 1047 1042 1101 ἐπισκόπου
1105 1055 1197 1108 τῆς
1269 1043 1662 1120 ’Δλεξανδρέων,
1719 1048 1830 1118 μετέ

2017 1047 2144 1102 ibus
2182 1045 2356 1102 annis
2394 1060 2616 1101 munus
2668 1044 3142 1100 ecclesiasticum
3185 1045 3291 1100 rite
3357 1044 3611 1101 admini-

233 1143 370 1213 τρία
412 1142 504 1197 καὶ
542 1139 941 1210 τεσσαράκοντα
994 1138 1080 1194 ἔτη
1131 1143 1193 1208 τῇ
1252 1135 1551 1210 λειτουργίᾳ
1581 1132 1826 1210 ἐνδιαπρέ

2017 1141 2220 1202 rasset,
2257 1135 2511 1191 decessit
2561 1151 2572 1190 :
2606 1135 2779 1205 cujus
2813 1135 3016 1190 locum
3054 1136 3116 1190 in
3146 1134 3501 1206 episcopatu
3541 1151 3611 1191 eo

231 1227 457 1300 ψαντος,
507 1225 788 1279 κατ’ἐκιῖνο
842 1222 902 1278 δε
953 1231 1139 1299 καιροῦ
1199 1227 1258 1276 τὸ
1308 1221 1456 1298 βιοῦν
1505 1223 1823 1296 μεταλλάξαν

2017 1225 2234 1282 eraclas
2279 1224 2520 1295 recepit.
2581 1224 2901 1295 Dionysius
2959 1227 3182 1288 autem,
3243 1224 3345 1295 qui
3404 1227 3611 1296 postea

231 1335 354 1382 τος,
389 1317 415 1370 ό
445 1317 534 1388 μὶν
588 1313 848 1389 Ἡρακλᾶς
894 1317 981 1367 τὸν
1022 1315 1198 1386 θρόνον
1255 1311 1425 1365 ἄνεισι
1486 1321 1582 1373 τῆς
1633 1311 1818 1365 ἐπισκο

2016 1314 2213 1371 araclte
2264 1315 2326 1369 in
2379 1313 2703 1385 episcopali
2761 1312 3046 1382 dignitate
3115 1313 3422 1376 successit,
3482 1319 3610 1369 tum

233 1411 394 1468 πῆς·
457 1407 723 1466 Διονύσιος
778 1400 837 1457 δὲ
886 1404 912 1455 ό
967 1405 1100 1476 μετὰ
1154 1409 1336 1454 τοῦτον
1394 1407 1488 1460 τὴν
1521 1403 1827 1476 λειτουργίατ

2016 1419 2198 1476 mque
2225 1418 2334 1475 pro
2363 1418 2434 1458 eo
2465 1401 2686 1458 scholae
2717 1417 2902 1458 sacrae
2933 1401 3294 1458 Catechistes
3323 1406 3413 1457 est
3442 1418 3610 1458 crea-

233 1495 620 1568 ἂγχειρισθεὶς,
672 1497 799 1556 τέως
854 1491 964 1545 ἀντὶ
1016 1491 1248 1566 Ἦρακλᾶ
1304 1499 1400 1553 τῆς
1454 1499 1552 1544 τῶν
1607 1496 1827 1564 κατηχήη

2015 1511 2070 1548 ,s.
2110 1494 2318 1566 quinto
2357 1493 2436 1548 ab
2473 1492 2605 1564 ipso
2633 1491 2939 1554 Pantaano.
2970 1492 3373 1548 successionis
3397 1491 3609 1548 ordine

237 1603 377 1638 σεων
413 1580 688 1657 διατριϐῆς
729 1578 993 1654 διάδοχος
1041 1579 1125 1646 ἦν,
1176 1586 1415 1654 πέμπτην
1465 1581 1566 1634 ἀπὸ
1623 1585 1831 1634 Πανταί-

2017 1598 2107 1648 co,
2157 1585 2468 1638 Pantaenus
2511 1581 2671 1636 enim
2715 1582 2948 1652 primus
2995 1581 3186 1637 fuerat
3232 1598 3244 1637 :
3293 1587 3428 1652 post
3469 1597 3609 1638 eum

230 1692 333 1725 νου
386 1674 627 1743 κατάγων
675 1668 968 1743 διαδοχήν,
1019 1673 1300 1731 Πάνταινος
1347 1674 1436 1742 μὶν
1466 1673 1568 1744 γὰρ
1602 1678 1804 1742 πρῶτος

2018 1687 2225 1728 emens
2257 1671 2592 1743 presbyter,
2624 1675 2932 1726 contextor
2954 1669 3072 1735 ille,
3106 1671 3408 1726 secundus
3446 1687 3458 1726 :
3489 1669 3609 1725 Ori-

231 1766 334 1814 καὶ
387 1762 496 1834 μετ’
542 1760 729 1814 ἐκεῖνον
779 1761 992 1833 Κλήμης
1045 1757 1106 1817 ἧν
1145 1758 1492 1833 πρεσϐύτερος
1540 1761 1566 1811 ὁ
1604 1767 1823 1833 Στρωμα

2015 1777 2156 1828 anes,
2199 1761 2400 1816 tertius
2444 1781 2458 1817 :
2499 1758 2796 1829 Heraclas,
2837 1765 3091 1832 quartus
3137 1775 3148 1815 :
3183 1760 3448 1833 quintus,
3481 1759 3609 1815 Dio-

231 1853 355 1911 τεύς
388 1867 401 1881 ο
447 1854 618 1926 τρίτος
682 1846 745 1908 ἧν
802 1851 1076 1923 Ὠριγένης
1103 1866 1122 1883 ⁸
1203 1848 1465 1921 Ἡρακλᾶς
1553 1853 1798 1923 τέταρτος

2013 1850 2166 1917 ysius
2195 1866 2208 1904 :
2242 1855 2298 1905 et
2323 1853 2455 1920 post
2485 1864 2625 1905 eum
2656 1854 2858 1904 sextus
2883 1848 3305 1905 Athenodorus
3335 1865 3348 1902 :
3385 1848 3458 1903 de
3484 1864 3607 1920 quo

233 1945 333 1992 καὶ
364 1943 599 2012 πέμπτος
636 1939 663 1990 ό
715 1941 982 1999 Διονύσιος
1011 1956 1024 1968 ·
1085 1940 1217 2010 μετὰ
1247 1934 1297 1990 δ’
1330 1937 1521 1991 ἐκεῖνον
1573 1939 1719 2000 ἕκτος
1784 1935 1827 1996 ἧι

1022 1959 1024 1966 ν
1085 1940 1217 2010 μετὰ
1247 1934 1297 1990 δ’
1330 1937 1521 1991 ἐκεῖνον
1573 1939 1719 2000 ἕκτος
1784 1935 1845 1996 ἧν
1953 1938 2139 2010 paulo
2161 1943 2296 2012 post
2323 1937 2616 1994 dicemus.

235 2025 605 2102 Ἀθηνόδωρος
638 2044 652 2056 ⁸
685 2032 804 2103 περὶ
833 2027 894 2082 οὗ
921 2029 1108 2102 μικρὸν
1129 2027 1347 2102 ὕστερον
1378 2027 1611 2100 ἐροῦμεν.

851 2155 1092 2205 ΚΕΦΑΛ.
1136 2149 1248 2205 ΙΘ’.

2597 2151 2818 2209 CAPUT
2857 2151 2992 2208 XIX.

230 2261 403 2314 ⁴Οσα
440 2264 548 2312 καὶ
604 2258 706 2312 ἐπὶ
764 2256 1210 2316 Παλαιστίνης
1281 2256 1357 2307 ὡν
1429 2255 1793 2328 ἐξηγήσατο

2015 2275 2103 2315 uos
2129 2274 2310 2316 sacrae
2329 2259 2650 2328 Scriptura
2672 2259 2854 2314 libros
2885 2259 2948 2313 in
2971 2258 3290 2314 Palaestina
3319 2259 3395 2314 sit
3425 2259 3609 2316 inter-

311 2336 609 2405 καὶπερὶ
647 2338 764 2383 τῶν
802 2329 1002 2382 ἄλλων
1040 2329 1563 2402 συγγραμμάτων
1619 2328 1840 2384 αὐτοῦ.

1759 2328 1840 2384 νῦ.
2196 2336 2464 2401 pretatus
2495 2349 2514 2385 :-
2541 2337 2594 2387 et
2626 2330 2689 2386 de
2716 2330 2851 2386 aliis
2883 2330 3141 2399 ejusdem
3169 2331 3353 2386 libris.

310 2459 394 2512 Ἐν
440 2453 500 2510 δέ
562 2455 884 2530 Παλαιστίνῃ
948 2456 1217 2529 Ὠριγένης
1279 2457 1558 2527 ποιούμενς
1594 2457 1686 2516 τὰς
1749 2454 1839 2520 εἰς,

2022 2455 2203 2513 Porro
2243 2457 2304 2512 in
2346 2454 2656 2511 Palaestina
2702 2470 2840 2509 cum
2881 2455 3166 2523 Origenes
3191 2449 3366 2519 esset,
3403 2454 3611 2510 lucun-

229 2551 326 2600 τόν
378 2546 598 2600 Ἠσαίαν
647 2550 738 2598 καὶ
786 2545 1030 2606 ἰεζεκιὴλ
1089 2544 1439 2608 συνετάξατο·
1491 2544 1559 2595 ὧν
1623 2543 1696 2605 εἰς
1751 2547 1823 2616 μετ

2012 2545 2254 2602 rationes
2312 2544 2375 2600 in
2436 2544 2656 2600 Isaiam
2711 2548 2767 2598 et
2825 2543 3182 2598 Ezechielem
3245 2543 3606 2614 composuit.

232 2641 296 2690 τὸ
334 2641 507 2708 τρίτον
555 2639 710 2708 μέρος
761 2636 898 2708 ἄχρι
944 2643 1035 2694 τῆς
1082 2635 1312 2708 ὁράσεως
1363 2641 1462 2686 τῶν
1510 2630 1826 2707 τετραπόδωη

2014 2651 2110 2691 ωε
2141 2635 2201 2689 in
2232 2641 2463 2707 partem
2494 2632 2726 2689 tertiam
2757 2632 2944 2698 Isaiae,
2979 2648 3170 2704 usque
3203 2632 3281 2688 ad
3312 2633 3608 2687 visionem

235 2734 340 2779 τῶν
404 2724 452 2776 ἐν
496 2732 560 2797 τῇ
602 2723 778 2796 ἐρήμῳ
841 2723 892 2775 ἐν
941 2724 1220 2796 τριάκοντα
1276 2726 1458 2794 τὸμοις
1534 2721 1829 2797 ἐπέραινενι

2016 2723 2418 2794 iadrupedum
2438 2723 2498 2778 in
2515 2721 2850 2790 solitudine,
2877 2721 3136 2793 scripsit,
3162 2721 3343 2794 368
3368 2721 3610 2790 triginta

246 2814 324 2876 εἰς
347 2817 520 2885 μέντοι
548 2817 636 2866 τὸν
669 2811 918 2874 Ἰεζεκιὴλ
969 2817 1116 2865 πέντε
1147 2809 1214 2870 δὴ
1250 2815 1382 2886 πρὸς
1423 2810 1468 2863 κ’
1505 2829 1518 2842 '
1551 2811 1624 2871 εἱς
1669 2811 1727 2864 δὲ
1779 2815 1838 2864 τὸ

2019 2813 2131 2868 mis
2174 2811 2447 2868 absolvit.
2481 2811 2546 2866 ln
2579 2809 2942 2866 Ezechielem
2977 2817 3199 2876 autem,
3243 2810 3511 2883 quinque
3551 2815 3610 2865 et

245 2903 424 2976 ’ᾼσμα
476 2911 578 2955 τῶν
633 2901 880 2975 ᾀσμάτων
917 2899 1155 2974 πρόεισιν
1193 2900 1328 2976 ἆχρι
1359 2897 1427 2960 δὴ
1469 2905 1558 2953 καὶ
1595 2908 1686 2953 τοῦ
1717 2905 1839 2972 πέμ-

2016 2901 2180 2971 ginti.
2209 2903 2386 2957 Porro
2409 2901 2468 2954 in
2490 2899 2797 2956 Canticum
2823 2898 3198 2954 canticorum
3222 2899 3300 2955 ad
3326 2899 3603 2970 quintum

242 3011 376 3045 πτου
440 2993 856 3064 συγγράμματος
888 3009 901 3023 ·
960 2987 1090 3042 δέκα
1135 2986 1194 3043 δέ
1241 2989 1345 3042 εἰσι
1398 2995 1487 3042 καὶ
1543 2997 1710 3042 ταῦτα
1755 2992 1836 3041 τὸν

2013 3006 2145 3062 ique
2192 2995 2319 3046 tum
2365 3004 2721 3061 progressus
2762 2993 2851 3042 est
2898 2989 3400 3043 commentarium
3444 3003 3456 3040 :
3503 2987 3607 3058 qui

239 3080 484 3154 ἀριθμόν.
540 3086 642 3141 Τῆς
695 3076 754 3132 δὲ
805 3083 1028 3139 πίστεως
1053 3086 1144 3132 τοῦ
1173 3079 1290 3131 καθ’
1331 3079 1472 3152 ἡμᾶς
1495 3078 1650 3150 λόγου
1683 3079 1833 3142 αὕξηι

2014 3080 2200 3134 iidem
2247 3093 2458 3135 omnes
2497 3077 2704 3132 decem
2743 3081 2886 3131 sunt
2921 3091 3194 3132 numero.
3237 3075 3608 3132 Professioue

232 3169 635 3242 λαμϐανούσης,
663 3170 751 3222 οἶα
780 3170 931 3233 εἰκὸς,
965 3172 1052 3221 καὶ¹
1083 3164 1344 3234 ἐπίδοσιν,
1395 3170 1522 3241 ὑπερ
1563 3168 1606 3232 ξ’
1639 3171 1724 3227 ἔτη
1756 3172 1826 3220 τὸ]

2015 3174 2154 3224 item
2190 3166 2333 3223 ﬁdei
2363 3171 2582 3222 nostrae
2619 3167 2812 3234 magis
2847 3181 2918 3220 ac
2945 3166 3159 3235 magis,
3188 3166 3272 3221 ita
3301 3169 3364 3221 ut
3395 3180 3609 3220 conve-

237 3260 509 3334 Ὠριγένην
567 3255 675 3317 ἤδη
729 3262 1018 3331 γενόμενον,
1083 3257 1184 3319 ἓξιν
1236 3276 1290 3310 τε
1341 3262 1594 3330 μεγίστην
1652 3256 1707 3308 ἐκ
1749 3266 1831 3316 τῆι

2022 3257 2178 3324 ebat,
2204 3257 2572 3312 incrementa
2599 3271 2707 3310 sua
2729 3254 3022 3326 capiente,
3052 3271 3190 3310 cum
3211 3255 3340 3325 jam
3365 3270 3609 3325 sexage-

232 3353 442 3422 μακρᾶς
497 3355 838 3422 παρασκευῆς
895 3345 1282 3418 συλλεξάμενον,
1352 3353 1447 3408 τῆς
1521 3353 1613 3398 τοῦ
1684 3346 1826 3418 λέγειτ

2016 3363 2178 3402 mum
2201 3345 2483 3415 Origenes
2500 3359 2776 3412 egressus
2797 3347 2954 3398 esset
2970 3359 3219 3407 annum,
3248 3343 3610 3399 maximam-

232 3440 460 3510 ἑσάκρον
514 3432 799 3496 ἐπιδούσης
858 3431 1126 3507 δυνάμεως
1202 3437 1294 3496 τὰς
1352 3434 1425 3496 εἰς
1481 3438 1639 3508 μέσον
1691 3432 1826 3488 διδαη

2015 3451 2071 3491 1e
2095 3435 2209 3490 sibi
2235 3441 2288 3490 et
2311 3433 2821 3505 expeditissimam
2854 3448 2926 3487 ex
2952 3432 3186 3488 diutina
3219 3432 3609 3487 meditatione

235 3526 458 3588 ακαλίας
529 3527 898 3599 ταχυγράφοις
994 3524 1261 3599 ἐπέτρεπεν
1331 3522 1686 3596 ἐκλαμϐάνειν,
1785 3544 1829 3576 οι

2008 3567 2010 3579 .
2039 3523 2427 3580 assuetudine
2453 3526 2862 3594 comparasset
2896 3521 3315 3586 eruditionem,
3349 3520 3602 3576 docendi

234 3618 487 3690 πρότερον
540 3622 692 3668 τοῦτο
765 3619 1208 3688 συγκεχωρηκὸς.
1265 3612 1390 3667 Κατ’
1465 3612 1623 3664 ἐκεῖνο
1675 3617 1828 3665 τοίνυι

2019 3629 2133 3686 que
2163 3611 2494 3668 disserendi
2532 3610 2744 3665 virtute
2789 3610 2867 3666 ad
2910 3626 3221 3665 summum
3275 3624 3613 3680 progressa,

236 3711 334 3758 τοῦ
379 3708 574 3778 χρόνου
632 3708 721 3756 καὶ
777 3706 842 3756 τὰ
890 3705 1027 3756 κατὰ
1085 3703 1281 3756 Κέλσου
1339 3709 1436 3755 τοῦ
1487 3703 1830 3774 Ἐπικουρείοι

2013 3719 2090 3757 ne
2109 3702 2167 3758 in
2191 3701 2455 3756 medium
2472 3699 2811 3770 proferebat
2831 3705 3129 3770 praecepta
3145 3703 3200 3753 et
3223 3697 3607 3764 documenta,

236 3796 379 3847 κατὰ
431 3803 530 3847 τῶν
592 3796 736 3846 θείων
783 3793 946 3865 λόγων
1004 3791 1351 3865 ἐντειναμένου
1392 3791 1641 3850 πλείστην
1687 3812 1830 3845 σπου·

2018 3790 2120 3846 iod
2172 3797 2352 3846 antea
2403 3805 2524 3844 non
2584 3787 2953 3859 permiserat,
3013 3785 3308 3842 celeribus
3367 3785 3612 3842 notariis

241 3880 346 3941 δὴν
386 3889 456 3954 τῷ
513 3881 763 3954 Ὠριγένει
815 3883 948 3934 ὀκτὼ
995 3889 1205 3952 γενναῖα
1253 3883 1597 3952 συντάγματα
1625 3883 1835 3936 τίθεται.

2021 3879 2310 3952 :cipienda
2352 3877 2619 3933 dictavit.
2673 3879 2798 3941 Quo
2852 3882 3121 3948 tempore
3169 3875 3348 3931 etiam
3409 3881 3615 3932 contra

240 3975 402 4026 Πέντε
449 3968 508 4024 δὲ
560 3971 708 4045 ἔτερα
761 3967 939 4044 βιϐλία
991 3970 1062 4030 εἰς
1091 3973 1150 4023 τὸ
1203 3972 1338 4022 κατὰ
1383 3971 1650 4022 Ματθαῐον
1684 3969 1834 4041 Εὖαγ·

2019 3967 2192 4025 ιιειιω
2219 3967 2588 4040 Epicureum,
2615 3966 2716 4039 qui
2744 3966 3001 4021 maximo
3031 3964 3227 4020 studio
3257 3965 3316 4019 in
3344 3965 3613 4020 divinam

239 4060 412 4135 γέλιον
445 4060 586 4131 αὐτῷ
615 4056 959 4117 ἐσπουδάσθη
988 4078 998 4088 ·
1046 4061 1112 4112 τά
1155 4078 1207 4112 τε
1257 4059 1329 4121 εἰς
1376 4062 1496 4121 τοὺς
1530 4057 1601 4131 ιβ’
1641 4065 1833 4133 Προφή-

2020 4057 2290 4114 >ctrinam
2345 4058 2606 4110 invectus
2659 4053 2870 4118 fuerat,
2922 4059 3055 4109 octo
3116 4053 3434 4124 praeclaros
3482 4053 3614 4109 illos

241 4169 338 4211 τας
379 4148 541 4202 πολλὰ
589 4153 729 4204 ὄντα.
780 4153 991 4223 Φέρεταί
1046 4168 1106 4222 γε
1152 4153 1254 4221 μὴν
1307 4153 1467 4200 αὑτοῦ
1520 4153 1610 4201 καὶ
1662 4148 1732 4210 εἰς
1761 4152 1835 4200 τὸι

2020 4144 2552 4218 inscripsitlibros.
2577 4144 2848 4216 Quinque
2893 4159 3032 4198 vero
3077 4142 3225 4198 alios
3258 4143 3319 4198 in
3349 4146 3614 4213 Evange-

243 4238 473 4314 βασιλέα
518 4238 766 4292 Φίλιππον
797 4238 1040 4297 ἐπιστολή
1094 4254 1106 4266 ·
1154 4243 1244 4291 καὶ
1291 4237 1420 4297 άλλη
1452 4241 1582 4314 πρὸς
1620 4243 1837 4313 Σευήραι

2019 4252 2104 4292 1m
2148 4235 2484 4290 secundum
2528 4233 2884 4294 Matthaeum.
2929 4232 3078 4288 alios
3120 4233 3260 4287 item
3308 4231 3509 4303 plures
3552 4231 3613 4287 in

243 4332 341 4388 τὴν
392 4326 584 4381 ἐκείνου
636 4331 863 4400 γαμετὴν
920 4329 1272 4400 ἐκπεμφθεῖσα
1304 4345 1315 4356 ·
1379 4331 1469 4380 καὶ
1522 4327 1673 4380 ἄλλαι
1733 4323 1837 4379 διά·

2019 4325 2278 4382 ιοάθοὶω
2309 4323 2658 4396 prophetas.
2697 4325 2793 4377 Est
2830 4322 3008 4377 etiam
3040 4321 3391 4377 inmanibus
3423 4321 3613 4376 homi-

245 4437 397 4491 φόροι
450 4421 580 4490 πρός
630 4436 794 4480 τινας.
849 4419 1039 4490 Γράφει
1095 4413 1154 4470 δε
1206 4421 1295 4470 καὶ
1351 4423 1422 4487 τῷ
1475 4419 1610 4469 κατὰ
1648 4416 1839 4488 Ῥώμην

2021 4433 2108 4471 1m
2167 4413 2245 4471 ad
2298 4414 2724 4485 imperatorem
2777 4411 3114 4483 Philippum
3182 4410 3435 4481 epistola
3490 4432 3501 4462 :
3558 4413 3615 4464 et

249 4507 522 4578 ἐπισκόπῳ
566 4505 826 4576 Φαϐιανῷ,
875 4511 964 4558 καὶ
1011 4505 1183 4567 ἄλλοις
1229 4504 1433 4567 πολλοῖς
1486 4506 1722 4577 ἄρχουσι
1757 4509 1843 4558 καὶ

2014 4509 2250 4560 raeterca
2276 4503 2350 4558 ad
2386 4504 2661 4559 Severam
2692 4501 2825 4573 conj
2839 4515 3016 4569 ugem
3048 4502 3175 4570 ejus
3207 4499 3350 4556 data
3378 4498 3560 4554 altera
3593 4513 3608 4554 :

245 4597 502 4668 ἡγεμόσιν
532 4594 840 4654 ἐκκλησιῶν.
884 4599 1010 4669 Περὶ
1042 4591 1100 4647 δε
1156 4602 1252 4656 τῆς
1309 4591 1592 4663 ὀρθοδόξου
1624 4599 1839 4655 πίστεως

2045 4593 2121 4648 ad
2147 4592 2294 4648 alios
2323 4591 2622 4664 quosdam
2649 4589 2800 4644 aliae.
2832 4588 3077 4660 Scripsit
3103 4589 3281 4644 etiam
3307 4588 3384 4642 ad
3411 4587 3613 4643 Fabia-

245 4691 419 4742 πᾶσαι
450 4682 874 4761 διαγορεύουσιν.
930 4683 1012 4737 Ἐν
1062 4681 1121 4737 δὲ
1163 4693 1236 4754 τῷ
1265 4686 1400 4737 κατὰ
1441 4684 1729 4756 Μαξιμίνον
1763 4687 1839 4737 τὸν

2019 4698 2107 4738 1m
2140 4680 2405 4736 Ecclesiae
2445 4678 2736 4735 Romanae
2784 4678 3159 4748 episcopum,
3199 4682 3254 4732 et
3285 4676 3363 4731 ad
3395 4675 3613 4731 multos

247 4779 496 4849 Καίσαρα
547 4772 786 4846 διωγμῷ,
837 4773 999 4825 πολὺν
1054 4774 1155 4846 γὰρ
1211 4772 1361 4834 οὗτος
1411 4775 1546 4825 κατὰ
1583 4777 1732 4825 κότον
1758 4779 1841 4826 τοι]

2022 4773 2109 4826 ios
2149 4769 2406 4826 aliarum
2445 4767 2829 4824 ecclesiarum
2865 4766 3152 4822 autistites
3196 4782 3208 4819 :
3241 4781 3378 4837 quae
3408 4765 3615 4821 omnia

243 4867 348 4937 πρὸ
395 4864 556 4917 αὐτοῦ
606 4859 957 4935 Ἀλεξάνδρου
1011 4865 1385 4937 προσκειμένου
1416 4861 1557 4934 μάλα
1596 4870 1837 4934 Χριστια.

2027 4864 2187 4915 ctam
2212 4858 2352 4913 ﬁdei
2379 4856 2814 4930 professionem
2840 4855 3078 4910 docent.
3110 4856 3172 4908 In
3205 4854 3616 4926 persecutione

243 4959 373 5019 νοῖς,
430 4958 520 5006 καί
575 4949 772 5024 σχεδόν
830 4951 885 5014 ἐξ
936 4953 1082 5024 ἡμῶν
1137 4955 1224 5004 τὸν
1307 4955 1499 5004 ἐκείνου
1558 4959 1837 5004 συνεστῶτα

2013 4956 2157 5005 atem
2191 4947 2304 5002 sub
2339 4947 2661 5002 Maximino
2694 4946 2944 5007 Caesare,
2979 4943 3314 4999 maximum
3349 4942 3509 4996 enim
3539 4943 3607 5007 is,

248 5041 408 5109 οἷκον,
442 5042 672 5116 ἐξήγειρε
729 5043 966 5115 τάραχον
995 5059 1007 5072 ·
1068 5045 1158 5095 καὶ
1211 5040 1400 5114 μᾶλλον
1453 5048 1564 5103 τοῖς
1615 5042 1842 5116 ἄρχουσι

2020 5038 2100 5093 iio
2126 5037 2254 5108 ejus
2277 5037 2379 5108 qui
2409 5051 2548 5091 eum
2575 5038 2986 5106 praecesserat,
3011 5031 3328 5088 Alexandri
3357 5032 3614 5102 impera-

248 5140 349 5185 τῶν
425 5132 714 5191 ἐκκλησιῶν
773 5131 1091 5204 ἐπεμαίνετο,
1153 5130 1346 5192 αἰτίοις
1397 5127 1518 5184 οὖσι
1570 5138 1666 5192 τῆς
1717 5133 1842 5183 κατὰ

2026 5125 2126 5192 ris,
2181 5125 2284 5198 qui
2325 5139 2537 5194 magna
2576 5123 2683 5179 fuit
2729 5123 2793 5178 in
2842 5122 3210 5179 Christianos
3261 5120 3618 5177 benevolen-

323 5308 400 5380 (l)
431 5309 762 5379 Imperator
788 5307 892 5363 iste
931 5306 1200 5363 Aurelius
1238 5305 1574 5380 Alexander
1604 5307 1853 5380 Severus
1964 5304 2286 5380 Domitium
2320 5300 3184 5380 Ulpianumjuriseonsultum.
3227 5299 3388 5355 Bello
3417 5303 3616 5380 autem

249 5373 1181 5450 doctissimosintegerrimosque
1211 5380 1392 5450 viros,
1414 5377 1717 5450 Papiniani
1741 5377 1853 5432 viri
1967 5377 2317 5450 Germanico
2366 5373 2425 5429 in
2478 5374 2736 5450 tumultu
2782 5373 3013 5450 militari
3061 5388 3180 5450 una
3238 5388 3378 5450 cum
3427 5377 3617 5450 matre

252 5442 988 5521 sanctissimidiscipulos,
1016 5466 1051 5505 a
1081 5442 1345 5505 consiliis
1364 5442 1598 5522 habuit,
1627 5464 1854 5522 eosque
1965 5449 2299 5522 Mammaea,
2346 5446 2687 5522 non_longe_
2733 5461 2770 5500 a
2821 5444 3172 5522 Moguntia,_
3197 5443 3295 5522 ad
3323 5442 3616 5522 oppidum

249 5513 884 5596 plurimos.L_amprid.
910 5513 1124 5596 Eorum
1142 5521 1449 5596 responsis
1469 5520 1602 5575 libri
1629 5513 1856 5596 Rarfde-
1967 5519 2268 5584 Viceliam,
2313 5518 2435 5596 sive
2483 5513 2794 5572 Vesaviam
2836 5515 3102 5596 (Vesana
3157 5514 3334 5596 hodie
3365 5513 3618 5596 dicitur)

254 5586 490 5652 'ctarum
515 5594 666 5665 juris
693 5586 883 5652 civilis
914 5593 1108 5650 referti
1147 5586 1300 5648 sunt.
1341 5593 1618 5648 Tutorem
1648 5591 1858 5648 habuit
1969 5606 2162 5648 caesus
2182 5596 2303 5653 est;
2336 5589 2437 5645 ubi
2453 5603 2695 5662 quoque
2727 5586 2918 5645 mater
2938 5587 3066 5658 ejus
3077 5586 3506 5658 jacetsepulta.
