4036 6288
547 259 687 314 1107

1856 251 2245 310 NICEPHORI
2287 248 2611 306 CALLISTI
3703 255 3796 309 1l08

539 387 619 444 tia
649 386 750 459 (1),
781 399 1113 458 omnesque
1144 389 1262 441 tere
1301 385 1362 440 in
1396 384 1536 441 aula
1569 399 1680 441 sua
1711 385 1932 440 nostra;
1971 380 2198 454 profes-

2312 379 2362 429 τὸ
2403 375 2712 448 Εὖαγγέλιον
2769 371 3026 448 διδαχῆς,
3068 375 3144 437 οἷς
3199 370 3266 433 δὴ
3326 377 3414 427 καὶ
3466 375 3648 429 θάνατον
3675 381 3802 448 μόνοις

543 475 733 532 sionis
777 475 1098 531 familiares
1137 478 1194 530 et
1234 474 1536 530 ministros
1569 473 1799 539 habuit,
1847 476 2052 529 contra
2088 486 2197 526 nos

540 565 813 621 excitavit
830 564 1146 621 tumultum
1169 579 1180 619 :
1214 563 1718 635 potissimumque
1734 563 1794 618 in
1812 561 2197 618 ecclesiarum

542 659 822 720 rectores,
862 653 1043 708 veluti
1082 653 1366 708 doctrinae
1404 652 1760 721 evangelicae
1806 659 2098 717 auctores,
2136 649 2197 704 in

542 759 697 816 quos
742 741 900 797 solos
949 741 1306 814 capitalibus
1360 741 1671 813 suppliciis
1727 739 1938 796 saevire
1997 739 2192 811 jussit,

541 837 630 888 est
667 831 1097 888 debacchatus.
1145 831 1228 888 Eo
1278 831 1476 904 itaque
1526 835 1796 902 tempore
1840 828 2195 901 praeclaram

542 920 704 977 illam
747 921 1100 986 orationem,
1136 935 1260 992 qua
1301 919 1382 976 ad
1423 919 1778 990 martyrium
1829 918 2192 977 cohortatur.

543 1010 895 1081 composuit,
930 1024 1185 1082 eamque
1217 1009 1533 1064 Ambrosio
1566 1015 1621 1064 et
1650 1009 1973 1064 Protocteto
2004 1007 2195 1063 Caesa-

541 1098 840 1155 riensibus
877 1098 1241 1170 presbyteris
1269 1097 1574 1169 inscripsit
1622 1114 1634 1152 :
1669 1113 1892 1166 magna
1920 1097 2080 1152 enim
2111 1095 2195 1151 eis

544 1187 883 1245 sollicitudo
923 1192 978 1243 et
1022 1187 1293 1244 anxietas
1333 1192 1575 1260 propter
1603 1186 2034 1258 persecutionis
2065 1186 2195 1255 ejus

540 1277 983 1334 vehementiam
1012 1277 1354 1333 incesserat.
1379 1279 1444 1332 In
1467 1292 1590 1348 qua
1619 1278 1881 1332 oratione
1907 1275 2090 1332 ambo
2112 1274 2195 1330 illi

540 1367 798 1423 rationes
822 1366 1145 1439 explicatas
1165 1366 1528 1432 habuerunt,
1555 1371 1618 1421 ut
1642 1365 1866 1422 fortiter
1892 1366 1953 1420 iu
1982 1369 2196 1435 marty-

538 1457 610 1512 rii
646 1456 841 1512 stadio
884 1461 1169 1511 certatem
1207 1471 1317 1527 pro
1350 1457 1580 1511 Christo
1628 1456 1986 1510 sustinerent
2013 1460 2194 1525 atque

541 1544 887 1618 perferrent.
918 1545 1030 1601 Sed
1073 1544 1219 1616 quid
1244 1560 1400 1616 opus
1448 1548 1538 1599 est
1573 1548 1801 1600 certum
1837 1543 2194 1615 scriptorum

541 1635 670 1704 ejus
706 1633 811 1690 viri
850 1649 1170 1689 numerum
1201 1633 1348 1688 inire
1377 1633 1476 1704 (2),
1511 1649 1651 1688 cum
1680 1648 1752 1688 ea
1789 1647 1884 1687 res
1909 1630 2194 1703 peculiari

2307 466 2512 538 ἐπάγειν
2543 465 2762 519 ἐκέλευεν
2798 483 2811 495 ·
2862 465 2910 516 ἐν
2950 468 3122 518 τοίνυν
3152 471 3226 535 τῷ
3282 468 3396 516 τότε
3420 473 3568 536 καιρῷ
3608 467 3680 516 τὸν
3713 486 3803 540 προ-

2304 560 2577 632 τρεπτικόν
2627 556 2696 618 εἰς
2745 557 3031 630 μαρτύριον
3105 561 3336 626 γενναῖον
3397 553 3534 625 λόγον
3585 557 3806 625 συντάττει,

2305 645 2604 721 ’Δμϐροσίῳ
2661 649 2751 697 καὶ
2807 648 3162 718 Πρωτοκτὴτῳ
3208 651 3306 704 τῆς
3346 641 3394 694 ἐν
3451 647 3697 714 Καισαρείᾳ
3719 665 3810 718 παρ-

2304 740 2475 796 οικίας
2519 738 2576 788 τὸ
2618 737 2944 806 σύγγραμμα
2994 739 3330 808 προσφωνῶν.
3384 732 3554 804 Εἰσῄει
3591 735 3675 805 γὰρ
3721 732 3811 786 ἐκεί·

2303 844 2404 884 νοις
2457 825 2516 876 οὐ
2573 829 2761 900 μετρία
2807 843 2887 885 τις
2931 822 3131 894 ἀγωνία
3181 830 3241 895 τῇ
3298 829 3387 874 τοῦ
3436 818 3645 894 διωγμοῦ
3670 824 3814 875 ἐκείνου

2307 910 2623 986 σφοδρότητι
2651 931 2664 943 ⁶
2720 914 2770 965 ἓν
2895 917 2983 965 καὶ
3033 914 3186 986 ἄμφω
3241 910 3390 982 λόγον
3432 912 3579 982 ἔχειν,
3621 913 3695 963 τὸν
3723 913 3815 984 ὑπὲρ

2303 1011 2538 1076 Χριστοῦ
2595 998 2746 1056 ἆθλον
2792 1002 3038 1075 λαμπρῶς
3120 1000 3498 1073 ἀγωνίσασθαι.
3551 1005 3640 1054 Καὶ
3681 1005 3724 1053 τί
3762 999 3821 1053 δεῖ

2303 1095 2506 1145 πάντων
2585 1100 2684 1144 τῶν
2769 1099 2861 1145 τοῦ
2941 1088 3129 1166 ἀνδρὸς
3211 1092 3612 1165 συγγραμμάτων
3676 1089 3818 1162 ἀκριϐῆ

2302 1183 2570 1234 ποιεῖσθαι
2620 1180 2956 1252 κατάλογον;
3006 1177 3146 1240 ἰδίας
3209 1182 3310 1255 γὰρ
3361 1176 3524 1232 δεῖται
3590 1178 3758 1250 σχολῆς
3799 1183 3818 1236 ἡ

2300 1276 2428 1346 πρὸς
2480 1273 2662 1325 λεπτὸν
2714 1279 2814 1324 τῶν
2869 1275 3266 1344 συγγραφέντων
3344 1269 3616 1340 κατάληψις
3664 1277 3722 1340 τῷ
3765 1268 3822 1320 ἆν-

2303 1360 2413 1435 δρί.
2471 1367 2594 1435 Περὶ
2645 1366 2818 1434 μέντοι
2855 1364 3051 1414 τούτων
3081 1363 3107 1412 ὁ
3139 1359 3411 1433 Παμφίλου
3442 1358 3681 1423 Εὐσέϐιος,
3708 1358 3824 1430 57m-

2301 1453 2503 1524 μιάζων
2561 1454 2648 1503 τὸν
2703 1453 2946 1524 μάρτυρα
3009 1450 3299 1523 Πάμφιλον,
3353 1453 3439 1501 καὶ
3503 1453 3591 1507 τὴν
3643 1453 3740 1522 περὶ
3778 1450 3824 1500 τὰ

2306 1543 2418 1594 θεῖα
2449 1537 2690 1599 σπουδὴν
2738 1538 2927 1592 ἐκείνου
2979 1540 3147 1597 ὁπόση
3198 1559 3278 1600 τις
3327 1535 3387 1596 ἧν
3433 1538 3738 1609 καταγράφων
3774 1545 3824 1606 τῷ

2301 1631 2462 1702 λόγῳ,
2517 1633 2640 1691 τοὺς
2722 1633 2944 1689 πίνακας
3001 1636 3104 1680 τῶν
3155 1629 3513 1700 συναχθέντων
3563 1625 3725 1679 ἐκείνου
3769 1623 3825 1697 βί-

539 1722 809 1794 iudigeat
836 1722 957 1778 otio
988 1727 1045 1776 et
1068 1721 1273 1778 labore
1291 1721 1319 1775 7
1348 1723 1538 1793 Atque
1570 1721 1860 1777 Eusebius
1883 1719 2190 1791 Pamphili,

2312 1719 2455 1788 ὅλων,
2512 1726 2605 1772 τοῦ
2659 1737 2712 1771 τε
2765 1718 3059 1792 Ὠριγένους
3115 1722 3205 1770 καὶ
3262 1723 3361 1768 τῶν
3407 1715 3561 1768 ὢιλων
3614 1714 3826 1771 ἐκκλησια-

545 1811 918 1883 Pamphilum
964 1812 1163 1882 ipsum
1216 1816 1542 1883 martyrem
1583 1811 1778 1882 dignis
1822 1824 2194 1882 prosequens

537 1901 839 1965 laudibus,
883 1917 1313 1972 summumque
1355 1901 1484 1971 ejus
1513 1901 1574 1955 in
1603 1901 1780 1955 rebus
1808 1898 2026 1961 divinis
2077 1903 2195 1954 stu-

543 1991 710 2046 dium
755 1989 1084 2059 celebrans,
1119 1989 1638 2046 nomenclaturam
1670 1994 1726 2044 et
1770 1988 2019 2044 tabellas
2054 2003 2194 2043 eum

544 2081 722 2151 369
768 2079 1033 2149 Origeuis
1059 2077 1436 2151 aliorumque
1475 2079 2016 2134 ecclesiasticorum
2044 2077 2193 2132 scri-

541 2176 783 2240 ptorum
805 2172 1336 2223 monumentorum
1362 2168 1424 2222 in
1448 2167 1808 2223 bibliotheca
1831 2183 1943 2222 sua
1966 2165 2162 2236 reposi
2180 2196 2195 2206 -

543 2261 764 2325 torum,
797 2272 899 2312 sex
927 2255 1140 2312 libellis
1169 2256 1522 2329 explicuisse
1554 2257 1779 2323 scribit,
1809 2255 1870 2312 iu
1895 2270 2017 2329 quo
2048 2255 2194 2310 scri-

555 2351 660 2418 pto
690 2346 765 2401 de
791 2345 1051 2418 epistolis
1080 2361 1323 2418 quoque
1343 2346 1473 2417 ejus
1504 2345 1794 2401 Eusebius
1824 2345 1950 2400 haec
1977 2343 2152 2399 refert
2179 2361 2194 2400 :

549 2456 571 2484 ι
608 2436 896 2500 Quarum,
929 2435 1141 2507 inquit,
1169 2450 1565 2507 quascunque
1591 2434 1750 2505 apud
1786 2433 1984 2502 plures
2013 2432 2195 2488 variis

543 2524 605 2580 in
633 2524 778 2579 locis
803 2525 1061 2594 sparsim
1088 2529 1354 2580 servatas
1383 2525 1730 2596 conquirere
1762 2523 1949 2594 potui,
1978 2521 2197 2592 sigilla-

2306 1817 2496 1862 στικῶν
2564 1812 2904 1879 συγγραφέων
2977 1814 3039 1879 τῇ
3098 1804 3412 1879 βιϐλιοθήκῃ
3489 1805 3654 1868 αὐτοῦ,
3713 1804 3751 1854 ἐν
3791 1803 3826 1863 ἑξ

2303 1899 2476 1969 λόγοις
2529 1899 2780 1968 παρέθετο
2831 1897 3033 1948 ἕκαστα
3083 1895 3328 1966 ἐπιλέγων
3363 1911 3376 1924 ·
3429 1892 3474 1946 ἐν
3523 1895 3595 1955 οἷς
3639 1897 3717 1945 καὶ
3747 1895 3829 1962 περὶ

2304 1995 2403 2040 τῶν
2433 1987 2592 2039 αὐτοῦ
2632 1985 2914 2038 ἐπιστολῶν
2962 1981 3093 2038 τάδε
3140 1989 3299 2057 φησὶν
3350 1985 3376 2035 ὁ
3429 1981 3654 2044 Εὐσέϐιος
3681 2003 3693 2015 ·
3719 1981 3828 2032 «Ὧν

2305 2078 2505 2137 ὁπόσας
2561 2072 2836 2148 σποράδην
2880 2076 3024 2147 παρὰ
3073 2070 3346 2148 διαφόροις
3397 2073 3633 2132 σωθείσας
3659 2087 3829 2141 συναγα-

2304 2171 2410 2237 γεῖν
2470 2160 2822 2236 δεδυνήμεθα,
2874 2162 2921 2214 ἐν
2975 2159 3141 2224 ἰδίαις
3200 2167 3373 2234 τόμων
3429 2161 3830 2235 περιγραφαῖς,ὡς

2305 2255 2366 2305 ἄν
2419 2259 2489 2326 μὴ
2543 2250 2577 2305 δ
2583 2252 2954 2328 ιαρρίπτοιντο,
3008 2251 3347 2324 κατελέξαμεν
3396 2250 3565 2304 ἑκατὸν
3617 2253 3688 2300 τὸν
3726 2245 3828 2321 ἀριθ-

2305 2345 2401 2415 μὸν
2453 2341 2890 2416 ὑπερϐαινούσας.
2944 2340 3119 2413 Ἔχεις
3171 2345 3260 2392 καὶ
3303 2343 3498 2392 τούτων
3539 2341 3624 2400 τὰς
3670 2333 3829 2389 ἀποδιέ-

2309 2432 2403 2494 ξεις
2453 2430 2501 2483 ἐν
2549 2432 2680 2503 ἕκτῳ
2724 2432 2817 2493 τῆς
2857 2436 3150 2504 γραφείσης
3199 2433 3327 2502 ἡμῖν
3386 2434 3504 2502 περὶ
3563 2435 3645 2480 τοῦ
3690 2423 3828 2497 ἀνδρὸς

2309 2520 2607 2594 ἀπολογίας.

547 2614 654 2669 tim
704 2614 765 2668 in
814 2617 1008 2669 tomos
1043 2629 1182 2668 suos
1222 2613 1504 2682 digestas,
1546 2618 1612 2668 ut
1658 2627 1732 2668 ne
1775 2611 2213 2677 interciderent,
2259 2627 2441 2684 supra
2493 2614 2732 2667 centum
2785 2609 3018 2680 collegi.
3060 2609 3340 2682 Reperias
3383 2621 3620 2682 quoque
3670 2605 3824 2662 horum

547 2707 899 2772 argumenta
923 2704 985 2758 iu
1017 2708 1184 2759 sexto
1207 2702 1358 2758 libro
1390 2703 1542 2774 ejus,
1566 2717 1753 2774 quam
1777 2717 1888 2774 pro
1914 2701 2040 2757 viro
2067 2716 2137 2758 eo
2168 2701 2538 2773 scripsimus,
2567 2699 2894 2772 Apologiaa.

1179 2817 1408 2874 CAPUT
1469 2821 1572 2875 ΧΧ.

2937 2820 3182 2868 ΚΕΦΑΛ.
3216 2814 3298 2870 ις’.

551 2909 683 2965 Cum
711 2909 786 2986 de
810 2908 948 2986 αζίίε
972 2909 1444 2986 ejusdiscipulis,
1471 2915 1594 2964 tum
1617 2908 1683 2986 de
1713 2907 1990 2986 Gregorys
2014 2906 2198 2986 _mira-

2313 2909 2468 2977 Περὶ
2508 2912 2626 2956 τῶν
2665 2903 2868 2956 ἄλλων
2909 2904 3101 2956 αὐτοῦ
3157 2905 3631 2986 parentalia-xui.
3664 2906 3816 2986 I‘pryf

621 2980 772 3036 culis
798 2980 1038 3036 edendis
1060 2979 1225 3036 claro
1251 2998 1270 3034 :
1296 2984 1348 3036 et
1374 2987 1590 3051 quanto
1620 2983 1681 3034 in
1706 2981 1894 3048 pretio
1922 2979 2199 3049 Origenes

622 3052 788 3122 apud
806 3067 1048 3121 magnos
1067 3067 1134 3107 ea
1157 3057 1488 3120 tempestate
1503 3052 1800 3121 episcopos
1818 3052 2022 3121 fuerit.

622 3157 830 3214 Multos
862 3173 1004 3212 vero
1041 3157 1221 3213 etiam
1269 3157 1552 3212 Caesareae
1611 3158 1927 3213 Palaestinae
1978 3156 2202 3212 docens

553 3245 834 3318 Origenes
864 3246 1072 3301 habuit
1102 3245 1448 3317 discipulos,
1483 3262 1603 3302 nou
1644 3262 1854 3302 eorum
1887 3245 2068 3302 modo
2099 3244 2202 3316 qui

551 3336 779 3391 vicinas
808 3334 1083 3404 regiones
1119 3333 1480 3399 incolebant,
1511 3334 1615 3390 sed
1657 3335 2029 3391 advenarum
2058 3349 2203 3406 quo-

553 3440 692 3496 que,
737 3424 840 3496 qui
879 3423 1085 3496 patriae
1122 3423 1523 3491 dulcedinem,
1566 3424 1850 3480 doctrinae
1891 3427 2204 3479 consuetu-

554 3513 800 3585 dinique
832 3513 962 3583 ejus
991 3512 1102 3567 viri
1124 3513 1584 3584 posthabuuere.
1613 3513 1768 3568 Inter
1788 3529 1940 3585 quos
1961 3513 2205 3586 prmcla-

554 3603 742 3658 riores
775 3601 937 3658 fuere
968 3618 979 3655 :
1008 3602 1352 3658 Theodorus
1381 3603 1482 3673 (3),
1508 3603 1611 3674 qui
1638 3603 1699 3657 in
1726 3602 2036 3659 Palaestina
2067 3617 2205 3657 cum

555 3707 781 3762 magna
811 3691 994 3761 gloria
1039 3691 1370 3747 sacerdotio
1404 3697 1491 3747 est
1528 3692 1767 3747 functus
1807 3708 1819 3746 :
1863 3697 1919 3747 et
1953 3691 2206 3747 Atheno-

557 3782 740 3838 dorus
783 3797 795 3835 :
836 3788 1015 3852 atque
1051 3779 1232 3851 hujus
1267 3779 1448 3837 frater
1475 3781 1842 3846 Theodorus,
1880 3780 1982 3852 qui
2025 3781 2206 3836 etiam

557 3870 892 3941 Gregorius,
918 3875 1097 3942 atque
1124 3870 1370 3942 insuper
1393 3871 1680 3926 miriﬁcus
1707 3875 1796 3926 est
1821 3872 2207 3942 cognomina-

560 3965 656 4016 tus
697 3960 772 4031 (4)
818 3960 898 4014 De
937 3975 1057 4031 quo
1099 3959 1230 4015 loco
1267 3976 1408 4015 suos
1447 3960 1716 4016 dicemus
1756 3980 1769 4029 ;
1811 3976 1955 4016 nam
1996 3968 2208 4031 postea

559 4048 977 4121 episcopatum
1034 4051 1432 4104 Neocaesareaa
1490 4049 1550 4104 in
1605 4051 1788 4105 Ponto
1845 4050 2047 4119 gessit.
2112 4050 2209 4104 His

559 4140 896 4194 Graecarum
948 4142 1003 4192 et
1062 4137 1402 4192 Latinarum
1459 4136 1883 4209 diciplinarum
1947 4139 2207 4194 maxime

560 4225 863 4290 studiosis,
901 4240 1258 4295 omnemque
1303 4225 1363 4279 iu
1403 4225 1487 4280 eis
1524 4241 1771 4296 Operam
1820 4226 2206 4297 ponentibus,

562 4333 698 4371 cum
727 4315 1007 4385 Origenes
1036 4314 1282 4369 verioris
1314 4314 1707 4386 philosophias
1737 4320 2114 4372 venustatem
2141 4332 2211 4372 ac

562 4403 1070 4478 pulchritudiuem
1120 4403 1492 4470 ostendisset,
1552 4404 1722 4460 facile
1774 4405 2089 4477 persuasit,
2148 4411 2213 4460 ut

636 4511 713 4583 (1)
748 4533 769 4561 ι
805 4509 1140 4583 Alexander
1164 4511 1414 4583 Severus
1443 4510 1804 4583 Christianos
1831 4527 1966 4567 esse
1999 4527 2212 4582 passus

562 4580 669 4640 est.
700 4583 927 4638 Christo
962 4580 1250 4651 templum
1289 4581 1483 4637 facere
1521 4582 1725 4647 voluit,
1767 4580 2027 4654 eumque
2065 4584 2214 4638 inter

564 4655 709 4710 deos
748 4655 1027 4724 recipere.
1067 4654 1236 4718 Quod
1268 4659 1323 4708 et
1351 4654 1645 4710 Adrianus
1677 4654 1969 4724 cogitasse
2009 4655 2210 4721 fertur,

563 4727 668 4798 qui
701 4724 923 4798 templa
951 4725 1011 4798 in
1041 4725 1324 4798 omnibus
1354 4724 1694 4798 civitatibus
1726 4727 1855 4798 sine
1882 4726 2214 4798 simulacris

560 4795 820 4869 jusserat
844 4797 992 4869 ﬁeri,
1021 4812 1158 4867 quae
1184 4795 1361 4869 hodie
1389 4796 1629 4869 idcirco,
1663 4797 1808 4868 quia
1838 4812 1966 4869 non,
1987 4797 2216 4852 habent

563 4867 837 4949 numina,
887 4867 1647 4949 dicuntur_Adriaui,._qum
1684 4867 1790 4949 ille
1838 4871 1915 4949 ad
1958 4868 2073 4949 hoc
2103 4885 2213 4949 pa:

566 4956 730 4997 rasse
777 4940 1106 4995 dicebatur.
1159 4937 1274 4994 Sed
1320 4937 1656 5009 prohibitus
1711 4945 1796 4995 est
1847 4939 1924 4995 ab
1966 4937 2216 5011 his,qui

567 5011 944 5068 consulentes
992 5026 1182 5076 sacra,
1224 5016 1566 5080 repererant
1595 5027 1806 5066 omnes
1850 5011 2216 5066 Christianos

565 5085 814 5164 futuros,
837 5083 907 5164 _si
1041 5086 1244 5164 optato
1284 5083 1594 5164 evenisset,
1637 5088 1697 5164 et
1728 5082 1950 5164 templa
1989 5083 2217 5164 reliqua

567 5153 916 5212 deserenda.
955 5152 1117 5208 Alex.
1159 5153 1411 5207 Severus
1451 5154 1806 5209 sententiam
1848 5152 2010 5210 illam
2052 5152 2216 5208 Chri-

568 5228 846 5282 stianam.
916 5225 1086 5291 Quod
1150 5224 1258 5279 tibi
1307 5240 1428 5279 non
1480 5241 1590 5291 VIS,
1657 5225 1822 5280 alteri
1868 5241 1942 5280 ne
1985 5225 2214 5290 feceris,

567 5314 758 5369 usque
788 5297 938 5352 adeo
968 5296 1188 5369 dilexit,
1226 5299 1285 5351 ut
1322 5302 1377 5350 et
1408 5296 1465 5350 iu
1499 5296 1740 5367 palatio,
1785 5302 1840 5352 et
1874 5297 1932 5351 in
1964 5296 2218 5369 publicis

567 5367 852 5441 perscribi
895 5367 1151 5441 juberet.
1211 5368 1463 5423 Nomina
1501 5383 1716 5441 eorum
1764 5384 1918 5440 quos
1959 5367 2218 5441 publicis

567 5439 932 5511 praeﬁciebat
957 5440 1194 5504 muniis,
1218 5439 1612 5510 prapouebat,
1636 5439 1880 5511 hortans
1905 5439 2217 5511 populumi

573 5510 634 5584 ut
677 5512 725 5584 si
756 5513 890 5584 quis
910 5511 1077 5584 quid
1116 5511 1379 5584 haberet
1397 5511 1683 5575 criminis,
1717 5510 2219 5584 bropaeretmar-

571 5580 737 5637 festis
774 5580 1001 5638 'verbis
1035 5599 1048 5636 :
1082 5597 1204 5638 non
1255 5581 1588 5653 probasset,
1631 5580 1876 5654 poenam
1921 5583 2214 5654 capitulis,

2381 2976 2522 3048 ρίου
2562 2983 2671 3028 τοῦ
2733 2983 3274 3099 Θαυματουργοῡ.
3331 2980 3460 3028 Καὶ
3507 2976 3652 3032 ὅσης
3693 2976 3807 3041 fuit";

2381 3050 2552 3099 παοὰ
2589 3056 2704 3099 τῶν
2744 3053 2885 3099 τότε
2925 3049 3083 3099 αεσνά
3134 3068 3208 3099 ων
3253 3049 3473 3099 ἱεοέων
3510 3045 3740 3099 ἠξιοῦτο.

2381 3045 2552 3122 παρὰ
2589 3056 2704 3100 τῶν
2744 3045 2888 3100 τότε
2921 3045 3208 3120 μεγάλων
3253 3049 3473 3120 ἱερέων
3510 3045 3740 3108 ἠξιοῦτο,

2384 3154 2569 3208 Πολλοὶ
2618 3151 2676 3207 δὲ
2723 3159 2812 3206 καὶ
2851 3153 2899 3206 ἐν
2943 3158 3234 3226 Καισαρείᾳ
3270 3161 3363 3214 τῆς
3420 3142 3802 3207 Παλαιστίιπςδιι·

2311 3243 2540 3316 τρίϐοντι
2597 3251 2670 3314 τῷ
2728 3245 2985 3317 Ὠριγένει
3035 3248 3336 3318 προσῄεσαν
3399 3245 3655 3316 φοιτηταί,
3686 3235 3810 3289 οὗτῶ

2314 3331 2477 3385 ἐκεῖσε
2527 3337 2678 3404 μόνον
2749 3338 3042 3407 περιοίκων,
3126 3332 3254 3384 ἀλλὰ
3301 3336 3397 3384 καὶ
3446 3339 3548 3393 τῶν
3598 3329 3734 3403 πόῤῥω
3764 3326 3822 3381 τὰς

2313 3421 2574 3494 πατρίδας
2610 3421 2833 3494 ἐχόντων
2869 3439 2881 3451 ·
2928 3421 2990 3483 ἃς
3037 3424 3100 3482 ὡς
3153 3418 3302 3474 οὐδὲν
3352 3422 3688 3493 λογιζόμενοι,
3718 3415 3829 3479 ἐκείνῳ

2317 3509 2703 3585 συνδιατρίϐειν
2753 3517 2962 3584 πρώτην
3022 3510 3286 3564 ἐποιοῦντο
3342 3508 3610 3569 σπουδήν.
3658 3503 3832 3574 Ardeati-

2318 3621 2488 3675 στεροι
2530 3607 2704 3674 μέντοι
2755 3609 2855 3653 τῶν
2909 3599 3072 3652 ἄλλων
3128 3597 3264 3658 ἦσαν
3325 3599 3607 3674 Θεόδωρός
3642 3615 3687 3649 τε
3735 3595 3753 3644 ὁ
3807 3587 3835 3638 ἓν

2316 3691 2636 3764 Παλαιστίνῃ
2701 3693 2793 3742 σὺν
2845 3690 3061 3764 λαμπρᾷ
3105 3697 3167 3762 τῇ
3225 3695 3362 3762 φήμῃ
3431 3691 3743 3762 ἱερατεύσας·
3785 3683 3840 3730 ﬁt"

2316 3777 2719 3852 Ἀθηνόδωρος·
2771 3783 2898 3852 πρὸς
2952 3775 3011 3831 δὲ
3054 3783 3144 3831 καὶ
3193 3781 3218 3830 ὁ
3267 3775 3498 3852 ἀδελφός
3535 3772 3730 3848 Θεὸδρος
3759 3785 3770 3799 ⁵
3807 3769 3840 3827 ὃς

2315 3876 2404 3924 καὶ
2462 3871 2744 3944 Γρηγὸριος
2793 3868 3104 3942 μεταλὴθη,
3157 3873 3244 3921 καὶ
3307 3873 3447 3941 πρὸς
3486 3871 3643 3938 τούτῳ
3688 3861 3843 3915 Mirr}?

2318 3962 2732 4032 Θαυματουργὸς
2770 3956 3044 4016 ἐπίκλησιν
3097 3959 3227 4029 ἔσχε
3255 3974 3268 3988 ⁸
3323 3963 3449 4030 περὶ
3483 3957 3543 4010 οὗ
3571 3955 3691 4007 κατὰ
3717 3954 3844 4023 χώρη

2316 4049 2588 4112 λελέξεται.
2641 4055 2745 4110 Τῆς
2797 4051 2934 4100 κατὰ
2990 4051 3181 4100 Πόντον
3228 4044 3278 4100 δ’
3309 4046 3464 4108 οὗτος
3514 4042 3846 4113 Νεοχαισαρείεις

2320 4142 2594 4198 ἐπίσκοπος
2621 4136 2966 4210 ἐχρημάτισε.
3024 4139 3251 4197 Τούτους
3310 4142 3428 4210 περὶ
3489 4140 3581 4194 τὴν
3623 4141 3708 4185 τῶν
3727 4126 3845 4182 Ἑλλη-

2318 4237 2471 4280 νικῶν
2547 4233 2636 4280 καὶ
2709 4227 3004 4300 Ῥωμαϊκῶν
3058 4228 3388 4299 μαθημάτων
3445 4222 3625 4286 δεινῶς
3660 4219 3848 4287 ἐπτοημ-

2319 4337 2461 4381 νους,
2494 4320 2584 4368 καὶ
2610 4321 2781 4368 πᾶσαν
2833 4318 2927 4372 τὴν
2973 4310 3214 4373 σπουδὴν
3259 4315 3470 4376 τούτοις
3499 4309 3843 4366 ἑκδαπανῶντας,

2320 4414 2382 4465 τῆ
2395 4427 2416 4467 ς
2494 4404 2714 4465 anew;
2776 4403 3076 4475 φιλοσοφίας

2322 4513 2566 4568 subiret.
2598 4510 2959 4581 Dicebatque
2990 4526 3331 4581 graveesse,
3356 4526 3502 4566 cum
3525 4509 3584 4564 id
3609 4497 3843 4581 Christiatli

2323 4527 2566 4568 subiret.
2599 4527 2840 4566 Uiceuat
2889 4527 2959 4566 ue
2990 4527 3331 4581 graveesse,
3356 4527 3502 4566 cum
3525 4527 3584 4564 ια
3609 4527 3841 4576 humum

2323 4585 2583 4640 facerent
2620 4583 2679 4637 in
2719 4527 3118 4653 praegicaudis
3146 4581 3568 4654 sacerdotibus
3619 4579 3710 4651 qui
3745 4571 3841 4654 oti“

2323 4655 2509 4710 nandi
2541 4658 2694 4717 sunt,
2722 4644 2849 4708 non
2873 4653 3000 4709 ﬁeri
3030 4653 3089 4707 in
3114 4652 3565 4723 provinciarum
3595 4644 3840 4723 τόοίοεὼυξ

2323 4725 2544 4799 quibus
2565 4724 2908 4799 etfortuuaa
2937 4716 3256 4799 hominum
3305 4723 3798 4799 committerentur,
3815 4716 3844 4764 el

2323 4789 2542 4869 capita.
2563 4817 2588 4847 ν
2623 4796 2752 4869 (El.
2772 4796 3214 4869 Lampridius.)
3230 4827 3299 4835 —
3324 4795 3662 4869 Alexander
3682 4789 3848 4869 inlata;

2323 4858 2433 4934 rio,
2465 4868 2579 4923 hoc
2591 4858 3018 4922 estdomestico
3042 4858 3280 4934 sacello,
3305 4858 3849 4923 AbrahamietChn'sll

2326 4941 2643 4996 Salvatoris
2677 4944 2904 4994 statuas
2930 4937 3154 4994 habuit.

2397 5013 2472 5080 (2)
2486 5009 2659 5081 Apud
2677 5010 2838 5066 Suid.
2861 5010 3146 5080 scriptum
3161 5009 3594 5081 est.0rigeuem
3613 5005 3853 5079 propterea

2326 5082 2492 5154 quod
2543 5080 2666 5137 tam
2693 5081 2914 5137 multos
2967 5080 3372 5154 composuerit
3411 5080 3618 5141 libros,
3653 5086 3854 5154 ςυντατι.

2330 5149 2419 5206 δίὸν
2473 5159 2751 5208 vocatum
2803 5167 2953 5218 esse,
3008 5149 3180 5222 quasi
3221 5151 3390 5206 dicas
3432 5149 3854 5219 compositoremr

2327 5241 2465 5296 quae
2503 5225 2554 5348 eti
2606 5239 2712 5350 {est
2740 5239 2926 5279 causa
2963 5222 3388 5286 hallucinandi,
3447 5229 3511 5278 ut
3560 5223 3852 5289 magnopere

2329 5312 2525 5350 errare
2557 5337 2570 5350 .
2633 5311 2686 5349 ιιι
2720 5337 2731 5348 .

2329 5312 2570 5361 erraret,
2606 5312 2731 5350 ruit.

2402 5368 2480 5439 (3)
2518 5367 2863 5422 Theodorus
2897 5364 3241 5421 Palaestiuus
3265 5364 3432 5438 apud
3461 5363 3762 5421 Eusebium
3779 5365 3850 5411 HO!l

2327 5444 2687 5495 recensetur.

2403 5510 2481 5583 (4)
2521 5508 2741 5565 Euseb.
2779 5507 2880 5565 lib.
2910 5525 2988 5572 v1,
3021 5524 3157 5581 cap.
3195 5511 3280 5564 30.

3174 4403 3435 4474 παρανοίξ
3439 4424 3503 4465 ας
3571 4405 3626 4455 τὸ
3706 4395 3845 4452 καλλος,
