4036 6288
194 270 338 324 1109

1254 269 1816 326 ECCLESIASTICfE
1857 269 2212 330 HISTORLE
2255 274 2390 329 LIB.
2435 275 2500 328 V.

3421 273 3560 328 1110

185 391 519 466 ἀμείψασθαι
561 399 656 453 τὴν
705 392 944 455 σπουδὴν
993 396 1092 468 ὅλῳ
1117 398 1261 468 πόθῳ
1298 400 1417 468 περὶ
1456 395 1619 458 αὐτὴν
1659 415 1770 467 παρ⁴

1901 413 2038 454 cum
2080 384 2306 469 ingenti
2335 399 2627 456 desiderio
2658 398 2860 470 priora
2897 397 3102 455 studia
3147 414 3259 455 sua
3307 398 3555 456 meliore

1002 491 1025 503 ³1

185 486 488 538 ἐσκεύασεν.
541 484 617 536 Ού
673 484 829 538 πλείω
885 483 943 538 δὲ
999 491 1028 544 ἤ
1092 491 1235 540 πέντε
1305 491 1791 561 παραμεμενηκότες

185 575 278 632 ἔτη
336 574 499 643 αύτῷ,
545 582 790 627 τοσοῦτον
841 572 1239 650 έπέδωκανπρὸς
1315 580 1374 628 τὸ
1431 574 1651 648 βέλτιον,
1722 579 1790 636 ὡς

181 661 283 714 κᾶν
334 668 422 735 νέᾳ
460 671 523 735 τῇ
576 663 755 736 ἡλικίᾳ
803 673 902 716 τῶν
945 668 1078 718 κατά
1120 671 1310 719 Πόντον
1364 664 1650 724 ἐκκλησιῶν
1703 670 1790 718 καὶ

181 753 341 823 ἄμφω
396 757 489 811 τὴν
555 759 885 825 προστασίαν
963 755 1392 826 ίμπιστευθῆναι.
1462 758 1671 814 Τούτοις
1737 751 1789 804 δ’

177 840 297 912 οἶμα
351 846 440 894 καὶ
495 846 759 904 Διονύσιος
816 841 899 912 ἦν,
940 846 994 906 ὃς
1032 849 1125 903 τὴν
1184 843 1232 896 ἐν
1289 841 1656 919 Ἀλεξανδρείᾳ
1694 852 1790 906 τῆς

179 925 542 993 διδασκαλίας
579 932 800 1003 σχολὴν,
838 936 896 985 οὐ
953 937 1104 1005 μόνον
1139 930 1218 999 δε,
1252 931 1380 985 ἀλλὰ
1409 938 1499 985 καὶ
1537 937 1630 991 τὴν
1671 934 1788 984 ἐπι.

180 1023 390 1077 σκοπὴν
459 1016 752 1083 διεδέξατο.
810 1021 1056 1081 Τοσαύτη
1124 1042 1205 1082 τις
1271 1019 1331 1080 ἧν
1408 1030 1480 1092 τῷ
1540 1021 1788 1093 Ὠριγένει

172 1113 301 1181 περὶ
348 1112 441 1166 τὴν
491 1107 747 1181 ἀνάληψιν
799 1119 900 1162 τῶν
967 1113 1286 1184 μαθημάτων
1349 1109 1639 1184 φιλοκαλία,
1697 1115 1786 1162 καὶ

175 1196 350 1259 οὕτως
405 1201 436 1257 ἡ
490 1204 634 1272 φήμη
694 1202 893 1263 πάντας
949 1201 1080 1254 εἷλκε
1133 1203 1270 1253 κατά
1324 1203 1440 1252 θέαν
1489 1207 1579 1260 τῆς
1625 1199 1784 1251 αὐτοῦ

177 1291 366 1358 σοφίας
403 1293 492 1340 καὶ
548 1294 824 1360 γνώσεως⁶
884 1288 1008 1342 οῦδὲ
1064 1293 1164 1364 γὰρ
1222 1291 1270 1342 οἱ
1319 1286 1564 1349 παιδείας
1620 1288 1785 1359 λόγων

174 1373 394 1448 ἐρῶντες
441 1377 566 1452 παρ’
623 1378 778 1430 αύτὸν
836 1377 1045 1451 ἐφοίτων
1079 1383 1254 1450 μόνον,
1283 1377 1411 1430 ἀλλὰ
1461 1383 1551 1430 καὶ
1592 1378 1642 1430 οἶ
1686 1385 1784 1428 τῶν

171 1473 470 1522 τηνικαῦτα
543 1465 819 1526 διαϐόητοι
903 1467 1192 1539 ἐτύγχανον
1267 1471 1425 1530 ὄντες.
1512 1469 1782 1524 Τοσαύτην

171 1559 268 1606 καὶ
324 1556 426 1627 γὰρ
480 1561 569 1608 καὶ
618 1557 950 1629 Φιρμιλιανός
988 1560 1178 1618 ἐκεῖνος
1217 1561 1330 1628 περὶ
1378 1561 1464 1608 τὸν
1516 1555 1780 1630 Ὠριγένην

172 1640 382 1696 ἐδείκνυ
429 1642 689 1711 σπουδὴν,
734 1655 830 1708 τῆς
880 1642 929 1699 δ’
965 1645 1014 1697 ἐν
1065 1650 1358 1721 Καισαρείᾳ
1401 1642 1779 1705 Καππαδοκίας

1899 487 2172 546 doctrina
2201 495 2643 545 commutarent
2669 505 2679 543 :
2704 488 2747 543 ii
2776 489 3196 561 quinquennio
3221 487 3348 545 solo
3367 505 3555 560 opera

1897 576 1960 631 in
1991 578 2174 634 sacris
2206 579 2430 635 Litteris
2461 578 2620 651 apud
2651 593 2790 632 eum
2818 585 3061 642 navata,
3095 584 3329 634 tantum
3358 577 3554 649 profe-

1899 671 2125 734 cerunt,
2153 672 2218 723 ut
2259 669 2340 723 eis
2367 667 2645 724 ambolus
2672 667 2866 722 adhuc
2894 667 3222 738 juvenibus
3257 668 3552 737 regenda-

1897 771 2032 811 rum
2045 757 2101 811 in
2118 757 2301 813 Ponto
2313 757 2700 812 ecclesiarum
2723 771 2867 811 cura
2884 761 3038 812 recte
3059 756 3550 812 demandaretur.

1899 847 2026 901 Una
2050 862 2190 901 cum
2225 846 2316 901 his
2364 849 2545 904 etiam
2596 846 2941 917 Dionysius,
2981 846 3103 913 fuit,
3140 847 3243 918 qui
3296 846 3552 902 Alexan-

1897 934 2039 989 driae
2096 951 2218 990 non
2273 936 2470 992 solum
2511 936 2781 991 divinam
2846 935 3117 992 scholam
3177 936 3550 994 catechistes.

1899 1024 2078 1096 37o
2109 1025 2211 1080 sed
2233 1026 2414 1080 etiam
2445 1025 2761 1080 ecclesiam
2801 1025 3119 1096 episcopus
3155 1025 3321 1082 rexit.
3367 1029 3554 1083 Tanta

1897 1113 2118 1168 scilicet
2155 1114 2391 1184 Origeni
2420 1112 2756 1184 disciplinis
2795 1113 3102 1168 tradendis
3134 1114 3324 1170 inerat
3366 1114 3548 1170 facili-

1898 1205 1986 1256 tas
2042 1208 2097 1258 et
2143 1202 2458 1272 elegantia,
2509 1207 2862 1274 tantumque
2921 1201 3168 1258 celebris
3209 1203 3340 1273 ejus
3385 1203 3554 1261 fama

1895 1289 2211 1364 plerosque
2235 1292 2312 1347 ad
2335 1290 2727 1364 spectandam
2754 1290 3091 1347 doctrinam
3109 1297 3165 1347 et
3189 1292 3550 1364 sapientiam

1895 1379 2024 1450 ejus
2068 1381 2466 1452 pertrahebat.
2512 1381 2631 1436 Nec
2676 1385 2912 1435 tantum
2939 1380 3044 1452 qui
3070 1381 3321 1437 studiosi
3350 1387 3548 1439 essent

1892 1468 2148 1537 dicendi,
2173 1469 2548 1542 aliarumque
2577 1469 2815 1534 artium,
2836 1485 3046 1525 verum
3069 1470 3245 1526 etiam
3273 1472 3375 1543 qui
3397 1487 3552 1543 prae-

1891 1557 2120 1613 clarum
2141 1558 2266 1629 jam
2291 1559 2349 1612 in
2380 1558 2464 1613 eis
2496 1572 2716 1613 nomen
2748 1563 2916 1613 erant
2935 1559 3262 1625 consecuti,
3296 1559 3375 1615 ad
3405 1576 3545 1616 eum

1888 1647 2224 1704 veniebant.
2253 1647 2629 1704 Firmilianus
2651 1663 2892 1719 quoque
2916 1650 3201 1703 Cresareae
3235 1649 3546 1721 Cappado-

173 1732 326 1792 οὗτος
376 1736 469 1796 τὰς
528 1737 662 1806 ἱερᾳς
718 1736 862 1796 ἡνίας
939 1731 1307 1808 διεχειρίζετο,
1369 1738 1436 1796 ὡς
1501 1738 1623 1787 ποτε
1689 1737 1770 1806 μὲν

1890 1752 2026 1792 cum
2057 1737 2376 1809 episcopus
2415 1737 2562 1792 tanti
2600 1738 2910 1792 hominem
2942 1737 3095 1803 fecit,
3129 1744 3194 1792 ut
3216 1737 3547 1810 aliquando

171 1821 336 1874 αὐτὸν
411 1823 596 1875 ἐκεῖνον
668 1827 756 1876 τόν
842 1826 1108 1897 Ὠριγένην
1195 1823 1469 1896 πρεσϐείαν
1540 1828 1776 1892 πέμπων,

168 1913 307 1983 πρὸς
352 1914 445 1974 τὰς
492 1914 604 1964 κατ’
664 1911 848 1965 ἐκεῖνον
897 1913 1125 1985 κλίματα
1164 1913 1236 1973 εἰς
1279 1909 1518 1965 ἐπίδοσιν
1547 1921 1644 1965 τῶν
1694 1912 1780 1964 ἐκ-

166 2000 406 2058 κλησιῶν
471 2002 862 2073 μετεστελλετο’
931 2002 1108 2055 ἄλλοτε
1168 1999 1226 2054 δὲ
1280 2002 1435 2054 αὐτὸν
1492 2003 1778 2076 προφάσεις

166 2089 536 2162 πλαττόμενον,
577 2093 661 2143 ἐπὶ
719 2093 784 2142 τὰ
830 2099 922 2154 τῆς
982 2089 1244 2153 Ἰουδαίας
1302 2094 1555 2165 ἔρχεσθαι
1594 2096 1722 2164 μέρη
1761 2109 1772 2122 ’

163 2183 261 2230 καὶ
319 2183 511 2254 χρόνον
563 2180 655 2232 οὐκ
688 2179 968 2250 ἐλάχιστον
1023 2178 1501 2252 συνδιαγενόμενον,
1550 2186 1667 2255 περὶ
1712 2185 1777 2234 τὰ

165 2271 287 2320 θεῖα
344 2271 407 2328 ὡς
455 2268 685 2340 μάλιστα
766 2267 1121 2342 βελτιοῦσθαι,
1192 2275 1280 2322 καὶ
1356 2271 1518 2332 οὕτως
1594 2267 1775 2323 οἶκαδε

164 2357 462 2414 ἐπανήκειν.
523 2357 599 2409 Ού
657 2363 760 2430 μὴν
817 2355 876 2410 δὲ
907 2358 1035 2410 ἀλλὰ
1085 2361 1229 2411 καὶὸ
1260 2368 1358 2410 τῶν
1406 2358 1772 2432 Ἱεροσολύμων

161 2444 524 2521 Ἀλέξανδρος,
593 2451 682 2499 καὶ
749 2452 1068 2510 Θεόκτιστος
1146 2449 1171 2499 ό
1255 2457 1349 2509 τῆς
1417 2448 1770 2512 Παλαιστίνης

165 2540 488 2609 Καισαρείας
561 2540 860 2601 ἐπίσκοπος,
919 2534 1116 2608 σχεδὸν
1195 2540 1280 2590 τὸν
1337 2539 1508 2590 πάντα
1578 2542 1770 2611 χρόνον

165 2625 313 2695 αὐτῷ
376 2633 629 2694 συνῆσαν,
679 2625 764 2677 οἵα
817 2622 1148 2694 διδασκάλω,
1201 2631 1290 2678 καί
1359 2647 1460 2679 τινι
1518 2632 1769 2699 κρείττονι

167 2716 304 2786 ἢπερ
332 2723 424 2775 τῆς
470 2714 587 2766 καθ’
645 2717 784 2786 ἡμᾶς
823 2717 1020 2786 φύσεως
1061 2719 1472 2788 προσανέχοντες
1508 2732 1519 2744 ·
1582 2713 1768 2774 ἀνέδην

173 2822 230 2855 τε
274 2810 696 2878 παραχωροῦντες
743 2806 877 2861 ἦσαν
909 2803 1068 2874 αύτῷ,
1121 2804 1221 2856 ὃσα
1251 2802 1318 2863 δὴ
1360 2812 1451 2856 τοῦ
1491 2803 1769 2864 ἐκκλησια-

177 2900 357 2944 στικοῦ
405 2893 585 2964 λόγου,
644 2897 734 2945 καὶ
766 2892 955 2964 μᾶλλον
1016 2894 1116 2946 ὅσα
1169 2903 1231 2967 τῇ
1277 2902 1376 2947 τῶν
1431 2897 1575 2948 θείων
1607 2895 1769 2970 ἑρμη-

165 2985 273 3054 νείᾳ
296 2991 528 3056 προσῆκε
557 2988 788 3056 Γραφῶν.

768 3095 1010 3143 ΚΕΦΑΛ.
1047 3090 1173 3146 KA'.

165 3200 322 3268 Περὶ
386 3203 500 3248 τοῦ
557 3200 980 3270 συγγραφέως
1031 3196 1300 3250 Ἰουλίου
1359 3197 1764 3270 Ἀφρικανοῦ,

399 3272 507 3319 καὶ
562 3277 682 3320 τῶν
743 3268 1271 3342 συγλραμμάτων
1321 3268 1539 3324 αὐτοῦ.

235 3382 530 3449 Συγχρονον
584 3371 644 3427 δε
697 3372 824 3428 εἶναι
880 3383 952 3445 τῷ
1001 3375 1250 3447 Ὠριγένει
1301 3380 1507 3428 καὶτὸν
1553 3377 1764 3430 Ἰούλιον

152 3464 476 3538 Ἀφρικανὸν
534 3465 559 3516 ὁ
610 3473 705 3526 τῆς
760 3467 990 3539 ἱστορίας
1053 3461 1252 3517 δίδωσι
1297 3464 1448 3537 λόγος
1478 3484 1491 3497 ο
1523 3472 1612 3518 καὶ
1664 3474 1763 3518 τῶν

155 3550 515 3606 σπουδαστῶν
563 3555 648 3606 ἕνα
694 3558 783 3606 καὶ
827 3553 982 3606 αὐτὸν
1010 3556 1250 3626 γενέσθαι
1279 3572 1291 3583 ·
1337 3556 1392 3615 ὃς
1433 3560 1763 3629 συγγραφεὺς

152 3643 408 3718 ἀκριϐοῦς
491 3651 590 3695 τῶν
637 3649 842 3717 χρόνων
918 3642 1217 3716 ἀναγραφῆς
1285 3642 1660 3716 ἐχρημάτισεν,
1713 3645 1760 3696 ἐν

153 3736 308 3784 πέντε
358 3727 742 3804 σπουδάσμασι
794 3739 962 3784 ταῦτα
1027 3731 1318 3784 καταλιπων
1357 3752 1368 3764 ο
1399 3735 1446 3784 ἐν
1497 3733 1574 3793 οἷς
1615 3735 1761 3785 ἱστο-

151 3829 238 3895 ρεῖ
290 3826 379 3873 καὶ
429 3823 564 3872 κατὰ
623 3823 827 3893 μακρὰν
883 3825 1059 3894 φήμην
1115 3828 1208 3873 τοῦ
1258 3820 1489 3894 Ἡρακλᾶ
1546 3826 1756 3894 πορείαν

151 3909 234 3962 ἐπ’
282 3905 646 3985 Ἀλεξανδρείᾳ
673 3910 999 3965 στείλασθαι.
1034 3909 1215 3970 Ὀὗτος
1270 3907 1348 3975 δὲ,
1383 3914 1471 3961 καὶ
1519 3917 1619 3962 τῶν
1647 3909 1752 3962 ἐπι-

148 4003 489 4073 γραφομένων
544 4008 740 4052 κεστῶν
796 3999 957 4071 λόγων
1019 4003 1348 4071 συγγραφεὺς
1399 4000 1488 4066 ὠν,
1543 4002 1754 4051 ἐπιστο-

145 4089 249 4147 λὴν
305 4085 602 4160 σχεδιάσας
648 4091 864 4161 ἔπεμπεν
921 4088 1174 4160 Ὠριγένει
1202 4105 1214 4118 °
1269 4093 1362 4146 τὴν
1401 4090 1536 4140 κατὰ
1581 4090 1755 4140 Σωσά-

145 4199 245 4230 ναν
301 4181 436 4231 κατὰ
486 4182 542 4230 τὸ
583 4174 772 4237 Δανιὴλ
821 4181 1052 4251 ἱστορίαν
1101 4181 1168 4238 ὡς
1215 4179 1275 4230 ἄν
1327 4180 1472 4230 νόθον
1503 4185 1599 4239 τῆς
1621 4185 1755 4250 Γρα-

148 4276 256 4340 φῆς
313 4270 678 4342 ἀποσειόμενος
756 4270 1097 4340 σύγγραμμα.
1160 4271 1296 4341 Πρὸς
1370 4269 1432 4326 ἢν
1486 4268 1755 4342 Ὠριγένης

148 4357 503 4430 ἀντιγράφων,
548 4355 786 4410 δείκνυσι
823 4363 894 4430 μὴ
950 4360 1095 4410 νόθον
1150 4359 1297 4422 εἶναι,
1353 4356 1478 4409 ἀλλά
1505 4363 1593 4410 καὶ
1623 4358 1754 4430 μᾶλ-

1889 1825 2318 1881 internuntium
2344 1827 2420 1882 ad
2465 1842 2604 1882 eum
2638 1826 2884 1890 miserit,
2929 1842 3034 1897 per
3075 1843 3256 1898 quem
3298 1843 3436 1882 eum
3469 1827 3548 1882 ad

1889 1929 1951 1969 se
1977 1914 2363 1970 ecclesiarum
2395 1931 2644 1971 suarum
2693 1913 3082 1970 emolumenti
3113 1931 3297 1970 causa
3335 1914 3548 1972 invita—

1887 2007 1993 2058 ret.
2030 2005 2316 2060 Caeterum
2358 2021 2496 2059 cum
2531 2004 2628 2059 ille
2658 2019 2968 2060 morarum
3023 2003 3281 2060 subinde
3329 2021 3546 2061 causas

1889 2097 2164 2163 necteret,
2196 2093 2321 2164 ipse
2353 2093 2412 2148 in
2441 2093 2712 2150 Iudaeam
2743 2093 3066 2164 profectus,
3097 2099 3278 2165 atque
3308 2094 3390 2150 ibi
3441 2095 3546 2150 ali-

1887 2182 2160 2255 quandiu
2199 2198 2337 2238 cum
2369 2182 2466 2238 illo
2505 2186 2777 2238 versatus
2810 2199 2822 2236 :
2865 2183 3109 2238 tandem
3143 2183 3330 2238 multo
3355 2199 3544 2256 quam

1888 2277 2065 2328 antea
2086 2272 2280 2327 fuerat
2301 2288 2608 2328 sacrarum
2644 2272 3000 2328 Litterarum
3018 2273 3261 2343 peritior
3287 2274 3364 2328 ad
3397 2290 3542 2329 suos

1885 2361 2074 2416 rediit.
2104 2360 2221 2416 Sed
2252 2365 2308 2416 et
2343 2361 2677 2416 Alexander
2701 2359 3255 2432 Hierosolymorum
3281 2366 3336 2416 et
3359 2362 3543 2418 Theo-

1885 2451 2091 2506 ctistus
2139 2449 2422 2505 Caesareae
2468 2449 2769 2506 Palestina
2808 2450 3073 2520 episcopi
3118 2466 3355 2521 semper
3416 2451 3533 2507 fere

1882 2541 1965 2596 ibi
2004 2556 2144 2595 cum
2183 2556 2252 2595 eo
2305 2544 2369 2595 ut
2408 2540 2714 2608 magistro,
2757 2539 2860 2610 qui
2901 2540 2962 2593 in
3011 2540 3194 2594 sacris
3246 2539 3536 2596 doctrinis

1882 2631 2078 2700 major
2121 2645 2309 2701 quam
2361 2629 2630 2683 humana
2669 2633 2886 2684 natura
2942 2627 3068 2694 fert,
3116 2634 3288 2694 esset,
3338 2629 3522 2696 fuere,

1882 2735 2126 2791 operam
2168 2719 2221 2773 ei
2255 2724 2547 2774 navantes
2589 2733 2602 2771 :
2651 2723 2708 2772 et
2746 2717 3087 2788 propalam,
3127 2734 3262 2790 quae
3309 2719 3399 2774 vel
3455 2720 3534 2776 ad

1880 2807 2346 2864 ecclesiasticam
2359 2806 2824 2871 doctrinam,vel
2840 2807 2916 2862 ad
2944 2823 3255 2863 sacrarum
3299 2809 3535 2864 Littera-

1878 2913 2013 2954 rum
2056 2897 2604 2969 interpretationem
2647 2895 3030 2967 pertinerent,
3091 2896 3144 2952 ei
3195 2897 3525 2954 conceden-

1878 2991 1988 3044 tes.

2505 3093 2728 3148 CAPUT
2769 3092 2904 3149 XXI.

1947 3201 2032 3255 De
2053 3200 2337 3270 scriptore
2365 3200 2522 3255 Julia
2537 3199 2850 3268 Africano,
2870 3199 3154 3270 librisque
3174 3199 3451 3270 ejusdem.

1947 3377 2168 3432 Eodem
2235 3380 2504 3448 tempore
2580 3392 2720 3432 cum
2772 3375 3022 3446 Origene
3072 3377 3250 3433 etiam
3306 3377 3524 3434 Julium

1875 3465 2223 3521 Africanum
2292 3465 2530 3528 vixisse,
2591 3464 2852 3520 historiae
2929 3463 3228 3524 tradunt:
3290 3465 3389 3535 qui
3471 3472 3527 3521 et

1874 3555 2030 3610 illius
2062 3554 2236 3610 fuerit
2266 3559 2540 3619 sectator,
2571 3561 2626 3608 et
2651 3553 2908 3622 diligens
2931 3553 3241 3608 annalium
3275 3554 3527 3625 scriptor

1872 3659 2026 3715 quos
2072 3643 2236 3698 libris
2263 3642 2529 3714 quinque
2557 3646 2643 3696 est
2669 3641 3036 3712 complexus.
3088 3642 3151 3696 In
3191 3643 3272 3697 eis
3320 3658 3521 3714 porro,

1873 3732 2093 3797 scribit,
2141 3748 2202 3787 se
2250 3731 2538 3802 praeclara
2585 3729 2749 3786 fama
2800 3729 3059 3786 Heracla:
3105 3731 3182 3802 (1)
3235 3732 3518 3801 excitum,

1870 3820 2300 3892 profectionem
2365 3819 2832 3875 Alexandrinam
2902 3819 3254 3890 suscepisse.
3305 3821 3523 3877 Africa-

1872 3925 1985 3964 nus
2018 3911 2123 3965 iste
2144 3908 2434 3964 librorum
2457 3923 2666 3963 eorum
2693 3907 3218 3979 quiinscribuntur
3241 3909 3393 3965 Cesti
3417 3910 3516 3980 (2),

1869 4004 2074 4055 auctor
2104 3997 2464 4069 perhibetur.
2492 3997 2657 4052 Dedit
2698 3997 2749 4052 is
2790 4012 3031 4068 quoque
3072 3997 3152 4052 ad
3203 3999 3517 4066 Origenem

1863 4087 2201 4160 epistolam,
2226 4088 2286 4142 in
2311 4102 2433 4158 qua
2462 4085 2776 4142 historiam
2806 4085 3117 4151 Susannae,
3152 4086 3328 4142 veluti
3353 4088 3521 4144 adul-

1861 4176 2128 4232 terinum
2181 4177 2488 4247 scriptum,
2537 4191 2608 4231 ex
2666 4175 2906 4231 Daniele
2954 4176 3161 4245 rejicit.
3201 4175 3286 4230 Ad
3332 4192 3514 4249 quem

1861 4267 2202 4322 'rescribens
2256 4265 2555 4335 Origenes,
2608 4280 2742 4320 eam
2791 4280 2913 4320 non
2970 4264 3364 4335 illegitimam,
3409 4267 3516 4321 sed

1868 4368 2220 4422 germanam
2264 4355 2466 4424 potius
2524 4369 2653 4408 esse
2700 4354 3088 4423 Scripturam,
3115 4370 3250 4426 quae
3294 4353 3515 4411 scilicet

143 4446 238 4499 λον
289 4452 507 4518 γνήσιον
565 4456 625 4519 τῇ
688 4454 885 4520 Γραφῇ,
953 4452 1041 4499 καὶ
1103 4447 1461 4521 πληρεστάτην
1513 4467 1756 4520 πραγμα-

1880 4443 2197 4515 plurimum
2228 4441 2436 4498 afferat
2463 4441 2747 4508 utilitatis,
2774 4441 3049 4497 ostendit.
3093 4442 3515 4498 Circumfertur

144 4540 420 4608 τευόμενον
465 4535 803 4589 λυσιτέλειαν.
871 4542 971 4589 Καὶ
1027 4539 1155 4609 πρὸς
1213 4533 1549 4607 Ἀριστείδην
1597 4536 1754 4595 οῖλλην

143 4624 399 4685 ἐπιστολὴ
459 4629 662 4697 φέρεται
712 4633 803 4678 τοῦ
869 4625 1178 4698 Ἀφρικανοῦ
1236 4629 1354 4696 περὶ
1409 4634 1505 4686 τῆς
1566 4622 1751 4677 δοκού-

145 4735 252 4777 σης
281 4718 392 4786 μὲν,
439 4718 636 4772 ἣκιστα
665 4711 724 4768 δὲ
779 4717 944 4776 οὔσης
1000 4712 1284 4786 διαφωνίας
1326 4713 1372 4764 ἐν
1421 4721 1482 4786 τῇ
1523 4715 1754 4785 γενεαλο-

138 4810 242 4877 γίᾳ
271 4811 506 4876 Χριστοῦ
536 4806 678 4878 παρὰ
716 4812 786 4875 τῷ
819 4805 1069 4875 Ματθαίῳ
1116 4823 1170 4855 τε
1209 4808 1293 4854 καὶ
1341 4809 1523 4873 Λουκᾷ
1555 4819 1572 4834 ·
1631 4803 1678 4855 ἐν

142 4891 420 4947 δείκνυσιν
469 4895 523 4946 ἐκ
578 4914 715 4956 τινος
745 4895 978 4965 ἱστορίας
1032 4893 1101 4954 εἰς
1155 4893 1308 4944 αὑτὸν
1359 4893 1546 4943 ἄνωθεν
1576 4892 1750 4945 κατελ-

143 4985 351 5043 θούσης
414 4990 700 5055 συμφωνεῖν
768 4989 857 5034 τοῦ
914 4981 1284 5053 εὐαγγελιστάς
1338 4981 1547 5052 μᾶλλον,
1621 4979 1749 5032 ἀλλά

137 5077 216 5146 μὴ
282 5068 578 5143 διαφωνεῖν.
635 5071 729 5124 “HV
787 5070 834 5123 ἐν
881 5078 941 5143 τῇ
998 5073 1129 5143 μετὰ
1180 5077 1368 5143 χεῖρας
1421 5075 1748 5142 πραγματείᾳ

139 5163 193 5215 ἐν
238 5169 316 5232 τῷ
361 5166 549 5235 πρώτῳ
595 5165 733 5232 τόμῳ
775 5165 1145 5234 προσηκόντως
1194 5158 1466 5220 κατέταξα.
1516 5163 1741 5217 Τοιαύτη

137 5254 236 5324 μὲν
310 5248 439 5313 δόξα
488 5252 631 5323 παρὰ
676 5255 809 5302 πᾶσι
864 5257 935 5320 τῷ
974 5249 1224 5321 Ὠριγένει
1257 5264 1271 5277 °
1322 5251 1452 5305 αὕτη
1495 5255 1584 5308 τῆς
1627 5253 1745 5320 περὶ

138 5361 212 5394 τα
268 5342 382 5416 ἱερὰ
425 5342 716 5413 μαθήματα
745 5338 883 5409 αὐτῷ
938 5341 967 5396 ὴ
1003 5333 1209 5396 σπόυδή
1239 5355 1256 5371 ⁶
1311 5336 1474 5398 οὓτως
1498 5338 1597 5389 ὑπὸ
1644 5345 1746 5388 τῶν

220 5510 304 5649 Ϋζ
328 5510 499 5566 Forte
518 5509 615 5564 hic
652 5523 763 5580 pro
787 5507 1046 5590 Heraclea
1071 5507 1393 5590 legendum
1436 5506 1726 5587 Origenis.

247 5585 282 5636 2
335 5581 415 5638 De
454 5580 764 5637 Gestorum
794 5580 964 5637 libris
999 5579 1212 5637 Surdas
1235 5579 1297 5636 in
1323 5578 1580 5636 dictione
1603 5578 1725 5649 Ἀφρ

1867 4539 1921 4587 et
1951 4533 2068 4588 alia
2097 4531 2352 4586 Africani
2393 4531 2471 4585 ad
2509 4531 2825 4586 Aristidem
2851 4531 3122 4602 epistola,
3157 4531 3230 4586 de
3277 4547 3348 4587 ea
3382 4548 3512 4602 quae

1867 4621 2095 4677 videtur
2124 4637 2272 4688 esse,
2305 4637 2442 4675 cum
2476 4636 2596 4675 non
2623 4621 2713 4684 sit,
2731 4619 3103 4676 dissonantia
3128 4620 3499 4689 genealogis:

1865 4708 2073 4766 Christi
2111 4709 2275 4781 apud
2303 4709 2472 4780 371
2510 4708 2850 4764 Matthaeum
2879 4714 2934 4764 et
2960 4709 3219 4764 Lucam:
3264 4710 3325 4763 in
3364 4724 3507 4780 qua,

1862 4819 1933 4858 ex
1963 4800 2211 4856 historia
2246 4799 2536 4870 quadam,
2580 4813 2766 4869 quam
2789 4813 2824 4853 a
2845 4797 3142 4852 veteribus
3173 4803 3504 4869 acceperat,

1860 4889 2254 4959 evangelistas
2284 4888 2472 4956 magis
2511 4888 2662 4941 inter
2691 4903 2752 4942 se
2791 4888 3146 4952 consentire,
3176 4903 3361 4958 quam
3394 4887 3508 4942 dis-

1860 4979 2202 5034 sonantiam
2241 4975 2508 5046 aliquam
2569 4976 2732 5046 apud
2779 4991 2881 5030 eos
2938 4991 3066 5030 esse
3097 4976 3332 5048 probat.
3364 4978 3508 5031 Eam

1857 5068 2147 5124 volumini
2185 5065 2324 5120 huic
2363 5071 2593 5133 nostro,
2641 5065 2774 5120 loco
2811 5080 2938 5130 suo,
2973 5065 3032 5120 in
3086 5066 3282 5136 primo
3341 5069 3507 5120 tomo

1857 5157 2236 5214 inseruimus.
2277 5160 2465 5226 Atque
2521 5155 2646 5209 haec
2683 5154 2929 5225 quidem
2997 5153 3268 5223 Origenis
3315 5153 3506 5225 gloria

1856 5248 2020 5319 apud
2051 5261 2263 5302 omnes
2308 5243 2435 5310 fuit,
2492 5244 2604 5300 hoc
2643 5244 2830 5316 ipsius
2862 5245 2922 5299 in
2945 5243 3127 5300 sacris
3177 5242 3506 5314 disciplinis

1855 5337 2122 5393 studium
2150 5351 2162 5387 :
2188 5336 2248 5390 in
2283 5335 2398 5390 hac
2435 5349 2678 5406 quoque
2716 5334 3140 5406 episcoporum
3164 5333 3273 5390 fuit
3314 5332 3505 5391 admi-

335 5581 415 5638 De
454 5578 764 5637 Gestorum
794 5580 964 5637 libris
999 5578 1212 5637 Suidas
1235 5579 1297 5636 in
1323 5578 1580 5636 dictione
1603 5578 1926 5652 Ἀφρικανός.
