4036 6288
567 263 697 318 1111

563 478 831 546 Quantus
848 487 1047 536 autem
1073 482 1295 538 eisdem
1316 482 1703 549 fueritardor,
1735 485 1946 537 contra
1973 494 2076 535 eos
2101 477 2205 551 qui

560 583 845 639 perversa
872 575 928 625 et
964 571 1282 641 peregrina
1320 571 1684 628 induxerunt
1702 570 2014 642 dogmata,
2039 568 2201 625 dein-

563 672 706 730 ceps
744 659 1056 716 ostendere
1077 676 1419 733 pergemus.

1186 804 1407 861 CAPUT
1433 804 1593 861 XXII.

837 910 924 966 De
948 911 1173 981 Berylli
1199 927 1399 969 errore
1428 921 1484 969 et
1512 912 1937 983 resipiscentia.

639 1051 925 1123 Beryllus,
947 1069 1127 1126 quem
1150 1054 1330 1126 paulo
1354 1060 1489 1113 ante
1511 1057 1968 1113 Bostrensemin
1990 1056 2211 1113 Arabia

564 1139 827 1196 diximus
864 1142 1045 1198 fuisse
1074 1144 1450 1216 episcopum,
1481 1162 1670 1202 novas
1690 1148 2009 1219 quasdam,
2044 1153 2100 1202 et
2130 1145 2209 1201 ab

564 1229 967 1287 ecclesiastico
988 1248 1219 1289 canone
1245 1234 1472 1291 alienas
1489 1235 1731 1306 protulit
1748 1237 2084 1308 opiniones.
2110 1241 2212 1292 As-

564 1320 1021 1393 seruitnamque
1044 1323 1643 1381 Dominumnostrum
1672 1328 1872 1381 Iesum
1913 1326 2211 1381 Christum

564 1424 686 1464 non
700 1411 859 1479 prius
872 1411 1160 1483 propriam
1173 1413 1441 1469 essenties
1454 1414 1888 1472 subsistentiam
1904 1415 2209 1482 habuisse,

564 1514 752 1570 quam
774 1499 850 1554 ad
882 1516 993 1555 nos
1028 1503 1248 1558 venerit
1278 1518 1289 1557 :
1324 1519 1518 1575 neque
1544 1505 1852 1576 propriam
1880 1505 2213 1561 obtinuisse

566 1586 957 1654 divinitatem,
979 1588 1170 1646 solam
1201 1595 1401 1647 autem
1418 1598 1732 1663 paternam
1761 1593 2213 1650 subsistentiam

568 1680 625 1730 et
651 1676 938 1732 Deitatem
969 1679 1029 1733 in
1061 1695 1131 1734 eo
1170 1680 1333 1751 apud
1356 1696 1465 1736 nos
1490 1688 1767 1737 versante
1789 1683 2102 1739 exstitisse.
2136 1686 2215 1739 De

1881 261 2272 321 NICEPHORI
2312 260 2637 319 CALLISTI
3733 271 3820 323 illi

563 389 810 455 ratione,
843 390 1063 462 quibus
1092 392 1322 449 eisdem
1354 393 1533 449 etiam
1558 408 1707 448 usus
1740 394 1827 448 est
1869 389 2201 463 discipulis.

2329 392 2611 443 ἐπισκόπων
2655 384 2751 441 διὰ
2804 389 3069 461 θαύματος
3119 385 3181 447 ἦν
3234 403 3249 417 ⁸

3287 391 3375 442 καὶ
3426 393 3659 454 τοιούτοις
3701 394 3821 466 ἔχρη-

2319 499 2449 532 σατο
2517 474 2902 540 σπουδασταίς.
2957 478 3143 531 Ὀποία
3183 473 3241 530 δὲ
3272 478 3409 550 αύτῷ
3455 481 3482 537 ἠ
3527 482 3737 556 θερμότης
3760 492 3821 534 ιιι

2317 573 2446 644 πρὸς
2493 577 2616 632 τοὺς
2660 567 3012 643 ένδιάστροφα
3061 572 3151 620 καὶ
3201 567 3372 621 ὀθνεῖα
3418 569 3691 642 εἰσάγοντας
3736 567 3824 643 δόγ-

2320 680 2480 733 ματα,
2505 661 2727 717 ἐντεῦθεν
2757 657 2825 719 δή
2859 666 3036 731 σαφῶς
3060 664 3396 731 γνωριοῦμεν.

2926 766 3171 820 ΚΕΦΑΛ.
3204 763 3321 819 ΚΠ.

2324 880 2477 950 Περὶ
2556 873 2665 938 τῆς
2738 872 3567 951 Βηρύλλλουμπαρρατροπῆς
3648 891 3701 926 τε
3765 880 3844 926 καὶ

2884 942 3298 1018 διοορθώσέω
3319 963 3358 1006 ς.

2394 1055 2675 1128 Βήρυλλος,
2702 1058 2754 1107 ὃν
2783 1056 2967 1127 μικρὸν
3014 1052 3237 1127 πρόσθεν
3280 1054 3514 1124 Βόστρων
3550 1059 3637 1112 τῆς
3668 1050 3848 1125 Ἀράϐων

2323 1147 2603 1198 ἓπίσκοπον
2648 1147 3019 1218 ἱστορήσαμεν,
3072 1140 3187 1203 ξένα
3244 1143 3361 1193 τινά
3404 1144 3492 1193 καὶ
3551 1139 3771 1194 ἀλλόκοτα
3800 1150 3848 1211 τῷ

2323 1234 2743 1304 έκκλησιαστικῷ
2794 1235 2969 1284 κανόνι
3046 1226 3287 1302 δόγματα
3333 1228 3549 1301 εἰσάγων
3602 1238 3846 1304 προσῆγεν

2323 1324 2460 1396 ἔλεγε
2515 1328 2605 1376 καὶ
2662 1325 2764 1396 γὰρ
2825 1326 2913 1374 τὸν
2968 1322 3158 1395 Κύριον
3207 1320 3351 1391 ἡμῶν
3418 1319 3615 1377 Ἰησοῦν
3678 1323 3847 1391 Χριστὸν

2322 1419 2393 1486 μή
2451 1434 2567 1466 τινα
2615 1413 2902 1466 ύπόστατιν
2961 1410 3147 1472 οὐσίας
3188 1405 3327 1461 ἰδίαν
3389 1412 3679 1475 κεκτῆσθαι,
3735 1414 3845 1479 πρινὲ

2322 1510 2431 1565 τοῖς
2478 1504 2595 1555 καθ’
2649 1505 2788 1574 ἡμᾶς
2843 1497 3121 1572 ἐνδημεῖν
3183 1497 3293 1550 ἀλλ’
3333 1494 3454 1551 οῦδὲ
3496 1500 3698 1559 θεότήτα
3746 1494 3849 1549 ἰδίαν

2324 1596 2464 1665 ἔχειν
2494 1613 2505 1625 ·
2552 1597 2713 1665 μόνην
2745 1588 2803 1644 δὲ
2859 1593 3122 1664 [ἰατρικήν
3176 1590 3465 1640 ὑπόστασιν
3495 1594 3581 1642 καὶ
3623 1590 3851 1645 θεότηταίν

2324 1685 2490 1753 τούτῳ
2533 1678 2943 1753 ἐπιδημήσασαν
2982 1678 3414 1733 πολιτεύσασθαι.
3460 1679 3574 1731 Ἐπὶ
3620 1675 3680 1736 δή
3730 1677 3851 1748 τούτῳ

570 1781 729 1822 novo
758 1767 873 1822 hoc
899 1773 954 1823 et
982 1745 1246 1839 maligno
1273 1769 1575 1840 dogmate,
1605 1771 1776 1827 multi
1802 1788 1940 1828 cum
1970 1773 2216 1829 homine

2329 1779 2398 1842 τῷ
2446 1773 2693 1829 κακοήθει
2749 1775 2839 1822 καὶ
2898 1772 3058 1839 καίνῷ
3122 1765 3356 1838 δόγματι
3426 1768 3598 1822 πολλοί
3783 1778 3853 1820 τῶν

571 1853 955 1911 ecclesiarum
986 1858 1269 1913 antistites
1294 1874 1400 1930 per
1430 1859 1864 1930 disputationes
1884 1862 2214 1931 congressi,

570 1949 834 2000 avertere
855 1945 933 2001 ab
957 1961 1027 2001 eo
1051 1951 1174 2002 tam
1197 1948 1446 2019 impiam
1473 1950 1825 2005 sententiam
1841 1953 2215 2009 suntconati.

570 2033 789 2088 Verum
836 2034 931 2091 ille
971 2050 1156 2107 quam
1202 2037 1385 2093 semel
1417 2039 1806 2110 concepisset,
1839 2040 2218 2111 pertinaciter

571 2122 809 2177 retinuit
848 2124 1216 2194 opinionem.
1259 2130 1655 2199 Posteaquam
1690 2135 1891 2185 autem
1939 2146 1975 2186 a
2014 2130 2216 2186 multis

572 2211 880 2275 excitatus,
922 2214 1001 2269 ad
1040 2229 1178 2270 eum
1217 2214 1583 2273 clarissimus
1622 2218 2214 2289 pervenitOrigenes,

570 2299 834 2371 primum
848 2317 1123 2359 sermone
1140 2320 1278 2360 cum
1293 2321 1363 2362 eo
1384 2306 1620 2372 collato,
1650 2324 1930 2381 quaenam
1948 2309 2214 2375 haberet,

572 2404 784 2460 quaeve
813 2390 1051 2447 doceret
1088 2393 1394 2463 dogmata,
1425 2394 1503 2451 ab
1534 2412 1605 2451 eo
1644 2397 1939 2469 quassivit.
1970 2400 2039 2454 Ut
2080 2413 2218 2455 vero

572 2493 699 2533 rem
738 2494 982 2536 omnem
1008 2482 1149 2538 satis
1171 2484 1473 2552 cognovit,
1496 2484 1681 2540 ﬁrmis
1713 2494 1891 2556 atque
1910 2487 2220 2557 irrefraga-

573 2566 793 2623 bilibus
807 2572 1176 2638 argumentis
1206 2588 1344 2628 eum
1360 2588 1482 2629 non
1500 2579 1653 2630 recte
1680 2576 1895 2631 sentire
1922 2576 2178 2632 convicit
2203 2592 2216 2631 :

574 2656 739 2712 etvix
754 2658 997 2714 tandem
1014 2660 1626 2718 demonstrationibus
1647 2665 1819 2720 certis
1834 2680 2219 2737 persuasum,

577 2747 801 2801 sensim
841 2753 897 2802 et
924 2747 1269 2805 humaniter
1298 2767 1435 2806 cum
1467 2767 1537 2807 eo
1576 2767 1780 2822 agens,
1815 2754 1895 2809 ad
1926 2755 2222 2810 sinceram

577 2835 845 2891 veritatis
865 2836 1100 2894 reduxit
1134 2838 1488 2907 doctrinam,
1523 2842 1960 2915 pristinumque
1986 2844 2039 2899 ei
2058 2859 2222 2900 sanas

578 2924 883 2980 sententiae
926 2928 1176 2983 restituit
1229 2928 1523 2985 habitum.
1566 2932 1948 2989 Monumenta
2006 2933 2222 3005 synodi

578 3014 999 3085 episcoporum
1031 3023 1269 3088 propter
1303 3018 1595 3092 Beryllum
1616 3026 1855 3085 coactas,
1876 3021 2057 3094 longo
2082 3029 2223 3079 tem-

578 3117 723 3173 pore
754 3110 892 3159 sunt
942 3112 1265 3172 asservata,
1310 3124 1447 3180 quae
1484 3109 1675 3181 ipsius
1727 3116 1906 3184 atque
1953 3111 2223 3183 Origenis
2254 3103 2294 3161 C

578 3192 942 3262 quaestiones
982 3194 1159 3249 simul
1188 3200 1244 3251 et
1275 3196 1600 3254 solutiones
1644 3199 1853 3255 ordine
1898 3202 2221 3258 continent.

580 3282 713 3336 Haec
742 3282 816 3337 de
837 3281 1047 3354 Berylli
1078 3285 1510 3356 resipiscentia.

1077 3390 1187 3462 37
1202 3392 1253 3462 2
1289 3392 1516 3449 CAPUT
1543 3394 1727 3450 XXIII.

581 3495 664 3553 De
684 3495 895 3553 haeresi
912 3498 975 3553 in
992 3500 1221 3575 Arabia
1247 3507 1457 3557 exorta
1481 3516 1681 3558 eorum
1698 3503 1802 3575 qui
1814 3504 2046 3561 animas
2066 3520 2225 3562 mor-

1058 3572 1204 3628 tales
1235 3588 1357 3630 esse
1385 3572 1745 3631 asseverant.

653 3676 1144 3748 Quatempestate
1156 3679 1515 3753 aliiquoque
1542 3681 1601 3737 in
1622 3682 1839 3739 Arabia
1854 3685 2223 3754 exstiterunt,

580 3767 682 3836 qui
723 3765 1070 3823 adulterinis
1092 3768 1480 3840 opinionibus
1520 3772 1845 3828 Ecclesiam
1885 3775 2222 3841 turbarunt,

580 3854 849 3910 animam
886 3856 1148 3912 hominis
1178 3859 1372 3929 ipsam
1400 3875 1521 3917 una
1544 3877 1683 3916 cum
1712 3877 1962 3933 corpore
1989 3864 2048 3918 in
2074 3880 2229 3935 pra;-

584 3944 774 3999 sentia
788 3946 939 4000 mori
968 3952 1147 4019 atque
1175 3948 1429 4015 interire,
1462 3954 1518 4005 et
1551 3950 1880 4023 aliquando
1903 3953 2143 4009 tandem
2164 3954 2223 4009 in

581 4035 1011 4091 resurrectione
1050 4035 1249 4093 futura
1297 4054 1418 4094 una
1447 4054 1585 4095 cum
1630 4055 1880 4112 corpore
1916 4057 2026 4097 suo
2078 4044 2227 4099 revi-

582 4126 812 4177 cturam
844 4139 993 4192 esse,
1020 4141 1089 4180 ac
1118 4128 1193 4181 de
1223 4131 1436 4183 caetero
1463 4127 2064 4186 adimmortalitatem
2089 4147 2228 4188 con-

585 4216 890 4267 servatum
907 4212 975 4268 iri
991 4213 1367 4271 arbitrantes.
1400 4219 1530 4272 Haec
1549 4233 1687 4273 cum
1711 4218 1791 4274 illi
1805 4219 1891 4275 sic
1909 4235 2014 4291 per
2037 4221 2227 4278 inani-

582 4299 951 4373 loquentiam
960 4303 1615 4374 jactarent,conventus
1639 4307 2062 4382 episcoporum
2090 4316 2229 4369 sunt

584 4391 726 4450 acti:
748 4391 809 4447 in
826 4393 1071 4465 quibus,
1090 4411 1226 4451 cum
1238 4396 1470 4452 efﬁcere
1485 4396 1630 4453 nihil
1651 4404 1915 4469 possent,
1946 4401 2228 4470 Origenes

582 4485 671 4536 est
723 4487 1027 4539 evocatus.
1075 4484 1265 4556 Atque
1302 4484 1396 4541 ille
1434 4486 1599 4542 nulla
1660 4488 2012 4560 interposita
2057 4506 2228 4548 mora

581 4569 773 4626 affuit.
805 4574 870 4627 Et
894 4571 1089 4628 verbis
1127 4574 1265 4629 hinc
1303 4579 1359 4629 et
1388 4574 1524 4631 inde
1557 4577 1744 4643 factis,
1777 4579 2229 4652 quaastioneque

582 4661 643 4716 in
676 4661 940 4717 medium
962 4662 1384 4734 proposita,ita
1399 4664 1481 4720 ibi
1495 4665 1581 4720 vir
1604 4665 1697 4721 ille
1711 4666 2013 4733 disseruit,
2038 4684 2227 4741 eaque

581 4766 654 4807 ex
706 4751 1020 4823 Scripturis
1060 4752 1119 4807 in
1150 4768 1443 4810 consessu
1481 4754 1579 4810 illo
1613 4754 1804 4812 attulit
1846 4764 2223 4826 argumenta,

580 4845 645 4895 ut
674 4839 998 4897 adversarii
1027 4841 1243 4897 deinde
1273 4843 1440 4914 quod
1470 4849 1677 4900 contra
1714 4844 2070 4917 proferrent,
2104 4863 2227 4904 non

580 4929 891 4985 haberent.
928 4934 1131 5002 itaque
1182 4930 1383 4987 statim
1424 4932 1500 4987 ita
1555 4937 1693 4989 sunt
1744 4934 2037 5000 conversi,
2074 4942 2133 4992 ut
2165 4952 2227 4992 se

580 5018 747 5089 ipsos
776 5020 992 5075 erroris
1027 5019 1522 5087 condemnarent,
1559 5037 1893 5095 pcenasque
1925 5039 1961 5079 a
2000 5040 2062 5080 se
2110 5024 2226 5097 ipsi

582 5107 901 5178 exigerent.

1185 5288 1408 5345 CAPUT
1436 5290 1614 5346 XXIV.

969 5379 1053 5435 De
1091 5378 1300 5436 haeresi
1322 5380 1821 5436 Helcesaitarum.

656 5486 788 5540 Post
834 5485 946 5541 has
988 5485 1105 5541 alia
1136 5484 1249 5541 illis
1289 5485 1466 5556 longe
1506 5488 1915 5558 perniciosior,
1953 5488 2229 5545 Helcesae

586 5572 853 5643 quodam
881 5578 1145 5645 auctore,
1177 5579 1383 5631 exorta
1405 5580 1498 5631 est
1513 5575 1753 5633 hmresis
1782 5594 1794 5632 :
1815 5594 1949 5650 quas
1966 5579 2130 5650 prius
2143 5582 2231 5635 eat

2328 1860 2612 1919 ἐκκλησιῶν
2688 1862 2923 1932 ποιμένες
2989 1853 3267 1927 διαλόγους
3356 1854 3526 1930 ἐκείνῳ
3600 1863 3853 1933 ποιούμενοι,

2329 1950 2634 2023 ἀποτρέπειν
2682 1957 2772 2010 τῆς
2824 1946 3117 2008 δυσσεϐοῦς
3173 1944 3404 2007 ἐπινοίας
3470 1946 3794 2010 ἐσπούδαζον·
3838 1950 3855 1999 ὁ

2330 2037 2390 2093 δε
2440 2048 2540 2092 τῶν
2590 2037 2835 2101 καθάπαξ
2884 2034 3204 2108 δεδογμένων
3249 2034 3437 2087 οὔκουν
3478 2035 3714 2099 ἐξίστατο.
3758 2040 3854 2092 Ἐπιὶ

2330 2127 2389 2183 δὲ
2442 2130 2587 2203 παρά
2631 2127 2827 2180 πολλῶν
2891 2125 3245 2199 παρακληθεὶς
3296 2124 3391 2182 ἧκε
3442 2130 3531 2179 καὶ
3560 2129 3583 2179 ό
3617 2128 3855 2199 περιϐόητος

2329 2220 2537 2271 ούτοσὶν
2587 2220 2878 2290 Ὠριγίνης,
2962 2224 3145 2283 πρῶτα
3210 2218 3302 2283 μὲν
3369 2214 3447 2276 εἰς
3520 2214 3685 2287 λόγους
3735 2216 3855 2285 intra

2331 2311 2488 2371 ἦκων,
2544 2312 2657 2359 τίνα
2710 2313 2826 2358 νοῦν
2882 2308 3001 2377 ἔχοι
3048 2307 3138 2359 καὶ
3194 2312 3312 2359 τίνα
3365 2303 3508 2376 λέγοι
3568 2304 3853 2379 ἀπεπεῖρᾱτο·

2330 2399 2397 2456 ὡς
2442 2391 2501 2448 δε
2551 2395 2845 2467 καταμάθοι
2890 2402 3061 2467 σαφῶς
3114 2394 3269 2460 ἅπαν,
3310 2394 3486 2464 λόγοις
3542 2393 3855 2468 ἀναντιρῥήτοις

2330 2489 2401 2558 μὴ
2456 2484 2586 2558 ὀρθὰ
2636 2491 2920 2557 φρονοῦντα
2971 2480 3244 2558 διήλεγχε.
3273 2482 3443 2546 Μόλις
3484 2479 3540 2536 δι
3582 2488 3736 2545 πείσας
3779 2489 3855 2542 ταῖς

2334 2570 2590 2648 σφοδραῖς
2664 2572 2967 2637 ἀποδείξεσι
3050 2582 3123 2645 τῷ
3184 2574 3465 2648 ἀκραιφνεῖ
3525 2580 3730 2645 προσῆγε
3790 2578 3854 2630 τῆς

2334 2662 2574 2726 ἀληθείας
2638 2659 2867 2735 δόγματι
2900 2679 2913 2691 ·
2970 2662 3139 2738 ήρίμα
3176 2682 3230 2715 τε
3290 2667 3382 2714 καὶ
3450 2662 3612 2725 ἠπίως
3662 2680 3853 2736 προσανι-

2332 2758 2601 2825 κτὼμενος,
2664 2751 2747 2804 ἐπὶ
2812 2756 2905 2810 τήν
2965 2756 3217 2826 προτέραν
3278 2751 3379 2814 ἕξιν
3453 2757 3709 2823 μετήγαγεν
3754 2751 3849 2819 ύγιιὶ,

2332 2850 2433 2903 Τῆς
2474 2838 2533 2894 δε
2576 2838 2669 2894 διὰ
2725 2840 2981 2916 Βήρυλλον
3043 2841 3424 2915 ἀθροισθείσης
3484 2850 3579 2894 τῶν
3640 2840 3847 2893 ἐπισκόπων

2336 2927 2561 2984 συνόδου
2608 2931 2674 2983 τά
2721 2932 3071 3003 ὑπομνήματα
3133 2936 3307 3004 χρόνῳ
3370 2928 3547 3002 πολλῷ
3601 2927 3834 2991 διεσώζοντο,

2334 3020 2494 3073 αὐτοῦ
2546 3020 2589 3073 τ’
2663 3019 2854 3073 ἐκείνου
2912 3024 3002 3073 καὶ
3054 3019 3352 3096 Ὠριγένους
3414 3023 3512 3084 τὰς
3575 3039 3624 3073 τε
3678 3021 3828 3081 ζητήσεις

2333 3114 2525 3164 ἓκείνου
2613 3115 2702 3163 καὶ
2777 3112 2866 3171 τάς
2940 3109 3111 3171 λύσεις
3194 3110 3345 3172 αὖθις
3454 3112 3636 3163 τούτου
3692 3110 3828 3177 καιρίως

2333 3200 2626 3272 ἐπάγοντος.
2703 3204 2803 3254 Καὶ
2863 3201 2930 3252 τὰ
2985 3202 3077 3272 μεν
3138 3201 3273 3253 κατά
3360 3200 3623 3276 Βήρυλλον
3670 3195 3756 3255 Em
3801 3191 3835 3243 ἰν

2333 3292 2560 3351 τούτοις.

2932 3397 3179 3451 ΚΕΦΑΛ.
3226 3394 3345 3452 ΚΓ.

2335 3507 2486 3580 Περὶ
2544 3511 2653 3565 τῆς
2705 3502 2763 3555 ἓν
2822 3502 3093 3580 ’Δραϐίᾳ
3150 3501 3585 3580 ίιπιφυνείσης
3630 3502 3859 3574 αἱρέσεως

2782 3573 2904 3628 τῶν
2957 3573 3489 3647 θνητοψυχιτῶν.

2405 3684 2550 3736 Κᾶτά
2598 3679 2656 3735 δε
2702 3685 2791 3735 τόν
2831 3681 2985 3734 αὐτὸν
3041 3685 3230 3755 χρόνον
3287 3686 3378 3733 καὶ
3433 3681 3579 3734 ἄλλοι
3619 3677 3677 3735 δή
3708 3671 3860 3735 τινιςὶν

2334 3771 2540 3845 Αραϐίᾳ
2624 3771 2944 3844 ἐπιφύονται,
3025 3772 3192 3832 νόθοις
3252 3767 3497 3843 δόγμασι
3555 3774 3641 3827 τήν
3703 3762 3863 3819 Ἐκκλη-

2336 3868 2449 3916 σίαν
2497 3863 2829 3936 ταράττοντες
2862 3878 2875 3891 ·
2926 3859 2975 3913 οἱ
3028 3856 3095 3918 δή
3131 3860 3438 3932 εἰσηγοῦντο
3485 3865 3576 3919 τήν
3614 3858 3863 3932 ἀνθρωπίνετ

2332 3952 2519 4024 ψυχὴν
2560 3953 2767 4023 σύναμα
2818 3946 2888 4022 τῷ
2949 3954 3175 4022 σώματι,
3225 3954 3315 4002 καὶ
3367 3949 3537 4008 αὐτήν
3587 3950 3701 4023 πρὸς
3731 3947 3776 3995 τὸ
3799 3959 3865 3990 πα·

2333 4044 2422 4116 ρόν
2489 4042 2855 4106 ἀποθνήσκειν,
2918 4044 3006 4091 καὶ
3056 4043 3150 4091 σῦν
3216 4039 3392 4110 ἐκείνῳ
3452 4037 3749 4112 ὑφίστασθαι
3803 4034 3865 4085 τήν

2336 4132 2528 4205 φθοράν
2562 4147 2573 4159 ·
2636 4128 2729 4201 ὀψε
2797 4125 2856 4181 δέ
2911 4147 3035 4181 ποτε
3100 4135 3199 4190 τῆς
3264 4126 3599 4189 ἀναστάσεως
3662 4122 3863 4194 ἐσομένης.

2335 4218 2695 4284 ἀναϐιώσκειν,
2749 4214 2897 4278 αὖθις
2940 4216 3183 4278 κάκείνας
3235 4220 3326 4269 σὺν
3365 4223 3478 4279 τοῖς
3533 4218 3762 4288 σφετέροις
3798 4214 3865 4259 σεδ·

2336 4328 2490 4382 μασι,
2532 4313 2622 4360 καὶ
2673 4314 2763 4360 τοῦ
2814 4306 2997 4360 λοιποῦ
3062 4305 3107 4367 ές
3174 4306 3473 4380 ἀφθαρσίαν
3550 4297 3863 4373 διατηρεῐσθιιί.

2335 4405 2565 4451 Τοιαῦτα
2614 4399 2808 4449 τούτων
2877 4394 3297 4468 κενολογούντων,
3367 4390 3587 4448 σύνοδοι
3643 4390 3863 4444 ἐπισκόπων

2262 4462 2306 4518 D
2339 4494 2756 4560 συνεκροτοῦντο.
2822 4485 2908 4547 Ὠς
2966 4482 3026 4537 δέ
3090 4505 3140 4537 τι
3202 4486 3447 4558 πράττειν
3510 4486 3695 4543 ἣκιστα
3747 4472 3857 4570 (ila?

2340 4581 2421 4629 τόν
2502 4578 2771 4650 Ὠριγίνην
2844 4580 2933 4627 καὶ
3015 4575 3166 4627 αὐτοὶ
3222 4573 3649 4647 μετεστέλλοντο·
3706 4571 3771 4619 καὶ
3824 4578 3857 4616 ος

2336 4672 2505 4741 παρῆν
2563 4661 2714 4717 οὐδὲν
2762 4660 3022 4724 ἀναδυείς.
3084 4666 3263 4734 Λόγων
3327 4658 3377 4714 δ’
3441 4659 3733 4735 ἑκατέρωθεν
3766 4666 3853 4752 ll‘W

2338 4757 2519 4808 θέντων
2580 4752 2635 4805 ἐκ
2682 4761 2834 4824 κοινῷ
2888 4759 2979 4804 τοῦ
3031 4755 3364 4827 προκειμένου
3424 4750 3729 4821 ζητήματος,

2335 4843 2684 4915 φιλοσοφῆσαι
2725 4845 2811 4894 τόν
2869 4837 3057 4913 ἄνδρα,
3113 4844 3202 4892 καὶ
3270 4846 3491 4892 τοιαῦτα
3546 4838 3616 4907 τῷ
3679 4837 3862 4898 συνεδρίῳ

2334 4939 2656 5006 παραγαγεῖν
2705 4930 2760 4983 ἐκ
2807 4937 3041 5004 Γραφῶν,
3110 4931 3175 4990 ὡς
3240 4933 3359 4991 τοὺς
3415 4924 3491 4980 δι’
3552 4925 3755 4981 ἑναντίας
3801 4932 3866 5006 Pf‘

2338 5003 2423 5075 tibi
2475 5024 2694 5094 ἔχοντας
2737 5027 2827 5073 τοῦ
2882 5020 3064 5073 λοιποῦ
3115 5017 3409 5091 ἀντιλέγειν,
3483 5015 3663 5070 θᾶττον

2337 5112 2585 5178 ϐλῆσθαι,
2635 5116 2724 5165 καὶ
2770 5118 2865 5173 τῆς
2902 5108 3216 5183 ἐσφαλμένης
3268 5105 3505 5169 διανοίας
3566 5108 3727 5177 σφίσιν
3768 5094 3867 5150 εὐθὺ·

2339 5222 2431 5265 νας
2458 5202 2637 5258 αἰτεῖν.

2936 5288 3180 5343 ΚΕΦΑΛ.
3230 5285 3345 5341 ΚΔ¹.

2483 5384 2634 5455 Περὶ
2676 5388 2783 5441 τῆς
2843 5387 2961 5432 τῶν
3003 5378 3415 5433 Ἐλκεσαῑτῶν
3467 5377 3772 5447 αἱρέσεως.

2410 5489 2553 5542 Μετά
2606 5484 2665 5540 δὲ
2712 5489 2905 5548 ταύτας
2951 5490 3041 5539 καὶ
3092 5484 3217 5543 άλλη
3263 5488 3450 5559 χείρων
3492 5489 3593 5534 τῶν
3630 5470 3855 5551 προειρημέ·

2339 5598 2436 5631 νων
2503 5576 2770 5649 ἀνέκυψεν,
2826 5575 3063 5631 Ἐλκεσαέ
3126 5593 3260 5635 τινος
3322 5575 3517 5635 ταύτης
3572 5574 3764 5645 πρώτως
3811 5575 3852 5609 ⁸³³
