4036 6288
171 323 312 379 1113

1254 321 1835 379 ECCLESIASTICIE
1872 322 2235 380 HISTORIE
2273 326 2405 381 LIB.
2449 326 2517 379 V.

3403 328 3539 384 1114

175 450 462 523 τάρξαντος
489 466 503 480 ⁸
556 449 587 508 ἣ
640 454 794 522 πρινὴ
852 454 1073 521 φανῆναι
1119 452 1210 501 καὶ
1255 455 1366 510 ταῖς
1425 452 1607 524 αὔραις
1635 449 1775 524 ῥιπι-

1894 450 2191 519 exstincta,
2216 452 2466 523 Origene
2504 453 2672 525 aquis
2722 469 2859 511 eam
2897 458 3140 527 repente
3179 470 3248 510 ex
3282 454 3542 526 Scriptu-

174 543 367 599 σθῆναι
403 546 497 593 τοῦ
533 546 785 612 πονηροῦ,
837 540 1022 591 θᾶττον
1075 537 1363 607 ἱσϐέννυτο,
1403 542 1461 591 τὸ
1500 537 1645 611 ὕδωρ
1678 547 1773 591 τῶν

171 635 447 703 Γραφικῶν
511 627 813 703 χειμάρρων
896 626 951 679 ἐκ
1021 634 1113 679 τοῦ
1196 623 1395 699 σχεδὸν
1482 629 1774 702 Ὠριγένους

171 719 307 792 αὐτῇ
343 721 717 791 καταχέαντος.
772 720 838 770 Οἱ
894 720 997 790 γὰρ
1047 717 1336 771 Ἐλκεσαῑοι
1387 718 1533 771 οὗτοι
1579 720 1775 790 μύθους

172 811 290 862 ὅθεν
357 804 425 867 δή
484 827 610 860 ποτε
658 808 1039 881 ἓρανισάμενοι,
1090 810 1472 880 τερατόμορφόν
1514 827 1633 860 τινα
1682 812 1773 864 τὴν

176 894 322 950 ἰδίαν
371 898 734 950 συντεθείκασι
784 894 1003 953 πλάνην.
1064 900 1167 948 Καὶ
1232 900 1351 970 περὶ
1393 898 1483 968 μὶν
1529 901 1623 955 τὴν
1674 903 1775 948 τῶν

174 986 305 1039 ὅλων
359 985 534 1059 ἀρχὴν
586 987 849 1057 σύμφωνοι
913 986 1118 1046 πάντως
1172 986 1295 1057 ἡμῖν
1326 1001 1339 1013 ⁸
1394 986 1481 1038 ἕνα
1530 987 1633 1058 γὰρ
1686 988 1776 1037 καὶ

173 1075 325 1128 οὗτοι
370 1078 459 1127 τόν
506 1082 607 1126 τῶν
654 1073 781 1125 ὅλων
839 1072 1061 1125 καλοῦσι
1110 1069 1473 1146 δημιουργόν·
1534 1073 1639 1145 ούχ
1690 1074 1778 1127 ἕνα

172 1168 352 1235 μέντοι
412 1167 502 1215 καὶ
544 1166 631 1216 τὸν
677 1166 931 1234 Χριστὸν,
987 1160 1115 1214 ἀλλά
1160 1162 1380 1224 πολλούς
1408 1182 1462 1215 τε
1512 1168 1601 1215 καὶ
1660 1161 1777 1216 δια-

175 1257 367 1326 φόρους
395 1269 410 1284 ⁶
460 1256 549 1304 καὶ
601 1252 687 1304 ἕνα
746 1254 837 1324 μὶν
895 1252 999 1304 ἅνω
1054 1248 1203 1317 εἶναι,
1266 1251 1417 1304 ἄλλον
1475 1248 1534 1304 δι
1585 1254 1726 1305 κάτω
1758 1273 1772 1286 ο

175 1342 233 1395 ὃν
290 1346 380 1394 καὶ
428 1341 638 1401 πολλοῖς
705 1343 1013 1413 ἓνῳκηκέναι
1059 1346 1307 1415 πρότερον
1360 1344 1672 1414 φάσκουσιν,
1731 1342 1777 1402 ἐς

177 1431 400 1505 ὓστερον
453 1428 513 1483 δὲ
564 1435 655 1484 καὶ
715 1438 789 1501 τῷ
843 1433 898 1483 ἑκ
954 1434 1163 1504 Μαρίας
1218 1432 1314 1501 υἱῷ
1354 1430 1625 1489 ἐνοικῆσαι
1704 1440 1775 1502 τῷ

172 1522 379 1579 Ἰησοῦ.
418 1523 517 1573 Τὸν
572 1515 631 1572 δε
686 1520 895 1577 Ἰησοῦν
947 1523 1072 1572 ποτε
1118 1522 1210 1592 μεν
1258 1519 1313 1572 ἐκ
1343 1528 1434 1572 τοῦ
1474 1528 1608 1575 Θεοῦ
1648 1520 1778 1574 εἷναί

174 1630 327 1684 φασι,
377 1612 499 1662 ποτε
550 1604 610 1661 δε
658 1611 910 1682 παρθένον
946 1611 1235 1681 ἐσχηκέναι
1290 1614 1530 1683 μητέραο
1586 1612 1635 1662 ἓν
1665 1630 1777 1663 τισι

176 1696 240 1753 δὲ
264 1695 388 1751 οὐδὲ
416 1705 570 1751 τοῦτο
607 1696 841 1769 λέγουσι.
874 1702 945 1751 Τὸ
1005 1695 1063 1751 δὲ
1113 1705 1342 1771 Πνεῦμα,
1386 1704 1474 1750 καὶ
1504 1707 1656 1752 τοῦτο
1687 1720 1777 1772 με-

1880 555 2085 595 rarum
2115 542 2468 597 torrentibus
2496 542 2729 599 haustis
2754 542 3068 609 obruente,
3089 544 3348 616 quamin
3371 559 3544 615 aper-

1882 629 2008 684 tum
2054 629 2303 699 maligni
2340 631 2579 703 spiritus
2631 632 2791 687 auris
2848 633 3214 689 exsuscitata
3257 632 3539 704 prodiret.

1884 718 2220 774 Helcesaitaa
2264 735 2527 792 namque
2574 721 2667 776 isti
2702 721 3102 795 undecunque
3141 722 3357 777 fabulis
3424 721 3543 777 col-

1882 808 2070 873 lectis,
2124 813 2537 880 portentosum
2602 810 2715 867 sibi
2755 811 3087 883 quemdam
3141 826 3539 883 composuere

1884 913 2165 953 errorem.
2200 901 2264 955 Et
2292 899 2536 971 quidem
2588 900 2661 956 de
2706 916 2905 957 rerum
2936 902 3209 957 omnium
3249 900 3544 973 principio

1883 986 2199 1044 nobiscum
2224 988 2604 1045 consentiunt
2631 1009 2643 1047 :
2680 1005 2869 1045 unum
2898 990 3198 1062 siquidem
3230 995 3286 1046 et
3316 990 3430 1061 ipsi
3459 1006 3547 1045 re-

1884 1092 2019 1131 rum
2049 1077 2319 1132 omnium
2342 1078 2712 1134 conditorem
2741 1084 3015 1134 asserunt
3046 1096 3062 1136 :
3088 1094 3209 1135 non
3235 1094 3424 1135 unum
3445 1095 3549 1135 au-

1886 1170 2005 1221 tem
2053 1165 2369 1233 Christum,
2402 1166 2508 1223 sed
2564 1167 2764 1238 plures
2816 1172 2871 1223 et
2924 1167 3218 1224 diversos.
3246 1174 3327 1224 Ac
3356 1184 3547 1224 unum

1884 1254 2129 1326 quidem
2161 1255 2753 1319 sursumesse,alium
2777 1261 2977 1313 autem
3000 1256 3283 1312 deorsum
3315 1273 3327 1310 :
3354 1273 3537 1330 quem

1886 1343 1948 1399 in
1978 1343 2179 1399 multis
2214 1348 2389 1401 antea
2418 1345 2805 1411 inhabitasse,
2838 1346 3057 1401 deinde
3088 1361 3228 1401 vero
3271 1347 3451 1402 etiam
3480 1347 3542 1402 in

1885 1434 2076 1490 Mariis
2097 1433 2218 1489 ﬁlio
2246 1435 2388 1489 Jesu
2415 1434 2721 1491 habitasse
2765 1435 2989 1492 dicunt.
3035 1436 3239 1491 Iesum
3265 1451 3407 1492 vero
3443 1437 3544 1492 ali-

1886 1525 2132 1595 quando
2161 1538 2234 1579 ex
2262 1524 2382 1579 Deo
2411 1540 2564 1589 esse,
2583 1525 2911 1597 aliquando
2954 1532 3207 1581 matrem
3259 1525 3544 1582 habuisse

1886 1613 2179 1683 virginem
2227 1612 2506 1681 referunt,
2551 1629 2991 1687 nonnunquam
3051 1620 3252 1670 autem
3305 1630 3379 1669 ne
3432 1614 3548 1670 hoc

1886 1702 2130 1775 quidem
2152 1702 2339 1757 aiunt.
2371 1703 2653 1774 Spiritum
2680 1719 2857 1775 porro
2874 1704 3072 1774 ipsum
3093 1720 3337 1777 quoque
3359 1710 3547 1759 trans-

175 1789 663 1861 τενσωματοῦσθαι,
722 1792 811 1839 καὶ
866 1787 931 1849 εἰς
985 1784 1215 1863 διάφορα
1267 1788 1477 1840 εἰσιέναι
1538 1794 1775 1861 σώματα,

1894 1792 2203 1864 corporati,
2264 1796 2443 1863 atque
2500 1792 2560 1848 in
2591 1792 2828 1848 diversa
2882 1793 3114 1862 ingredi
3167 1808 3437 1864 corpora,
3489 1795 3549 1847 et

176 1884 270 1931 καὶ
318 1878 436 1930 καθ’
488 1877 706 1930 ἕκαστον
744 1880 924 1951 καιρὸν
983 1874 1244 1951 διαφόρως
1291 1874 1614 1933 δείκνυσθαι.
1656 1886 1780 1933 Δαι-

174 1972 344 2040 μόνων
403 1963 451 2020 δ’
504 1962 736 2038 ἓπῳδαῗς
812 1970 901 2019 καὶ
960 1965 1269 2025 έπικλήσεσι
1326 1970 1633 2041 κέχρηνται,
1689 1974 1779 2021 καὶ

177 2055 548 2129 ῥαπίσμασιν
579 2055 663 2108 ἐπὶ
699 2062 761 2127 τῇ
796 2064 896 2108 τῶν
929 2060 1205 2128 στοιχείων
1255 2056 1525 2128 ὁμολογίᾳ.
1561 2059 1780 2132 Ἀστρο-

173 2145 355 2217 λογίαν
407 2150 497 2198 καὶ
555 2146 930 2217 μαθηματικήν
1004 2145 1202 2203 πλάνην
1260 2144 1605 2213 ἀσπάζονται,
1655 2166 1780 2219 προ-

172 2239 500 2309 γνωστικοὺς
548 2235 757 2296 ἑαυτούς
813 2233 1171 2307 ὀνομάζοντες.
1225 2237 1323 2288 Τὸν
1366 2233 1424 2288 δὲ
1462 2237 1594 2289 θεῖον
1624 2240 1781 2291 Ἀπό-

178 2325 360 2379 στολον
410 2327 717 2377 παντάπασι
774 2321 1130 2400 διαγράφουσι
1162 2340 1175 2354 ⁸
1234 2329 1325 2377 καί
1362 2345 1480 2377 τινα
1510 2322 1569 2378 δε
1599 2324 1779 2397 βίϐλον

178 2413 674 2487 ἐπισκευασάμενοι,
763 2413 817 2476 ἐξ
904 2413 1123 2486 ούρανού
1232 2417 1550 2467 πεπτωκέναι
1616 2415 1780 2472 αὐτὴν

178 2507 587 2579 τερατεύονταιο
641 2508 731 2556 καὶ
802 2505 889 2555 τὸν
957 2505 1154 2563 ταύτης
1207 2501 1433 2555 ἀκοῦσαι
1500 2502 1782 2566 ἀξιωθέντα

174 2595 337 2652 ἄλλην
385 2593 773 2665 ἁμαρτημάτων
822 2592 1003 2664 ἄφεσιν
1058 2594 1197 2664 ἔχειν
1253 2593 1377 2667 παρ’
1434 2594 1495 2652 ἦν
1563 2594 1589 2645 6
1647 2600 1779 2666 Χρι-

179 2686 301 2744 στὸς
354 2679 687 2756 έδωρήσατο.
753 2684 898 2735 Κατὰ
947 2678 1013 2740 δή
1060 2684 1252 2744 ταύτης
1306 2687 1395 2735 καὶ
1436 2680 1778 2744 Ἀλκιϐιάδης

184 2771 238 2835 ἐξ
296 2771 583 2844 Ἀπαμείας
658 2778 753 2832 τῆς
832 2776 1021 2844 Συρίας
1110 2770 1390 2843 πάμπολλα
1456 2773 1774 2843 ἠγωνίσατο.

187 2860 453 2935 Ὠριγένης
492 2857 551 2913 δὲ
602 2866 709 2920 τοῖς
758 2859 869 2912 κατ’
912 2860 1069 2920 αὐτῆς
1099 2859 1340 2932 ἐλέγχοις
1379 2862 1639 2934 ήρὶστευε.
1673 2868 1780 2924 Τῆς

188 2946 239 3003 δ’
270 2952 510 3023 αἱρέσεως
560 2952 756 3012 ταύτης
811 2949 1103 3021 καθομιλῶν
1152 2949 1237 3002 ἐπὶ
1290 2957 1382 3001 τοῦ
1435 2958 1608 3003 κοινοῦ
1638 2952 1774 3024 Ὠρι·

179 3042 357 3111 γένης,
409 3039 456 3092 έν
504 3046 577 3111 τῷ
628 3036 970 3111 ὀγδοηκοστῷ
1020 3036 1244 3114 δευτέρῳ
1299 3038 1491 3112 ψαλμῷ
1522 3036 1625 3093 ὧδέ
1676 3060 1780 3101 πως

763 2412 817 2476 ἐξ
904 2413 1123 2486 ούρανού

1888 1895 2254 1953 unoquoque
2281 1886 2547 1953 tempore
2578 1882 2737 1937 varie
2764 1881 3027 1938 exhiberi
3049 1882 3328 1937 sentiunt.
3365 1882 3542 1954 373

1888 1972 2141 2026 Utuntur
2182 1970 2658 2027 invocationibus
2712 1978 2890 2043 atque
2929 1972 3393 2027 incantamentis
3423 1974 3548 2027 dae-

1888 2074 2160 2125 monum,
2208 2063 2383 2131 atque
2423 2059 2564 2115 item
2616 2060 2935 2131 baptismis
2984 2061 3043 2115 in
3112 2059 3542 2116 elementorum

1890 2147 2259 2221 professione
2281 2149 2377 2219 (1).
2406 2148 2806 2218 Astrologiam
2837 2155 2893 2205 et
2921 2149 3415 2206 mathematicum
3456 2166 3548 2207 er-

1888 2252 2085 2293 rorem
2136 2236 2633 2307 complectuntur,
2675 2239 3084 2309 prognosticos
3123 2244 3179 2294 et
3224 2238 3442 2295 ariolos
3486 2254 3548 2294 se

1890 2326 2293 2383 nominantes.
2319 2327 2599 2382 Sanctum
2622 2326 2994 2398 Apostolum,
3025 2330 3075 2398 ej
3088 2342 3276 2399 usque
3305 2328 3545 2399 scripta,

1888 2416 2183 2471 inducunt
2223 2430 2466 2487 prorsus
2497 2420 2554 2471 et
2598 2416 2859 2471 abolent.
2906 2416 3145 2471 Librum
3190 2416 3547 2487 quemdam-

1889 2520 2068 2577 quem
2122 2504 2239 2577 ipsi
2285 2520 2697 2576 composuere,
2743 2505 2817 2560 de
2867 2505 3019 2561 coelo
3058 2505 3375 2577 edlapsum
3415 2521 3548 2561 esse

1890 2594 2228 2666 prodigiose
2251 2593 2525 2665 jactitant
2550 2593 2832 2665 (2).Quod
2863 2594 2912 2649 si
2942 2594 3076 2665 quis
3109 2594 3551 2663 dignusinven—

1888 2688 1982 2739 tus
2013 2683 2088 2739 sit
2118 2687 2181 2738 ut
2228 2699 2366 2738 eum
2402 2683 2626 2750 audiat,
2670 2699 2809 2738 eum
2855 2683 3035 2739 aliam
3068 2700 3251 2756 quam
3287 2683 3551 2739 Christus

1888 2772 2136 2836 dederit,
2162 2776 2547 2843 peccatorum
2571 2772 2857 2844 consequi
2889 2773 3323 2828 remissionem.
3340 2772 3559 2827 Adver-

1890 2879 1993 2918 sus
2013 2863 2170 2918 hanc
2191 2868 2246 2916 et
2275 2860 2611 2917 Alcibiades
2640 2862 2985 2933 Apamenus
3015 2863 3198 2933 Syrus
3221 2861 3547 2933 plurimum

1889 2950 2293 3024 depugnavit!
2325 2951 2608 3020 Origenes
2632 2966 2775 3007 vero
2806 2967 2873 3006 ea
2900 2950 3309 3007 convincenda
3322 2951 3549 3022 primas

1890 3040 2036 3096 tulit.
2072 3042 2211 3113 Ejus
2238 3039 2507 3105 haeresis,
2541 3039 2620 3096 ad
2641 3040 2935 3112 populum
2964 3056 3072 3111 pro
3106 3039 3392 3095 concione
3424 3056 3549 3095 ver-

176 3131 489 3203 μνημονεύει
530 3128 725 3201 λέγων·
805 3147 834 3180 ι(
866 3128 1112 3187 Ἐλήλυθέ
1172 3148 1252 3191 τις
1310 3128 1394 3182 ἐπὶ
1448 3137 1538 3182 τοῦ
1594 3134 1783 3203 παρόν-

1894 3129 1971 3186 ba
2008 3128 2257 3195 faciens,
2286 3130 2345 3184 in
2393 3129 2802 3199 octuagesimo
2835 3130 3098 3185 secundo
3120 3130 3358 3185 Psalmo
3396 3129 3559 3185 hisce

176 3238 266 3279 τος
317 3222 450 3291 μέγα
502 3226 699 3292 φρονῶν
753 3214 836 3270 ἐπὶ
870 3225 942 3288 τῷ
992 3214 1253 3270 δύνασθαι
1308 3217 1607 3294 πρεσϐεύειν
1649 3224 1782 3291 γνώ-

179 3328 288 3382 μης
346 3307 498 3359 ἀθέου
564 3312 655 3359 καὶ
710 3304 1061 3368 ἀσεϐεστάτης
1133 3305 1452 3379 καλουμένης
1524 3306 1783 3361 Ἐλκεσαῑ-

176 3406 301 3468 τῶν,
342 3400 529 3449 νεωστὶ
572 3394 979 3467 ἐπανισταμένης
1029 3402 1140 3456 ταῖς
1192 3394 1516 3457 ὶκκλησίαις.
1583 3397 1780 3455 Ἐκείνη

176 3487 211 3543 ἡ
241 3489 424 3557 γνώμη
474 3484 559 3537 οἷα
603 3484 738 3556 λέγει
767 3487 926 3551 κακά,
966 3485 1349 3558 παραθήσομαι
1394 3486 1536 3557 ύμῖν,
1576 3486 1657 3537 ῖνα
1709 3490 1780 3558 μή

188 3574 605 3647 συναρπάζησθε
680 3572 875 3626 ἀθετεῖν
949 3592 1083 3628 τινα.
1132 3574 1265 3625 Ἀπὸ
1333 3576 1509 3637 πάσης
1579 3580 1784 3647 Γραφῆς

182 3668 450 3737 κέχρηται
480 3663 659 3738 ῥητοῖς
690 3683 703 3697 ·
764 3661 918 3715 παλίν
964 3681 1018 3715 τε
1073 3660 1173 3714 ἀπὸ
1224 3664 1403 3723 πάσης
1456 3662 1679 3724 παλαιᾶς
1731 3683 1784 3717 τε

180 3757 275 3805 καὶ
374 3751 708 3823 εύαγγελικῆς
784 3754 870 3803 τὸν
938 3748 1250 3804 Ἀπόστολον
1338 3751 1501 3804 τέλεον
1596 3750 1783 3807 ἀθετεῖ.

186 3846 327 3909 φησί
366 3838 418 3894 δ’
457 3842 537 3894 ὅτι
590 3844 649 3893 τὸ
700 3839 1034 3915 ἀρνήσασθαι
1090 3837 1373 3914 ἀδιάφορόν
1422 3840 1534 3893 ἐστι
1565 3861 1578 3874 ο
1632 3847 1720 3894 καὶ
1761 3842 1786 3893 6

182 3935 279 4005 εἶεν
311 3935 502 3992 νοήσας
544 3938 615 4001 τῷ
663 3932 753 4003 μὲν
810 3931 1028 3997 στόματι
1089 3928 1140 3982 ἓν
1183 3929 1431 4002 ἀνάγκαις
1484 3928 1785 4006 ἀρνήσεται,

182 4028 249 4094 τῇ
286 4017 346 4074 δὲ
394 4017 595 4095 καρδίᾳ
646 4020 793 4092 οὐχί.
856 4024 957 4073 Καὶ
1009 4018 1190 4093 βίϐλον
1232 4023 1349 4072 τινά
1402 4023 1663 4094 φέρουσιν,
1726 4023 1787 4079 ἦν

182 4112 429 4183 λέγουσιν
482 4109 536 4172 ἒξ
567 4110 786 4184 ούρανοῦ
839 4113 1161 4162 πεπτωκέναι
1195 4126 1208 4140 ·
1259 4114 1473 4163 καὶτὸν
1522 4109 1791 4169 ἀκηκοότα

183 4199 382 4260 ἐκείνης
436 4203 525 4251 καὶ
571 4201 886 4252 πιστεύοντα
935 4200 1115 4271 ἅφεστν
1168 4197 1432 4269 λήψεσθαι
1464 4208 1563 4252 τῶν
1616 4199 1787 4274 ἀμαρ-

182 4290 434 4360 τημάτων
482 4289 606 4362 παρ’
658 4290 718 4347 ἣν
767 4289 794 4340 6
850 4292 1084 4360 Χριστὸς
1132 4287 1341 4349 Ἰησοῦς
1397 4287 1580 4360 ἀφῆκε.
1627 4312 1654 4340 ››
1690 4295 1790 4343 Καὶ

182 4382 256 4431 τὰ
302 4379 392 4451 μὲν
435 4383 553 4453 περὶ
596 4379 792 4430 τούτων
841 4377 1005 4440 οὕτως
1043 4394 1056 4407 ο
1096 4382 1261 4451 μυρία
1313 4373 1363 4430 δ’
1410 4373 1497 4430 οὖν
1536 4382 1624 4431 καὶ
1663 4378 1792 4431 ἄλλα

185 4488 313 4541 περι
366 4467 663 4542 Ὠριγένους
711 4466 836 4529 ἄξια
898 4470 1272 4539 μνημονεύεται
1305 4484 1316 4497 ⁸
1372 4467 1406 4519 ἃ
1453 4472 1543 4520 καὶ
1596 4472 1663 4531 ὡς
1716 4473 1786 4541 μή

186 4565 257 4631 τῇ
320 4559 562 4632 παρούσῃ
607 4554 866 4615 ἀνήκοντα
937 4561 1290 4630 πραγματείᾳ,
1368 4561 1718 4633 παρατρέχειν
1766 4560 1791 4611 ό

183 4647 342 4718 λόγος
389 4645 666 4717 ἐπείγεται.
716 4643 859 4697 Ὀσα
915 4640 964 4697 δ’
1022 4641 1109 4698 οὖν
1163 4644 1423 4717 ἀναγκαῖα
1476 4642 1691 4717 διέγνων
1719 4643 1792 4699 εἶ-

185 4756 277 4788 ναι
323 4742 383 4808 τῇ
417 4737 657 4807 παρούσῃ
703 4730 936 4807 σπουδῇ,
988 4733 1154 4796 καλῶς
1209 4754 1287 4806 γε,
1346 4736 1510 4807 οἶμαι,
1566 4734 1795 4799 ἀνελεξά-

186 4844 296 4898 μην
326 4843 380 4876 τε
409 4828 498 4877 καὶ
526 4826 888 4896 κατέστρωσα.
943 4823 1034 4879 Ἑν
1089 4820 1157 4882 δή
1209 4823 1438 4877 λείπεται
1478 4826 1633 4896 φάνάι
1678 4830 1795 4897 περὶ

188 4915 495 4988 Ὠριγένους
539 4912 718 4965 λοιπόν
748 4930 761 4944 ·
826 4914 894 4975 ὡς
970 4914 1137 4985 φθόνῳ
1196 4919 1288 4964 τοῦ
1334 4913 1481 4965 πάντ’
1538 4911 1796 4985 ένεργοῦν-

188 5023 279 5066 τος
334 5004 359 5055 ὁ
405 5009 651 5065 τοσοῦτος
704 5005 792 5054 καὶ
842 5001 1012 5074 λόγοις
1068 5006 1158 5056 καὶ
1207 5005 1391 5076 ἔργοις,
1451 5007 1539 5055 καὶ
1594 5002 1797 5075 ἀκριϐεῖ

194 5093 476 5167 φιλοσοφίᾳ
522 5092 608 5146 ἐπὶ
668 5096 822 5144 τόσον
875 5088 1239 5167 ἑνδιατρίψας,
1304 5099 1400 5155 τῆς
1452 5094 1652 5153 εὐθείας
1707 5098 1796 5147 καὶ

193 5184 347 5244 οὗτος
379 5182 713 5241 ἀπεπλανήθη
748 5199 761 5211 ·
817 5186 907 5234 καὶ
957 5178 1302 5254 διαστρόφοις
1354 5180 1623 5243 ἐνειληθεὶς
1673 5178 1797 5255 δόγ-

194 5291 353 5347 μασι,
403 5276 498 5331 τήν
549 5290 603 5324 τε
632 5276 903 5344 παροῦσαν
933 5275 1022 5323 καὶ
1067 5274 1158 5328 τήν
1196 5270 1484 5343 μέλλουσαν
1541 5266 1798 5347 διέφθειρε

197 5360 384 5426 δόξαν.
443 5360 603 5417 Ἀλλά
647 5364 805 5433 μήπω
842 5367 930 5411 νῦν
961 5376 975 5390 ⁸
1035 5362 1120 5412 τὸν
1165 5357 1214 5412 δ’
1266 5356 1331 5412 αὖ
1382 5359 1668 5432 κατάλογον
1696 5368 1797 5412 τῶν

273 5542 353 5615 (lg)
370 5540 838 5615 Axathematieus
847 5554 1035 5615 error,
1053 5539 1166 5615 qui
1184 5542 1474 5615 tanquam
1492 5538 1800 5615 maleﬁcus

200 5610 544 5686 prohibitus
569 5616 678 5668 est.
713 5610 799 5685 (C.
834 5613 919 5669 De
940 5610 1192 5681 matéﬁc.
1216 5617 1270 5669 et
1300 5610 1674 5681 mat/temet.)

1892 3218 2092 3274 verbis
2116 3218 2385 3273 meminit
2410 3234 2421 3272 :
2445 3236 2474 3269 ‹‹
2498 3218 2749 3273 Advenit
2771 3219 3021 3290 quidam
3047 3218 3160 3274 hoc
3185 3223 3450 3291 tempore
3470 3218 3560 3273 vir

1893 3323 2185 3377 arrogans
2207 3312 2263 3363 et
2294 3306 2614 3380 elatus,qui
2644 3307 3000 3363 sententiam
3017 3306 3382 3377 ﬂagitiosam
3396 3323 3561 3378 pror-

1895 3413 1995 3452 sus
2034 3402 2091 3453 et
2141 3397 2409 3467 impiam,
2459 3412 2595 3469 quae
2637 3395 2854 3452 dicitur
2901 3396 3385 3461 Helcesaitarum,
3420 3411 3557 3467 pro-

1896 3486 2350 3557 mulgat,nuper
2376 3485 2705 3540 admodum
2736 3486 2796 3540 in
2828 3484 3108 3541 ecclesias
3129 3485 3559 3541 inductam.Ea

1895 3592 2031 3648 quae
2059 3575 2389 3647 perniciosa
2418 3575 2785 3647 proﬁteatur,
2811 3574 3236 3646 exponendum
3262 3574 3430 3630 vobis
3444 3589 3558 3645 pu-

1897 3665 2039 3727 tavi,
2067 3679 2141 3719 ne
2168 3678 2323 3735 quos
2345 3662 2422 3718 ad
2446 3663 2728 3735 quaedam
2757 3663 2895 3718 ﬁdei
2927 3669 3144 3718 nostrae
3175 3662 3464 3731 dogmata
3496 3677 3556 3717 a-

1896 3753 2209 3824 broganda
2269 3756 2639 3807 transversos
2695 3750 2973 3822 abripiat.
3025 3752 3216 3807 Utitur
3263 3752 3558 3806 universae

1899 3840 2215 3908 Scriptura
2242 3840 2448 3896 veteris
2478 3848 2533 3895 et
2571 3839 2930 3910 evangelicae
2957 3839 3440 3897 auctoritatibus.
3484 3844 3556 3895 Α-

1897 3929 2201 4003 postolum
2231 3930 2289 3984 in
2335 3929 2609 3985 ordinem
2639 3929 2874 3999 redigit,
2904 3934 3085 4001 atque
3125 3929 3277 3984 adeo
3308 3944 3558 3999 prorsus

1898 4019 2115 4075 abolet.
2135 4021 2570 4091 Docetquoque
2599 4018 2855 4075 liberum
2887 4019 3373 4089 permissumque
3400 4034 3554 4083 esse,

1897 4109 2080 4164 ﬁdem
2103 4107 2403 4177 abnegare
2423 4127 2434 4166 :
2452 4108 2617 4180 quod
2635 4107 2738 4180 qui
2762 4106 2939 4162 ﬁdem
2966 4106 3242 4162 stabilem
3264 4107 3323 4161 in
3352 4106 3557 4162 animo

1899 4202 2251 4270 conceptam
2280 4197 2519 4262 habeat,
2546 4213 2647 4253 ore
2688 4197 2933 4269 quidem
2974 4196 3332 4252 necessitate
3372 4195 3563 4251 addu-

1902 4293 2029 4343 ctus
2090 4287 2346 4358 abjuret,
2378 4287 2558 4343 corde
2602 4302 2744 4342 vero
2796 4286 3065 4341 minime.
3097 4287 3162 4340 Et
3190 4284 3412 4340 librum
3444 4285 3557 4340 cir-

1902 4375 2258 4439 cumferunt.
2287 4392 2468 4449 quem
2492 4392 2523 4431 e
2563 4375 2712 4431 caelo
2735 4374 3033 4431 decidisse
3072 4374 3239 4431 aiunt
3274 4391 3286 4428 :
3316 4373 3562 4429 audien-

1903 4471 2143 4538 temque
2183 4470 2239 4521 et
2282 4467 2622 4521 credentem
2669 4465 2740 4536 ei,
2780 4480 3075 4520 noxarum
3114 4463 3558 4527 remissionem,

1904 4556 2079 4611 aliam
2106 4554 2183 4610 ab
2219 4570 2290 4609 ea
2319 4570 2506 4627 quam
2545 4554 2807 4609 Christus
2836 4554 3005 4607 Jesus
3041 4551 3375 4617 instituerit,
3410 4551 3562 4607 acci-

1901 4661 2041 4717 pere
2072 4643 2397 4702 afﬁrmant.
2440 4646 2570 4699 Haec
2601 4644 2910 4699 hactenus.
2941 4643 3256 4697 Innumere
3275 4646 3562 4712 praeterea

1903 4733 2020 4789 alia
2050 4732 2346 4789 memoria
2374 4733 2558 4803 digna
2597 4732 2671 4787 de
2698 4733 2948 4801 Origene
2988 4734 3561 4796 commemorantur,
3634 4773 3640 4779 .

1902 4839 2037 4895 quae
2068 4822 2314 4894 perinde
2348 4827 2528 4894 atque
2585 4836 2707 4876 non
2759 4824 2956 4876 essent
2992 4819 3303 4891 praesentis
3339 4818 3560 4890 operis,

1904 4911 2208 4968 brevitatis
2238 4911 2417 4966 etiam
2450 4926 2632 4967 causa
2654 4908 3099 4981 praetermittere
3130 4913 3217 4964 est
3235 4908 3447 4962 visum.
3480 4911 3562 4963 Ac

1904 5016 2039 5074 quae
2071 5001 2412 5057 necessaria
2451 5015 2577 5055 esse
2602 5004 2665 5055 ut
2693 4999 2832 5055 huic
2870 4998 3132 5053 historiae
3162 4998 3561 5052 insererentur

1904 5089 2129 5162 putavi,
2164 5094 2319 5145 recte
2345 5088 2604 5161 (opinor)
2632 5093 2690 5143 et
2727 5087 2934 5143 ordine
2964 5086 3176 5155 collegi
3216 5090 3394 5156 atque
3425 5100 3563 5140 con-

1906 5180 2081 5235 texui.
2109 5181 2387 5251 Superest
2424 5193 2612 5232 unum
2649 5177 2722 5232 de
2764 5177 3009 5247 Origene
3036 5175 3385 5238 dicendum,
3417 5174 3566 5229 invi-

1905 5268 2006 5325 dia
2044 5268 2173 5339 ejus
2213 5267 2316 5341 qui
2349 5266 2645 5323 malorum
2694 5266 2966 5322 omnium
2998 5269 3085 5320 est
3110 5269 3336 5328 auctor,
3367 5263 3565 5319 virum

1907 5361 2161 5425 tantum,
2187 5358 2292 5429 qui
2345 5355 2523 5411 simul
2544 5360 2598 5411 et
2644 5354 2839 5411 verbis
2870 5359 2926 5409 et
2972 5353 3140 5410 factis
3167 5368 3236 5409 eo
3265 5351 3563 5422 magnitu-

1981 5537 2069 5667 (ἲ
2118 5536 2413 5595 Fraudem
2464 5535 2625 5592 hanc
2680 5533 2897 5591 deinde
2936 5534 3199 5592 imitatus
3252 5537 3339 5589 est
3367 5532 3566 5591 Maho-

1981 5625 2011 5666 e
2073 5627 2122 5665 ε.

1914 5625 2122 5667 metes.
