4036 6288
597 255 734 311 1115

1960 257 2350 316 NICEPHORI
2391 257 2713 313 CALLlSTI
3740 265 3838 321 1H6

589 379 768 447 dinis,
802 382 1100 438 continuis
1122 382 1331 440 studiis
1353 385 1498 453 suis,
1514 385 1574 440 in
1596 387 1842 443 certiore
1873 392 2052 460 atque
2065 386 2183 443 abs

2275 386 2320 440 Α
2353 385 2696 456 ἡγησαμένων
2744 393 2838 448 τῆς
2889 405 2944 439 τε
2975 385 3245 458 βασιλείας
3291 391 3379 439 καὶ
3415 394 3507 439 τῶν
3551 392 3760 458 μεγίστων
3787 392 3837 443 ἐι·

587 469 801 527 lutiore
832 471 1214 543 philosophia
1250 477 1563 545 processit,
1608 492 1644 531 a
1687 481 1847 532 recta
1876 492 2120 549 quoque
2148 476 2244 532 via

589 575 696 630 per
725 575 986 616 errorem
1017 577 1149 618 esse
1180 562 1538 633 digressum,
1570 565 1982 637 perversisque
2004 563 2243 620 involu-

590 652 716 703 tum
741 649 1510 722 dogmatibus,praasentem
1540 653 1716 709 simul
1742 658 1798 710 et
1816 654 2075 710 futuram
2104 669 2242 709 con-

589 737 915 794 taminasse
932 739 1326 808 gloriam.Sed
1347 743 1547 798 nonin
1570 744 1909 815 praesentia.
1935 743 2040 799 Ubi
2056 744 2238 810 enim,

586 830 715 881 tum
745 842 954 882 eorum
980 829 1084 899 qui
1122 829 1395 900 imperio,
1438 836 1564 886 tum
1615 847 1824 888 eorum
1857 847 2100 904 quoque
2135 831 2241 904 qui

2351 473 2580 532 κλησιῶν
2625 477 2876 549 πρότερον
2931 473 3258 550 ἀναγράψας,
3319 473 3427 528 εἶτα
3478 480 3537 529 τὰ
3580 475 3844 552 ivdicium:

2350 571 2449 615 τῶν
2489 559 2767 635 δογμάτων
2806 564 2987 628 αὐτοῦ,
3039 569 3128 616 καὶ
3166 569 3256 623 τὴν
3308 564 3510 618 ἀνοσίαν
3545 566 3741 624 τελευτὴν
3769 572 3848 620 ἐπι-

2352 655 2520 710 θήσω.
2585 654 2667 706 Ἐν
2707 661 2878 724 ταυτῷ
2933 651 2992 706 δὲ
3040 660 3130 706 καὶ
3176 658 3334 729 πέρας
3364 660 3450 707 καὶ
3501 663 3570 726 τῷ
3613 660 3763 727 πέμπῳ
3789 678 3848 729 μοι

2347 748 2448 792 τῶν
2509 743 2655 814 ἱερῶν
2720 739 2788 800 δὴ
2848 745 3041 795 τούτων
3099 748 3289 815 τόμων,
3331 745 3398 804 ὡς
3447 744 3565 809 ένὸν,
3616 743 3846 818 ἐπιγράψω.

2347 826 2489 888 Ἤδη
2524 826 2584 883 δὲ
2623 835 2737 902 περὶ
2763 838 2863 883 τῶν
2896 829 3175 904 βασιλειῶν
3204 829 3390 904 δίειμι.

585 914 864 972 maximis
881 917 1220 991 quibusque
1233 919 1493 975 ecclesiis
1510 920 2239 992 praefuerunt,catalogum
2255 917 2340 991 pri
2351 935 2416 974 us
2431 923 2694 986 texuero,
2712 921 2822 992 37
2835 920 2891 993 4
2905 922 3121 977 deinde
3132 925 3348 978 insana
3360 937 3588 994 quoque
3609 922 3758 992 dogm
3770 929 3849 988 ala,

587 1009 644 1060 et
676 1010 928 1061 mortem
957 1007 1087 1077 ejus
1116 1009 1367 1078 impiam
1399 1024 1727 1082 persequar
1756 1026 1767 1064 :
1796 1015 1852 1066 et
1873 1011 1956 1066 sic
1985 1009 2167 1066 ﬁnem
2218 1024 2463 1081 quoque
2504 1011 2716 1083 quinto
2752 1012 2892 1068 huic
2921 1011 3093 1080 libro,
3127 1016 3192 1069 ut
3233 1020 3459 1083 putero,
3497 1012 3707 1069 faciam.
3736 1016 3852 1069 Nunc

586 1107 729 1164 ergo
758 1095 832 1150 de
867 1095 1131 1167 imperiis
1160 1097 1378 1154 dicam.

1201 1203 1424 1261 CAPUT
1467 1207 1620 1263 XXV.

589 1288 910 1360 Catalogus
939 1291 1366 1361 imperatorum
1404 1297 1830 1358 Romanorum,
1862 1299 1927 1350 ut
1952 1295 2107 1351 alius
2133 1293 2242 1350 alii

658 1363 862 1437 ordine
911 1367 1255 1437 successerit
1287 1383 1302 1418 :
1335 1372 1387 1422 et
1432 1371 1497 1420 ut
1532 1367 1764 1435 primus
1809 1368 2240 1437 imperatorum

660 1433 972 1505 Philippus
1013 1435 1386 1493 Christianus
1415 1438 1487 1494 sit
1511 1433 1731 1508 factus.

656 1594 893 1659 Severo,
925 1596 1029 1666 qui
1062 1596 1271 1652 decem
1295 1602 1349 1654 et
1378 1602 1512 1654 octo
1551 1598 1864 1671 imperavit
1893 1597 2089 1664 annis,
2121 1600 2237 1652 An-

585 1682 824 1738 toninus
845 1684 1003 1740 ﬁlius
1030 1686 1508 1753 successit.Huic,
1542 1696 1770 1760 septem
1793 1688 1966 1744 annis
1991 1693 2047 1744 et
2077 1702 2237 1742 men-

2958 1213 3199 1262 ΚΕΦΔΛ.
3235 1208 3353 1262 κε’.

2352 1294 2722 1369 κατάλογος
2760 1303 2878 1369 τῷν
2935 1297 3212 1359 καθεξῆς
3262 1305 3374 1357 τῆς
3410 1296 3690 1369 Ῥωμαίων
3724 1295 3856 1368 βασι-

2419 1364 2628 1428 λείας-
2661 1364 3148 1442 διαδεξαμένων
3185 1372 3273 1442 τὰ,
3328 1364 3641 1442 σκῆπτρα·
3675 1364 3762 1442 καὶ
3805 1371 3856 1428 ὡς

2419 1447 2667 1511 πρῶτος
2761 1439 3152 1512 Χριστιανὸς
3243 1439 3555 1513 βασιλέων
3624 1441 3856 1500 Φίλιππος

2417 1514 2701 1581 γέγονεν.

2418 1606 2638 1673 Σευῆρον
2721 1603 2803 1658 ἔτη
2894 1600 2963 1658 ιη’

2348 1683 2682 1760 διαδέχεται.
2741 1695 3036 1743 Ἀντωνίνον
3069 1686 3127 1743 δι
3166 1691 3252 1742 τὸν
3291 1696 3510 1764 Σευὴρου
3546 1687 3713 1754 παῖδα,
3738 1692 3800 1746 ἔτη
3827 1689 3856 1751 ζ’

3050 1603 3380 1673 ἡγησάμενον
3447 1601 3712 1661 Ἀντωνῖνος
3769 1607 3857 1660 παῖς

584 1771 754 1827 sibus
792 1789 896 1828 sex
953 1789 1153 1830 rerum
1192 1776 1400 1846 potito,
1456 1777 1768 1834 Macrinus.
1828 1777 2086 1834 Macrino
2134 1792 2178 1831 a‘

2267 1797 2307 1851 Β
2349 1774 2737 1849 βασιλεύσαντα
2787 1782 2917 1853 πρὸς
2975 1784 3138 1852 μησὶν
3169 1779 3242 1845 ἓξ,
3297 1776 3600 1850 διαδέχεται
3641 1786 3853 1852 Μακρῖνος.

583 1864 723 1930 tem,
767 1867 903 1918 ante
952 1863 1243 1934 integrum
1291 1881 1518 1922 annum
1556 1867 1617 1921 in
1655 1866 1906 1938 imperio
1937 1869 2234 1932 exactum,

581 1949 884 2019 defuncto,
917 1953 1250 2008 Antoninus
1288 1955 1348 2009 id
1379 1955 1543 2020 alter,
1578 1955 1996 2025 Heliogabalus
2019 1970 2239 2025 cogno-

581 2039 867 2106 minatus,
895 2041 1153 2098 obtinuit
1185 2059 1197 2097 :
1231 2045 1394 2114 quod
1427 2044 1476 2098 is
1503 2051 1764 2116 quatuor
1779 2045 1952 2100 annis
1981 2044 2053 2101 ad
2069 2045 2238 2100 mini-

581 2132 850 2192 stratum,
893 2131 970 2186 ad
1009 2131 1413 2188 Alexandrum
1466 2137 1789 2190 Mammaea
1819 2133 2010 2190 ﬁlium
2051 2139 2238 2190 trans-

580 2217 740 2272 misit
772 2220 1291 2289 :quamfeminam
1319 2222 1616 2292 religionis
1634 2222 1973 2295 divinaeque
2003 2224 2238 2295 pietatis

579 2321 876 2378 perquam
907 2309 1237 2366 studiosam
1261 2311 1464 2378 fuisse,
1495 2316 1669 2368 antea
1698 2311 2238 2368 diximus.Alexan-

579 2395 686 2450 der
713 2402 914 2452 autem
936 2398 1214 2454 tredecim
1237 2415 1430 2455 annos
1452 2401 1510 2455 in
1543 2401 1793 2472 imperio
1815 2401 2029 2471 exegit,
2055 2406 2236 2473 atque

577 2484 639 2540 in
671 2487 800 2556 ejus
849 2486 1050 2543 locum
1087 2488 1444 2545 Maximinus
1486 2493 1680 2546 Caesar
1714 2491 2017 2546 successit.
2047 2493 2236 2556 Quem

576 2573 898 2630 Alexandri
929 2575 1091 2645 odio,
1133 2578 1296 2649 quod
1320 2578 1378 2634 in
1393 2582 1522 2649 ejus
1547 2579 1731 2634 domo
1759 2579 1998 2651 plurimi
2020 2579 2236 2637 fuerint

575 2662 802 2729 ﬁdeles,
827 2664 1213 2722 ecclesiarum
1245 2668 1530 2723 antistites
1550 2667 1708 2724 solos
1734 2669 1961 2724 caedere
1978 2669 2235 2740 jussisse

577 2753 951 2826 scripsimus.
978 2755 1112 2811 Post
1169 2755 1679 2828 Maximinum(t),
1720 2758 1823 2829 qui
1850 2758 2036 2814 tribus
2057 2759 2232 2814 annis

575 2840 898 2912 imperium
929 2843 1128 2911 gessit,
1151 2843 1486 2901 Gordianus
1517 2846 1842 2917 imperator
1877 2847 2067 2903 factus
2101 2863 2114 2903 :
2140 2849 2234 2904 cui

575 2945 698 2986 non
722 2931 855 2985 totis
890 2948 990 2987 sex
1019 2933 1194 2987 annis
1235 2933 1544 3003 republica
1574 2934 1652 2990 ab
1694 2950 1764 2991 eo
1791 2935 2229 3004 administrata,

574 3019 882 3091 Philippus
912 3036 1034 3077 una
1079 3037 1218 3076 cum
1259 3021 1527 3094 Philippo
1556 3023 1679 3078 ﬁlio
1714 3029 1800 3080 est
1844 3025 2228 3097 subrogatus.

574 3108 744 3162 Hunc
764 3109 1028 3180 primum
1065 3111 1235 3166 aiunt
1273 3128 1344 3167 ex
1398 3111 1862 3184 imperatoribus
1907 3115 1985 3170 ad
2019 3116 2230 3172 Christi
2267 3145 2308 3202 ρ

572 3196 758 3253 ﬁdem
789 3200 1109 3255 accessisse
1136 3217 1148 3254 :
1175 3217 1435 3274 eumque
1467 3201 1674 3258 ultimo
1718 3202 2019 3259 Paschatis
2044 3207 2232 3276 pervi-

575 3284 735 3355 gilio,
778 3285 852 3342 de
902 3287 1168 3360 reliquiis
1200 3290 1560 3346 orationum
1583 3291 1644 3346 in
1693 3291 1941 3348 ecclesia
1993 3294 2227 3364 partici-

572 3389 716 3446 pare
740 3376 992 3432 voluisse
1018 3393 1030 3431 :
1053 3393 1174 3433 non
1193 3379 1357 3450 prius
1387 3380 1667 3436 tamenin
1695 3388 2058 3438 conventum
2090 3383 2232 3440 ﬁde-

570 3464 718 3520 lium
749 3466 1051 3531 accedere,
1086 3467 1503 3524 intercessione
1551 3475 1606 3525 et
1637 3470 2068 3542 impedimento
2098 3472 2228 3543 ejus

572 3555 675 3626 qui
708 3560 832 3610 tum
857 3556 1123 3612 ecclesiae
1173 3557 1408 3629 praefuit
1432 3559 1699 3630 episcopi
1728 3560 1830 3632 (2},
1863 3561 2230 3631 permissum

573 3658 728 3714 esse,
761 3661 948 3718 quam
989 3646 1387 3714 conﬁteretur,
1421 3653 1478 3704 et
1506 3650 1921 3720 pcenitentium
1951 3667 2226 3718 numero,

571 3733 678 3804 qui
709 3734 912 3790 ordine
951 3740 1007 3791 et
1045 3735 1179 3792 loco
1219 3753 1328 3792 suo
1369 3739 1688 3806 segregati,
1729 3739 2043 3810 disciplina
2071 3747 2230 3798 certa

571 3821 1058 3892 explorabantur,
1075 3831 1528 3894 aggregaretur:
1553 3827 1718 3900 quod
1738 3843 1860 3882 non
1874 3828 2227 3886 aliterlicere

571 3909 668 3965 ille
687 3910 928 3979 diceret,
957 3913 1068 3966 nisi
1107 3913 1221 3968 hoc
1270 3913 1520 3980 fecisset,
1557 3919 1801 3987 propter
1839 3917 2058 3973 multas
2099 3919 2228 3990 ejus

571 4013 782 4065 noxas,
816 4016 953 4055 cum
994 4001 1258 4057 ecclesia;
1306 4003 1701 4072 multitudine,
1733 4011 2062 4062 conventus
2103 4007 2228 4080 ejus

570 4089 704 4145 festi
734 4091 1085 4162 participem
1127 4091 1274 4148 ﬁeri.
1306 4095 1450 4147 Eum
1478 4109 1639 4159 vero,
1680 4093 1861 4149 rebus
1887 4096 2032 4165 ipsis
2061 4097 2231 4153 timo-

569 4193 698 4234 rem
729 4178 913 4234 divini
971 4181 1236 4235 numinis
1297 4181 1765 4254 religionemque
1808 4183 2077 4240 debitam
2122 4187 2228 4242 rite

571 4271 751 4338 atque
778 4268 1004 4323 sincere
1030 4268 1456 4336 declarantem,
1500 4270 1854 4326 obsecutum
1883 4272 1966 4327 illi
1997 4289 2128 4329 esse
2151 4275 2229 4331 t'e-

568 4362 707 4412 runt
732 4356 833 4428 (3).
875 4357 1148 4429 Philippi,
1176 4359 1281 4430 qui
1323 4365 1550 4430 septem
1584 4360 1904 4432 imperavit
1933 4363 2224 4436 annis“),

2345 1869 2543 1919 Τούτου
2598 1864 2649 1920 δ’
2707 1867 2784 1920 ἐπ’
2847 1867 3077 1922 ἐνιαυτὸν
3163 1866 3546 1941 διαγενομένου,
3599 1870 3739 1944 ἔτερος
3775 1868 3856 1919 Ἀν-

2345 1963 2546 2017 τωνῖνος
2604 1958 2657 2018 ὃς
2712 1956 2941 2020 Γάϐαλος
3005 1958 3278 2030 ἐπεκλήθη,
3338 1963 3431 2018 τὴν
3493 1958 3724 2030 Ῥωμαίων
3776 1960 3855 2026 ἠγε-

2347 2051 2526 2118 μονίαν
2583 2044 2994 2120 παραλαμϐάνει,
3043 2049 3112 2109 ὦς
3157 2067 3249 2119 μοι
3306 2051 3605 2121 προείρηκαι
3632 2063 3643 2074 ·
3679 2051 3752 2098 καὶ
3779 2047 3855 2096 τού·

2346 2153 2438 2186 του
2493 2130 2543 2186 δ’
2595 2133 2678 2187 ἐπὶ
2727 2139 2964 2208 τέσσαρα
3018 2138 3105 2194 ἔτη
3163 2139 3522 2208 ἡγησαμένου,
3596 2131 3853 2206 Ἀλέξανδρος

2348 2225 2373 2276 ὁ
2403 2229 2650 2296 Μαμαίας
2701 2227 2814 2286 υἰός
2858 2221 3124 2297 διάδοχος
3181 2226 3241 2284 ἦν
3273 2243 3286 2256 ⁸
3323 2227 3383 2279 οὗ
3433 2231 3522 2285 τὴν
3569 2229 3738 2299 μητέρα
3781 2225 3854 2275 θεο-

2350 2311 2472 2372 σεϐῆ
2518 2332 2570 2365 τε
2621 2317 2711 2366 καὶ
2759 2312 3020 2374 εὐλαϐείας
3103 2313 3529 2386 ἀντιποιουμένην
3587 2323 3730 2386 μικρῴ
3773 2317 3854 2384 πρὸ·

2350 2404 2468 2454 σθεν
2519 2399 2743 2454 ἀνεῖπον.
2799 2406 2899 2455 Καὶ
2955 2409 3135 2455 τοῦτον
3186 2399 3245 2454 δὲ
3301 2407 3385 2455 τὸν
3443 2399 3736 2475 Ἀλέξανδρον
3769 2398 3853 2453 δέκα

2345 2493 2474 2564 πρὸς
2530 2495 2696 2563 τρισὶν
2748 2493 2886 2543 ἔτεσι
2941 2487 3284 2558 διανύσαντα,
3333 2493 3358 2544 ὁ
3403 2499 3598 2566 Καῖσαρ
3640 2491 3850 2560 Maritum;

2346 2581 2430 2629 ὲπὶ
2516 2586 2614 2630 τῶν
2695 2583 2974 2652 σκήπτρων
3035 2582 3325 2633 καθίστατο
3357 2596 3370 2611 ⁸
3456 2581 3534 2647 οὗ,
3594 2583 3653 2642 ὡς
3695 2583 3848 2650 εἴρηται,

2345 2669 2476 2718 κατὰ
2528 2675 2681 2740 μῆνιν
2742 2665 3110 2742 Ἀλεξάνδρου,
3174 2671 3348 2746 ὅτιπερ
3398 2671 3428 2722 ὀ
3483 2667 3611 2731 οἶκος
3657 2667 3778 2719 αὑτοῦ
3815 2663 3847 2714 ἑκ

2344 2755 2588 2809 πλειόνων
2649 2761 2978 2815 συνειστήκει
3042 2767 3264 2828 πιστῶν,
3320 2761 3450 2820 τοὺς
3499 2767 3593 2811 τῶν
3646 2755 3844 2810 ἐκκλησιῶν

2346 2847 2600 2916 ἡγεμόνας
2666 2850 2850 2918 μόνους
2893 2845 3224 2919 ἀναιρεῖσθαι
3277 2852 3613 2922 προσέταττε.
3657 2852 3734 2899 Τοῦ
3768 2849 3840 2894 Μι-

2346 2933 2548 3004 ξιμίνου
2600 2931 2658 2987 δὲ
2710 2937 2796 2986 τὸν
2847 2932 2960 3007 βίον
3017 2938 3153 2988 κατὰ
3200 2946 3374 3010 τριετῆ
3413 2941 3598 3011 χρόνον
3623 2931 3827 2987 καταλιπόν-

2344 3042 2448 3092 τος,
2500 3020 2783 3097 Γορδιανός
2840 3022 2923 3076 ἐπὶ
2969 3028 3086 3086 τοὺς
3135 3025 3320 3088 ἄξονας
3371 3035 3473 3090 τῆς
3529 3025 3677 3098 ἀρχῆς
3697 3019 3818 3092 ἐγνωρί-

2345 3111 2480 3172 ζετο.
2537 3108 2670 3164 Οὐδ’
2719 3112 2854 3174 ὅλοις
2894 3115 3057 3164 ἔτεσιν
3097 3113 3149 3175 ἐξ
3199 3118 3294 3172 τὴν
3330 3116 3612 3188 ἡγεμονίαν
3647 3111 3820 3162 ἀνύσαντος

2343 3199 2593 3262 Φίλιππος
2641 3200 2751 3273 ἅμα
2796 3198 2952 3254 παιδὶ
3001 3203 3237 3274 Φιλίππῳ
3278 3211 3376 3256 τῶν
3442 3209 3690 3276 σκήπτρων
3714 3198 3829 3268 ἐντιθε-

2341 3293 2436 3352 τὴς
2490 3287 2576 3348 ἦν,
2637 3295 2828 3342 Τοῦτόν
2905 3311 3032 3364 φασι
3091 3301 3292 3364 πρῶτον
3351 3294 3409 3344 ἐκ
3482 3301 3574 3355 τῆς
3623 3292 3838 3361 impura-‘3:

3187 3389 3248 3454 τῇ
3293 3377 3329 3434 δ
3334 3381 3346 3399 ⁸
3377 3384 3580 3456 ὑστάτη
3608 3387 3681 3433 τοῦ
3713 3376 3845 3443 Πάσχα

2338 3464 2634 3540 παννυχίδι
2685 3477 2782 3520 τῶν
2829 3468 2911 3520 ἐπὶ
2964 3477 3054 3529 τῆς
3109 3468 3390 3532 ἐκκλησίας
3438 3471 3601 3542 εὐχῶν
3649 3476 3706 3535 τῷ
3737 3465 3846 3527 λοιπῷ

2341 3564 2737 3630 συμμετασχεῖν
2792 3557 3008 3616 θελῆσαι
3033 3576 3044 3586 ·
3105 3562 3176 3631 μὴ
3231 3564 3407 3631 μέντοι
3465 3566 3684 3633 πρότερον
3724 3555 3845 3623 τυχεῖν

2337 3655 2434 3708 τῆς
2483 3649 2696 3718 ἐφέσεως
2757 3650 2884 3718 πρὸς
2936 3654 3027 3699 τοῦ
3089 3644 3341 3706 τηνικάδε
3395 3658 3497 3702 τῶν
3547 3652 3672 3720 ἱερῶν
3703 3642 3848 3709 ἐξηγου-

2340 3377 2490 3442 ἆξίας
2536 3386 2750 3453 Χριστῷ
2788 3380 3089 3451 προσελθειν
3123 3398 3136 3410 ·

2337 3740 2513 3808 μένου,
2591 3732 2832 3808 ἐμποδὼν
2899 3734 3072 3807 ἐκείνῳ
3149 3739 3552 3810 καθισταμένου,
3608 3737 3732 3808 πρινή
3778 3727 3847 3788 έξθν

2337 3826 2763 3898 μολογήσασθαι,
2813 3831 2904 3878 καὶ
2949 3834 3012 3898 τῇ
3047 3834 3148 3878 τῶν
3195 3831 3576 3898 μετανοούντων
3617 3829 3690 3876 καὶ
3724 3820 3850 3872 στάσει

2337 3920 2427 3968 καὶ
2464 3921 2622 3989 χώρᾳ
2673 3914 3044 3987 ἐξεταζομένων
3099 3915 3279 3968 ἑαυτὸν
3319 3917 3570 3989 καταλέξῃ
3598 3930 3610 3944 '
3647 3907 3757 3985 μηδὲ

2337 4005 2397 4056 οἶν
2481 4003 2646 4064 ἄλλως
2715 4003 2824 4066 ἐξὸν
2903 4000 3032 4056 εἶναι
3110 4003 3246 4075 ἔλεγε
3300 4010 3369 4076 μὴ
3433 4013 3584 4058 τοῦτο
3647 3997 3700 4057 δὴ
3766 3993 3849 4065 δρά’

2339 4113 2520 4158 σαντα,
2581 4100 2977 4165 συμμετασχεῖν
3053 4101 3124 4164 τῷ
3190 4094 3376 4152 πλήθει
3439 4103 3530 4155 τῆς
3597 4089 3848 4158 πανηγύρεως

2339 4180 2432 4236 διὰ
2491 4181 2678 4243 πολλὰς
2723 4182 2891 4243 αἰτίας
2929 4190 3027 4234 τῶν
3096 4184 3210 4235 κατ’
3254 4183 3408 4236 αὐτόν
3467 4186 3561 4236 Τόν
3609 4177 3660 4233 δὲ
3702 4176 3850 4241 πειθαρ-

2337 4281 2454 4346 χεῖν
2481 4272 2685 4325 έλέσθαι
2731 4271 2901 4343 λόγος,
2963 4275 3133 4345 ἔργοις
3167 4277 3224 4325 τὸ
3276 4278 3395 4346 περὶ
3445 4275 3511 4325 τὰ
3541 4274 3642 4325 θεῖα
3682 4262 3847 4324 dion-"'1

2338 4368 2430 4421 τὴν
2505 4363 2840 4419 καθήκουσαν
2912 4361 3175 4414 εὐλάϐειαν
3249 4367 3480 4433 γνησίως
3573 4361 3840 4432 ἐμφαίνοντα’

572 4445 782 4501 Decius
840 4446 1050 4501 Christi
1103 4455 1448 4518 persecutor
1496 4464 1807 4505 successor
1863 4449 1991 4505 fuit.
2047 4452 2159 4523 37

2260 4461 2305 4515 D
2339 4456 2428 4504 καὶ
2477 4449 2726 4504 Φίλιππον
2780 4447 2829 4502 δ’
2865 4450 2970 4523 οὐχ
2999 4452 3151 4510 ἧττον
3197 4451 3225 4510 ἣ
3263 4451 3393 4504 ἐπτά
3421 4449 3764 4525 βασιλεύσαντα
3788 4442 3840 4525 ξπ

571 4536 760 4606 Atque
780 4534 832 4593 is
855 4535 1098 4591 biennio
1127 4535 1431 4608 inimperii
1453 4536 1709 4593 culmine
1731 4529 2229 4605 transacto,Gallo

571 4639 773 4680 rerum
827 4640 1131 4680 summam
1173 4640 1402 4680 annum
1425 4631 1481 4682 et
1507 4641 1746 4682 menses
1795 4634 1928 4684 octo
1959 4629 2229 4686 obtinen-

571 4712 716 4770 dam
745 4713 1005 4786 reliquit.

1187 4820 1407 4877 CAPUT
1443 4821 1622 4877 xxvr.
1702 4789 1704 4792 ’

613 4909 726 4978 Qui
755 4914 875 4967 tum
908 4924 1266 4981 magnarum
1288 4911 1525 4967 urbium
1555 4911 1810 4982 episcopi
1849 4913 2186 4982 ﬂoruerint.

645 5070 756 5138 Qui
777 5086 912 5127 vero
943 5071 1055 5126 sub
1080 5070 1172 5126 his
1197 5071 1658 5142 imperatoribus
1691 5073 1951 5128 ecclesiis
1981 5075 2229 5146 praefue-

570 5166 730 5226 runt,
761 5161 799 5215 ii
840 5165 998 5216 sunt.
1042 5163 1236 5216 Romae
1287 5160 1623 5218 Alexandro
1661 5163 2012 5234 imperante,
2049 5165 2228 5221 Urba-

645 5267 1107 5350 (l)‘_Maximinus
1136 5284 1274 5350 cum
1308 5267 1446 5348 .ﬁlio
1499 5268 1658 5350 apud
1700 5269 2225 5350 Aquileiam__occi-

576 5354 696 5417 sus.
726 5341 849 5424 mox
886 5355 1130 5424 quoque
1170 5341 1482 5424 Maximus.
1516 5341 1824 5424 Pupienus.
1856 5341 2225 5424 etBalbinus

577 5410 764 5490 impp.
793 5411 944 5491 lecti,
985 5410 1221 5492 militari
1275 5410 1530 5492 tumultu
1574 5410 1849 5483 jugulati,
1878 5419 1935 5469 et
1986 5414 2224 5486 Gordia-

577 5481 910 5548 nusjunior
933 5481 1098 5536 solus
1127 5482 1462 5552 imperavit.
1578 5481 1588 5483 ἡ
2120 5484 2122 5486 ’

651 5548 726 5619 (2)
766 5551 1134 5625 Episcopalis
1188 5552 1472 5610 libertatis
1521 5552 1883 5624 exemplum,
1927 5555 2223 5613 Fabianus

2340 4542 2366 4592 ὁ
2414 4542 2550 4592 κατά
2597 4547 2828 4614 Χριστοῦ
2881 4545 3054 4612 μανεὶς
3111 4537 3429 4612 διαδέχεται
3475 4545 3676 4600 Δέκιος·
3721 4524 3836 4592 ὁςδνθ

2339 4632 2425 4687 ἔτη
2487 4627 2737 4694 ἐπιϐιοὺς,
2777 4635 2886 4691 τοῖς
2937 4633 3056 4703 περὶ
3111 4628 3299 4682 Γάλλον
3368 4632 3482 4691 ἔτος
3528 4631 3574 4681 ἓν
3623 4629 3695 4678 καὶ
3735 4625 3832 4692 pf“;

2339 4717 2473 4771 ὀκτὼ
2505 4714 2880 4790 διαγενομένοις
2909 4722 3002 4777 τὴν
3040 4717 3216 4792 ἀρχὴν
3257 4719 3639 4792 κατελίμπανεν.

2919 4826 3163 4880 arma.
3208 4825 3346 4908 ag.
3773 4899 3787 4909 _
3825 4902 3829 4909 Ι

2337 4914 2521 4968 Ὅσοι
2559 4922 2675 4966 τῶν
2715 4914 3008 4987 μεγάλων
3046 4899 3291 4968 πόλεων
3335 4924 3407 4988 τῇ
3452 4913 3736 4988 ἱερωσύνῃ
3765 4899 3844 4955 διέ·

3002 5006 3260 5060 πρεποι

2408 5076 2474 5128 Οἱ
2527 5071 2585 5127 δὲ
2641 5083 2738 5126 τῶν
2795 5073 3082 5134 ἐκκλησιῶν
3147 5078 3284 5128 κατὰ
3339 5078 3552 5137 τούτους
3603 5067 3844 5143 ἡγησάμην

2337 5164 2481 5216 οὗτοι
2535 5163 2594 5215 οἶν
2671 5171 2786 5218 εἶεν.
2827 5168 2925 5216 Τὸν
2978 5166 3067 5236 μὲν
3120 5166 3169 5216 ἐν
3225 5163 3392 5238 Ῥώμη
3444 5166 3634 5236 θρόνον,
3680 5152 3844 5212 Ἀλεξτν

2338 5274 2504 5331 Rom.
2539 5271 2804 5326 antistes.
3596 5339 3601 5340 ί
3741 5331 3768 5340 ,,
3821 5325 3826 5330 .

2406 5343 2480 5412 (3)
2521 5343 2889 5414 ΕκεωρΙιιω
2924 5341 3270 5414 principis,”
3287 5339 3682 5414 ecclesiastica:
3705 5331 3838 5414 diser

2333 5410 2671 5486 plin'aeisese
2698 5410 3136 5486 submittentis;
3155 5412 3468 5486 Philippus
3487 5410 3785 5483 imperator.

2403 5485 2482 5556 (4)
2520 5485 2832 5557 Eutropius
2853 5486 3120 5558 quinque
3159 5483 3570 5542 annos'habet.
