4036 6288
120 321 269 376 1117

1177 319 1739 377 ΕΟΟΕΕΞῙΑΞΤΙΕΛΕ
1786 320 2142 378 ΗῙΞΤΟΒΙΑΞ
2185 323 2320 379 LIB.
2364 326 2426 380 V.

3361 324 3501 379 1118

117 443 263 519 δρου
317 449 382 501 τὰ
429 455 670 520 σκῆπτρα
729 444 1172 522 διαχειρίζοντος,
1237 447 1503 520 Οὐρϐανὸν
1571 451 1721 501 ἕτεσιι

1845 462 1946 513 no,
1975 449 2080 520 qui
2101 453 2234 506 octo
2255 452 2428 507 annis
2454 451 2731 508 Ecclesiae
2755 451 3149 508 ministerium
3177 449 3258 506 ibi
3287 447 3498 520 gessit,

115 538 266 590 ὀκτὼ
334 537 798 611 λειτουργήσαντα,
893 541 1170 598 Ποντιανὸς
1260 535 1556 609 διεδέχετο.
1625 537 1736 608 Ἐπ⁶

116 629 267 680 ἔτεσι
319 623 377 680 δε
424 631 512 679 καὶ
565 633 745 679 τοῦτον
794 625 847 689 ἓξ
887 635 950 699 τῇ
1005 625 1262 698 ἐπισκοπῇ
1311 626 1480 688 καλῶς
1523 623 1738 699 διαπρέ-

113 715 301 786 ψαντα
328 719 408 768 ἐπὶ
458 712 764 790 Γορδιανοῦ,
799 715 1046 790 Ἀντέρως
1103 711 1366 786 διάδοχος
1409 712 1490 774 ἡν.
1541 722 1736 768 Τοῦτον

118 801 174 856 δ’
239 804 325 856 ἐπὶ
377 813 517 876 μῆνα
563 801 1032 876 διακονησάμενον,
1094 803 1350 867 Φαϐιανός
1414 805 1583 856 θεόθεν
1649 806 1737 855 τὸν

114 901 213 954 τῆς
270 894 590 967 λειτουργίας
656 893 844 966 κλῆρον
905 893 1231 965 ἐλάμϐανεν·
1291 895 1344 946 ὃν
1413 913 1542 964 φασι
1608 895 1740 964 μετὰ

113 982 364 1042 τελευτὴν
428 982 748 1057 Ἀντέρωτος
821 982 1037 1056 ἀγρόθεν
1123 987 1324 1041 ἥκοντα
1379 983 1491 1054 μεθ’
1557 981 1738 1054 ἑτέρων

116 1068 414 1146 διατρίϐειν
474 1071 524 1124 ἓν
569 1071 761 1145 Ῥώμη.
815 1079 926 1124 Τῶν
982 1068 1033 1125 δ’
1093 1071 1142 1124 έν
1194 1071 1364 1144 Ῥώμη
1418 1070 1735 1135 ἐπισκόπων,

109 1166 209 1213 καὶ
268 1169 369 1214 τῶν
423 1156 655 1233 ἀδελφῶν
719 1162 922 1214 πάντων
985 1160 1063 1214 ἐπ’
1124 1159 1414 1222 ἐκκλησίας
1464 1165 1591 1236 περὶ,
1647 1169 1738 1214 τοῦ

111 1249 394 1322 μέλλοντος
448 1253 536 1302 τὸν
610 1253 785 1325 θρόνον
813 1247 1073 1322 δέχεσθαι
1132 1252 1559 1326 συγκροτούντων
1619 1270 1739 1303 συν.

108 1336 314 1413 έδριον,
373 1343 463 1392 καὶ
506 1344 601 1399 τὴν
641 1339 818 1412 ψῆφον
872 1341 960 1393 ἐπὶ
1013 1340 1220 1401 πολλοῖς
1263 1349 1361 1392 τῶν
1413 1338 1544 1410 ἆγαν
1589 1335 1739 1391 ἓνδό-

116 1429 223 1491 ξων
273 1448 585 1500 περιφανῶν,
631 1427 682 1480 έν
745 1431 964 1501 ὑπονοίᾳ
1011 1437 1102 1481 τοῦ
1151 1432 1387 1482 τοιούτου
1435 1427 1736 1502 λειτουργή-

111 1538 286 1590 ματος
343 1523 518 1584 ὄντων,
576 1518 839 1584 Θαόντων,
888 1523 1066 1593 παρὼν
1109 1524 1198 1572 καὶ
1247 1517 1502 1579 Φαϐιανὸς
1554 1513 1734 1570 οὐδενὶ

1336 1609 1476 1680 ὅμως
1532 1603 1586 1660 δ’
1643 1604 1731 1659 οὖν

111 1697 306 1770 ἀθρόον
352 1699 504 1750 ποθεν
555 1700 838 1773 περιστερὰ
893 1703 1239 1762 καταπτᾶσα,
1282 1705 1343 1770 τῇ
1417 1696 1608 1750 ἐκείνου
1677 1709 1731 1749 τε

109 1611 207 1680 μὲν
260 1616 362 1660 τῶν
412 1606 706 1661 ἐπισκόπων
762 1609 830 1669 εἰς
891 1614 1100 1681 μνήμην
1149 1610 1231 1681 im
1271 1625 1283 1638 '

1847 537 2169 594 Pontianus
2196 541 2506 598 successit.
2539 543 2640 597 Hic
2678 542 2854 597 annis
2886 557 2990 596 sex
3047 539 3160 595 sub
3195 538 3495 595 Gordiano

1846 625 2201 696 episcopatu
2239 629 2344 684 rite
2401 629 2660 693 functus,
2717 634 3037 685 Anteroten
3083 641 3494 682 successorem

1845 713 2075 770 habuit.
2106 717 2230 780 Quo
2253 723 2388 788 post
2410 734 2680 774 mensem
2706 734 2894 774 unum
2920 718 2981 773 in
3003 715 3327 788 episcopali
3361 731 3465 770 mu
3481 743 3501 757 -

1847 816 1988 856 nere
2031 809 2286 868 mortuo,
2355 805 2638 861 divinitus
2701 821 2875 862 sacra
2934 802 3373 862 administratio
3414 802 3496 858 ad

1847 889 2182 946 Fabianum
2211 898 2298 948 est
2327 893 2544 963 delata,
2571 911 2752 968 quem
2784 895 2990 950 dicunt
3043 898 3171 964 post
3201 892 3494 947 Anterotis

1849 986 2102 1036 mortem
2128 997 2200 1037 ex
2231 998 2376 1052 agro
2423 987 2674 1041 Romam
2704 985 2960 1050 venisse,
3007 988 3185 1055 atque
3233 981 3316 1036 ibi
3355 996 3493 1036 cum

1849 1067 1977 1125 aliis
2007 1076 2309 1127 veratum
2332 1087 2485 1128 esse.
2519 1076 2666 1130 Cum
2709 1089 2849 1129 vero
2901 1073 3104 1129 Romae
3133 1070 3403 1142 episcopi
3443 1076 3498 1125 et

1848 1157 2057 1213 fratres
2085 1174 2295 1216 omnes
2316 1161 2377 1216 in
2402 1161 2654 1218 ecclesia
2677 1163 2754 1218 ad
2785 1163 3140 1234 episcopum
3165 1159 3494 1216 creandum

1847 1249 2283 1316 convenissent,
2312 1257 2492 1323 atque
2514 1251 2801 1323 suffragia
2815 1250 3226 1321 deligentium,
3254 1249 3328 1304 de
3345 1247 3498 1302 mul-

1846 1336 1919 1391 tis
1941 1338 2242 1408 praeclaris
2273 1346 2330 1396 et
2357 1341 2682 1397 illustribus
2712 1342 2872 1410 viris,
2896 1341 3117 1412 quibus
3138 1354 3274 1394 eam
3306 1337 3497 1407 digni-

1847 1430 2026 1482 tatem
2057 1427 2338 1484 collatum
2365 1431 2434 1486 iri
2486 1431 2802 1486 hominum
2846 1429 3049 1501 opinio
3107 1433 3252 1492 erat,
3303 1427 3498 1482 varia-

1843 1520 1992 1580 rent,
2023 1516 2188 1572 aﬁ‘uit
2223 1519 2403 1576 etiam
2449 1521 2746 1576 Fabianus
2798 1536 2810 1574 :
2853 1525 2910 1576 et
2963 1518 3244 1590 quamvis
3300 1516 3377 1571 de
3424 1531 3496 1570 eo

1842 1604 1987 1660 nulli
2015 1606 2436 1678 episcoporum
2478 1610 2540 1664 in
2576 1615 2838 1667 mentem
2869 1609 3114 1673 veniret,
3175 1607 3496 1676 derepente

1842 1697 2042 1750 tamen
2085 1695 2361 1752 alicunde
2399 1698 2688 1754 advolans
2731 1699 2808 1770 (1)
2841 1697 3142 1759 columba.
3185 1712 3255 1752 ac
3315 1692 3496 1765 capiti

120 1786 496 1838 ἓπικαθίσασα
548 1786 765 1859 κεφαλῇ,
825 1784 984 1846 δῆλον
1018 1785 1176 1839 ἐποίει
1208 1790 1294 1839 τὸν
1333 1784 1522 1860 ἄνδρα,
1573 1789 1721 1840 Ἐπα-

1838 1783 1967 1853 ejus
1987 1784 2273 1852 insidens,
2319 1803 2457 1842 eum
2502 1787 2858 1857 designavit,
2895 1793 2950 1842 et
2982 1786 3264 1859 Spiritum
3315 1785 3376 1838 in
3426 1798 3496 1838 eo

121 1876 456 1928 ναπαύεσθαι
509 1878 612 1950 γὰρ
662 1875 804 1947 αὐτῷ
850 1879 910 1928 τό
955 1883 1164 1948 Πνεῦμα
1218 1877 1454 1948 ἐμήνυεν,
1504 1876 1555 1928 ἐν
1599 1875 1729 1930 εῖδει

108 1971 424 2036 περιστερᾶς
477 1964 660 2026 εἰωθὸς
699 1967 975 2037 φαίνεσθαι
1006 1985 1020 1997 ·
1079 1967 1217 2018 καθὰ
1269 1962 1335 2024 δὴ
1369 1970 1460 2018 καὶ
1497 1974 1568 2037 τῷ
1627 1973 1728 2018 Σω-

107 2061 236 2128 τῆρι
283 2054 445 2106 πάλαι
475 2052 739 2126 τάσφαλὲς
789 2062 1155 2129 μαρτυροῦσα,
1204 2061 1297 2113 τὴν
1350 2060 1518 2126 φωνὴν
1567 2055 1725 2108 εἷλκεν

105 2145 192 2194 ἐπὶ
251 2146 338 2194 τόν
395 2143 566 2214 λόγον.
621 2142 726 2215 Ἐφ’
892 2147 1064 2197 πάντα
1113 2148 1201 2197 τόν
1253 2145 1374 2197 λαὸν
1441 2143 1728 2217 ἐφησθέντα

105 2239 181 2301 τῷ
222 2229 529 2305 παραδόξῳ,
574 2234 735 2306 ὁμόσε
793 2236 1218 2306 προθυμηθέντα,
1274 2239 1362 2287 καὶ
1409 2239 1491 2298 τό,
1523 2232 1722 2300 Ἀξιος,

107 2318 496 2392 ἀναϐοήσαντα,
553 2323 608 2374 ἔκ
661 2325 849 2375 τούτου
893 2319 1093 2395 σχεδὸν
1123 2322 1208 2376 ἐπὶ
1237 2327 1323 2376 τόν
1375 2331 1471 2386 τῆς
1515 2325 1725 2376 ἑπισκο-

101 2418 209 2470 πῆς
259 2411 437 2484 θρόνον
481 2408 866 2484 ἐγκαθιδρῦσαι
896 2426 910 2442 ⁸
955 2411 1010 2463 ὃν
1067 2417 1158 2465 καὶ
1217 2411 1300 2465 ἐπὶ
1339 2421 1412 2484 τῷ
1463 2416 1600 2466 κατὰ
1638 2418 1729 2466 Ai”

103 2518 216 2550 κιον
267 2495 487 2572 διωγμῷ
550 2506 845 2574 μαρτυρίου
908 2503 1139 2574 στεφάνῳ
1214 2506 1308 2560 τὴν
1363 2507 1722 2573 πνευματικὴν

103 2588 516 2659 καταστέψαντα
579 2594 832 2663 κορυφὴν,
918 2591 1202 2663 Κορνήλιος
1260 2595 1354 2650 τὴν
1431 2590 1723 2651 ἔπισκοπὴν

101 2673 398 2741 διεδέξατο.
458 2681 602 2732 Κατὰ
647 2675 706 2732 δὲ
755 2685 848 2738 τὴν
915 2677 1308 2756 Ἀλεξάνδρειαν
1372 2678 1718 2754 Ἀλεξάνδρου

104 2773 203 2818 τοῦ
255 2775 346 2828 τῆς
441 2774 695 2841 Μαμαίας
758 2771 1182 2842 ἡγεμονεύοντος,
1252 2775 1547 2845 Δημήτριος
1617 2779 1719 2823 τῶν

107 2854 280 2906 ἐκεῖσε
329 2865 611 2928 παροικιῶν
687 2862 779 2916 τὴν
841 2859 1165 2934 λειτουργίαν
1241 2863 1372 2932 μετὰ
1438 2859 1720 2914 Ἰουλιανόν

105 2947 498 3017 τεσσαράκοντα
557 2952 648 3000 καὶ
709 2953 886 3020 τρισὶν
941 2951 1105 3001 ἔτεσιν
1165 2951 1311 3024 ἱερῶς
1363 2952 1719 3024 ἡγησάμενος,

99 3031 334 3107 Ἡρακλᾴ
382 3035 456 3106 τῷ
509 3037 780 3109 φιλοσόφῳ
844 3042 935 3090 καὶ
1008 3043 1194 3113 πρώτῳ
1244 3046 1344 3091 τῶν
1417 3041 1717 3111 Ὠριγένους

96 3119 459 3176 σπουδαστῶν
509 3125 812 3179 καταλείπει
863 3131 948 3180 τόν
999 3130 1196 3202 θρόνον.
1259 3133 1360 3182 Καὶ
1415 3132 1600 3182 τούτου
1660 3126 1718 3183 δε

97 3216 230 3284 μετὰ
288 3218 463 3289 τρίτον
526 3221 618 3268 καὶ
680 3213 899 3269 δέκατον
955 3219 1065 3279 ἔτος
1118 3220 1177 3272 τό
1234 3216 1491 3292 βιώσιμον
1533 3219 1718 3292 μεταλ·
1753 3192 1793 3248 C

95 3301 369 3371 λάξαντος,
423 3304 450 3355 ό
515 3304 682 3366 πολύς
739 3309 1004 3368 Διονύσιος
1059 3310 1143 3360 ἰπὶ
1193 3317 1291 3360 τῶν
1339 3308 1715 3367 ἐκκλησιαστι-

95 3399 200 3442 κῶν
250 3393 441 3444 οἰάκων
514 3400 606 3454 τῆς
681 3391 1022 3468 Ἀλεξάνδρου
1092 3395 1369 3452 ἀνέϐαινεν.
1430 3395 1714 3470 Γορδιανοῦ

92 3478 490 3552 βασιλεύοντος.
525 3482 601 3534 Οὐ
645 3488 750 3555 μὴν
808 3481 866 3536 δε
906 3484 1032 3538 ἀλλὰ
1077 3491 1166 3538 καὶ
1209 3489 1345 3539 κατά
1391 3492 1484 3546 τήν
1515 3488 1718 3540 Ἀντιό-

89 3589 207 3641 χου
255 3573 344 3622 τὸν
407 3569 819 3632 Ἀσκληπιάδην
873 3575 1094 3638 Φιλητὸς
1137 3572 1430 3648 διεδέχετο,
1480 3577 1718 3640 Ἀλεξάν..

90 3657 234 3734 δρου
268 3656 534 3722 διέποντος
582 3665 676 3720 τὴν
710 3660 884 3736 ἀρχὴν
919 3685 933 3697 ο
988 3664 1049 3717 οὗ
1102 3665 1307 3727 Ζέϐενος
1346 3663 1498 3728 αὖθις
1529 3663 1717 3720 διάδο-

88 3767 200 3821 χος
256 3745 337 3806 ἧν.
416 3753 514 3802 Τόν
601 3747 652 3803 δ’
719 3755 804 3804 ἐπὶ
875 3751 1169 3825 Γορδιαδοῦ
1236 3756 1634 3822 τελευτήσαντα,
1689 3767 1716 3817 ὁ

93 3840 420 3913 ἱερομάρτυς
478 3838 710 3902 Βαϐύλας
758 3844 854 3903 τὰς
917 3845 1054 3916 ἱερὰς
1113 3845 1263 3906 ἡνίας
1317 3841 1689 3918 διεχειρίζετο·

103 3927 165 3979 ὃν
225 3929 358 3998 μετὰ
426 3931 522 3986 τὴν
594 3929 870 4001 ὁμολογίαν
931 3934 980 3984 ἓν
1035 3929 1381 4007 δεσμωτηρίῳ
1431 3939 1524 3994 τὴν
1584 3939 1714 3998 ζωὴ·

91 4015 458 4088 ἁμα-φάμενον
494 4020 578 4070 ἐπὶ
637 4024 837 4086 Δεκίου,
872 4020 1062 4084 Φάϐιος
1119 4031 1212 4084 τῆς
1266 4024 1450 4077 αὐτόθι
1499 4025 1716 4083 Ἐκκλην

95 4110 221 4164 σίας
278 4108 586 4177 προῖστατο.
649 4109 766 4160 Ἐπὶ
815 4115 950 4163 πᾶσι
1006 4113 1206 4173 τούτοις
1259 4115 1391 4184 μετὰ
1436 4117 1523 4166 τὸν
1571 4133 1717 4187 περιο

93 4193 291 4252 ϐόητον
341 4193 387 4255 ές
436 4195 658 4270 ὕστερον
689 4199 1017 4271 Νάρκισσον,
1076 4201 1266 4273 μᾶλλον
1321 4200 1380 4256 δε
1415 4207 1507 4256 σὺν
1554 4203 1720 4274 αὐτῷ·

93 4285 236 4357 μετὰ
284 4289 398 4336 Δῖον
449 4290 539 4337 καὶ
595 4290 925 4359 Γερμανίωνά
969 4308 1023 4343 τε
1079 4295 1169 4343 καὶ
1221 4288 1460 4366 Γόρδιον,
1500 4301 1589 4354 τῆς
1633 4292 1716 4359 Ἱε,

93 4372 408 4446 ροσολύμων
512 4381 791 4449 παροικίας
903 4381 998 4437 τὴν
1089 4385 1441 4453 ποιμαντικὴν
1521 4379 1718 4436 διεῖπεν

94 4458 466 4536 Ἀλέξανδρος,
526 4468 642 4537 περὶ
697 4464 758 4516 οὗ
803 4465 960 4518 πολύν
1017 4467 1168 4540 λόγον
1231 4469 1411 4523 ἁνόπιν
1469 4470 1721 4531 ἐποιησά-

94 4572 205 4624 μην
240 4570 254 4583 ο
315 4548 465 4612 ὃςδὴ
518 4558 608 4606 καὶ
651 4553 1023 4628 Ὠριγένειτόις
1077 4566 1266 4634 χεῖρας
1318 4560 1595 4626 ἐπιϐαλὼν,
1646 4571 1719 4631 τῷ

95 4648 202 4693 τῶν
255 4639 619 4714 πρεσϐυτέρων
687 4651 868 4697 τοῦτον
925 4645 1256 4718 ἕγκαταλέγει
1337 4648 1556 4721 βαθμῷ.
1623 4649 1716 4714 ’ος

97 4731 352 4802 πρότερον
405 4738 467 4803 τῇ
552 4732 677 4807 ὑπερ
750 4741 981 4808 Χριστοῦ
1064 4733 1362 4810 διαπρέψας
1440 4739 1711 4811 ὁμολογίᾳ,

96 4826 207 4878 τοῖς
255 4821 503 4892 πρότερον
554 4815 823 4894 διωγμόις,
896 4827 1026 4895 μετὰ
1095 4829 1189 4884 τὴν
1245 4835 1345 4878 τῶν
1423 4827 1714 4903 Ἰεροσολύ-

96 4929 212 4980 μων
264 4904 569 4982 προεδρίαν,
630 4907 781 4982 βαθεῖ
833 4930 886 4964 τε
932 4916 1074 4988 γήρᾳ
1145 4919 1235 4967 καὶ
1301 4913 1508 4988 λιωαρῷ
1565 4937 1714 4970 κατε-

99 4999 387 5070 στεμμένος
444 4994 591 5060 αὖθις
647 4997 695 5051 ἐν
753 5006 1045 5074 Καισαρείᾳ
1116 5011 1221 5064 τοῖς
1290 5005 1415 5078 ὑπὲρ
1480 5014 1710 5060 Χοιστοῦ

98 5083 498 5161 δικαστηρίοις,
549 5093 727 5142 Δεκίου
784 5093 870 5142 τὸν
924 5087 1158 5163 διωγμὸν
1209 5092 1281 5154 εἰς
1331 5101 1467 5166 μέγα
1505 5095 1710 5172 ἀναρρι-

95 5176 368 5240 πίζοντος,
435 5179 731 5251 παραστὰς,
809 5185 898 5233 καὶ
967 5190 1258 5254 περιφανῶς
1340 5190 1705 5257 μαρτυρήσας»

98 5266 190 5318 ἐπὶ
251 5273 345 5327 τῆς
391 5267 600 5340 εἱρκτῆς
650 5270 733 5319 τὸν
779 5266 897 5340 βίον
945 5269 1191 5332 ἑξελιπεν.
1244 5271 1425 5325 Ἡνίκα
1474 5279 1563 5326 καὶ
1609 5283 1708 5328 Βα-

99 5354 266 5415 ϐύλας
319 5357 404 5406 τὸν
459 5357 584 5428 ὑπερ
652 5364 890 5431 Χριστοῦ
940 5358 1115 5432 ἀγῶνα
1163 5356 1432 5435 διήνεγκεν
1482 5366 1565 5416 ἐπὶ
1616 5373 1707 5426 τῆς

176 5542 260 5685 ξιξ
290 5540 585 5624 Eusebius
615 5543 768 5599 libro
792 5560 866 5610 v1,
901 5560 1034 5627 cap.
1064 5548 1152 5602 29.

203 5615 235 5667 2
291 5615 830 5685 Fabianusmartyr
853 5621 1152 5675 anmsl2c

203 5615 259 5685 2)
291 5615 830 5688 Fabianusmartyr
853 5615 1026 5675 annis
1047 5617 1468 5678 l2cathedram
1492 5623 1707 5680 Roma-

1838 1874 2220 1944 acquiescere
2249 1876 2632 1947 signiﬁcavit,
2667 1878 2729 1933 in
2757 1876 3048 1933 columbae
3079 1875 3275 1947 specie
3308 1888 3499 1944 appa-

1836 1977 1964 2018 rere
1995 1963 2234 2020 solitum
2268 1981 2281 2020 :
2312 1966 2830 2037 quemadmodum
2863 1966 3005 2021 olim
3037 1970 3261 2020 certum
3291 1964 3496 2018 Serva-

1837 2052 1947 2106 tori
1968 2053 2272 2123 perhibuit
2293 2054 2724 2121 testimonium,
2748 2071 2957 2111 vocem
2982 2054 3283 2110 cmlestem
3312 2065 3494 2122 super

1836 2140 2033 2213 ipsum
2066 2143 2322 2200 Verbum
2351 2146 2717 2217 pertrahens.
2752 2147 2882 2212 Qua
2918 2161 2981 2200 re
3007 2161 3107 2200 am
3136 2140 3494 2200 admiranda

1838 2231 2150 2288 universus
2189 2234 2449 2307 populus
2501 2236 2848 2300 delectatus,
2899 2235 3113 2290 eadem
3163 2233 3488 2294 alacritate,

1835 2326 2014 2393 atque
2044 2323 2254 2379 eodem
2288 2323 2468 2380 simul
2514 2341 2615 2381 ore
2646 2341 2857 2381 omnes
2894 2324 3143 2395 dignum
3177 2339 3316 2378 eum
3356 2337 3490 2378 esse

1831 2416 1888 2466 et
1915 2411 2202 2468 idoneum
2240 2413 2742 2478 acclamaverunt,
2775 2419 2831 2470 et
2861 2413 3144 2470 continuo
3169 2413 3230 2467 in
3262 2412 3489 2482 episco-

1833 2499 1953 2571 pali
1977 2500 2230 2557 thorono
2261 2502 2646 2558 collocarunt.
2680 2505 2868 2574 Atque
2908 2502 2956 2556 is
2977 2503 3037 2557 in
3073 2500 3489 2573 persecutione

1833 2591 1946 2646 sub
1984 2592 2156 2646 Decio
2203 2592 2573 2663 spiritualem
2621 2593 2900 2649 verticem
2941 2590 3212 2662 martyrii
3259 2604 3483 2645 corona

1831 2688 2155 2736 exornatus
2187 2681 2286 2753 (2),
2336 2683 2744 2754 episcopatum
2771 2681 2848 2738 ad
2875 2680 3216 2737 Cornelium
3247 2694 3485 2734 succes-

1832 2785 2028 2825 sorem
2060 2771 2406 2828 transmisit.
2461 2771 2833 2827 Alexandriae
2882 2776 3103 2834 autem,
3138 2767 3478 2824 Alexandro

1827 2859 2154 2916 Mammaaae
2177 2859 2294 2915 ﬁlio
2323 2862 2674 2932 imperante,
2729 2866 2864 2932 post
2913 2859 3213 2916 Julianum
3270 2858 3481 2913 Deme-

1829 2947 1995 3014 trius,
2027 2949 2132 3021 qui
2156 2948 2561 3021 quadraginta
2605 2937 2794 3006 tribus
2831 2949 3007 3005 annis
3047 2961 3357 3004 sacrarum
3390 2960 3486 3000 ec-

1826 3036 2215 3094 ecclesiarum
2229 3040 2629 3109 regendarum
2649 3055 2871 3095 munus
2893 3038 3142 3094 obierat.
3169 3033 3482 3091 Heraclam

1825 3125 2278 3198 philosophum,
2301 3129 2777 3200 primariumque
2803 3127 3067 3198 Origenis
3098 3123 3482 3197 discipulum,

1827 3230 2239 3272 successorem
2274 3217 2504 3273 habuit.
2555 3218 2735 3290 376
2769 3217 2877 3274 Sed
2913 3216 3152 3280 ethuic,
3181 3230 3318 3270 cum
3343 3217 3484 3284 post

1828 3319 2057 3360 annum
2103 3305 2496 3363 tredecimum
2547 3310 2932 3379 episcopatus
2980 3307 3071 3360 sui
3097 3303 3480 3370 decessisset,

1827 3409 2088 3463 magnus
2117 3395 2442 3467 Dionysius
2470 3397 2772 3461 successit,
2806 3395 3101 3452 Gordiano
3133 3399 3258 3449 tum
3297 3392 3484 3462 impe-

1826 3487 2018 3540 rante.
2045 3485 2299 3540 Rursum
2331 3485 2656 3541 Antiochiae
2686 3485 2799 3541 sub
2852 3482 3175 3540 Alexandri
3224 3479 3479 3552 imperio

1826 3588 1886 3642 in
1917 3572 2242 3644 episcopali
2299 3573 2598 3630 functione
2648 3574 3016 3646 Asclepiadm
3049 3571 3334 3627 suffectus
3394 3573 3484 3623 est

1827 3660 2126 3720 Philetas:
2173 3662 2345 3733 cujus
2389 3662 2604 3719 deinde
2660 3664 2928 3719 Zebenus
2984 3675 3296 3717 successor
3344 3657 3474 3712 fuit.

1829 3748 2120 3806 Caeterum
2159 3767 2230 3808 eo
2258 3767 2500 3824 quoque
2541 3753 2655 3808 sub
2699 3751 3001 3808 Gordiano
3040 3748 3339 3812 defuncto,
3374 3748 3484 3802 Ba-

1828 3838 1999 3910 bylas
2022 3855 2190 3896 sacer
2203 3847 2430 3913 martyr
2445 3841 2714 3898 Ecclesiae
2741 3839 3151 3911 gubernacula
3174 3838 3253 3892 ibi
3282 3851 3484 3892 susce-

1829 3928 1958 3998 pit:
2026 3929 2131 4000 qui
2179 3929 2292 3984 sub
2360 3929 2533 3986 Decio
2582 3937 2717 4001 post
2767 3928 3209 3985 confessionem
3257 3925 3482 3981 fortiter

1827 4018 2054 4074 obitam
2079 4024 2141 4073 in
2175 4018 2429 4074 vinculis
2467 4020 2738 4085 decessit,
2781 4019 3228 4088 Ecclesiamque
3297 4013 3479 4070 Fabio

1828 4108 2156 4178 regendam
2205 4108 2442 4181 reliquit
2479 4109 2578 4181 (3).
2634 4112 2815 4166 Porro
2869 4104 3300 4178 Hierosolymis
3347 4105 3480 4174 post

1828 4197 2212 4254 decantatum
2233 4197 2400 4254 illum
2422 4199 2784 4263 Narcissum,
2815 4214 2919 4253 seu
2944 4197 3145 4270 potius
3169 4210 3306 4250 cum
3336 4193 3478 4249 Nar-

1828 4285 1982 4341 cisso
2030 4286 2182 4356 (Dio,
2223 4287 2617 4342 Germanione
2657 4292 2714 4342 et
2767 4285 2985 4342 Gordio
3040 4279 3477 4339 intervenienti-

1827 4373 1964 4445 bus)
2032 4375 2317 4446 pastorali
2355 4391 2604 4431 munere
2662 4377 2720 4430 in
2776 4374 3036 4430 Ecclesia
3099 4372 3338 4427 functus
3389 4371 3480 4423 est

1826 4463 2160 4521 Alexander
2191 4481 2203 4520 :
2237 4463 2311 4520 de
2327 4480 2443 4538 quo
2470 4465 2532 4520 in
2564 4463 2973 4537 superioribus
3011 4461 3199 4518 multa
3224 4460 3475 4515 fecimus

1751 4527 1797 4582 D
1828 4555 2027 4610 verba.
2060 4554 2114 4608 Is
2142 4555 2454 4624 Origenem
2484 4570 2588 4626 per
2609 4553 3055 4625 impositionem
3088 4565 3382 4607 manuum
3413 4547 3476 4602 in

1829 4643 2286 4715 presbyteorum
2326 4643 2598 4699 ordinem
2654 4644 2813 4713 legit.
2875 4646 2940 4698 Et
2999 4659 3135 4698 cum
3185 4644 3363 4697 antea
3413 4639 3476 4692 in

1827 4733 2124 4804 prioribus
2137 4733 2656 4805 persecutionibus
2669 4732 3105 4788 confessionem
3121 4746 3230 4803 pro
3247 4729 3476 4786 Christo

1824 4836 1961 4876 cum
1991 4821 2170 4878 laude
2203 4822 2423 4878 fortiter
2476 4823 2836 4894 pertulisset,
2870 4829 3006 4894 post
3062 4817 3469 4892 episcopalem

1822 4911 2194 4981 dignitatem,
2226 4927 2347 4984 qua
2379 4912 2804 4984 Hierosolymis
2847 4917 2934 4967 est
2974 4911 3238 4976 functus,
3285 4907 3474 4964 multa

1814 4999 1944 5070 jam
1971 5007 2026 5055 et
2048 5015 2233 5071 prope
2255 5000 2558 5073 decrepita
2584 5007 2884 5058 senectute
2909 5000 3314 5065 venerandus,
3347 5013 3474 5052 rur-

1821 5105 1925 5144 sus
1957 5091 2239 5145 Cassareae
2266 5089 2441 5146 Decio
2464 5091 2789 5161 plurimum
2817 5091 3107 5147 adversus
3132 5089 3338 5145 fideles
3367 5105 3474 5145 saa-

1817 5179 2032 5244 viente,
2061 5178 2137 5234 ad
2162 5178 2437 5249 judicum
2467 5179 2745 5235 subsellia
2783 5195 2892 5252 pro
2951 5181 3178 5236 Christo
3228 5187 3470 5246 tractus,

1817 5267 2052 5338 egregie
2099 5267 2456 5340 martyrium
2501 5269 2666 5335 obiit,
2703 5276 2880 5342 atque
2919 5270 2980 5325 in
3009 5286 3246 5326 carcere
3272 5271 3473 5326 deces-

1816 5357 1914 5411 sit.
1944 5358 2067 5423 Quo
2100 5363 2367 5430 tempore
2395 5364 2450 5414 et
2476 5359 2731 5430 Babylas
2753 5360 2916 5432 apud
2938 5359 3344 5417 Nicomediam
3360 5376 3470 5432 pro

1816 5568 1962 5609 nam
2003 5553 2210 5619 tenuit,
2236 5553 2540 5610 Cornelius
2570 5555 2744 5611 annis
2775 5559 2827 5612 3.

1889 5625 1968 5698 (3)
2009 5624 2118 5682 Alii
2133 5625 2295 5682 hunc
2319 5625 2639 5685 Fabianum
2661 5631 2896 5686 vocant.
