4036 6288
637 279 775 335 1119

1937 277 2324 336 NICEPHORI
2366 277 2683 334 CALLISTI
3764 280 3851 337 1120

632 404 858 462 Christo
888 404 1110 463 fortiter
1164 408 1503 465 decertavit.
1544 408 1707 464 Alius
1742 407 1840 462 hic
1889 405 2145 477 Babylas
2191 407 2274 459 est

2390 400 2727 476 Νικομήδους
2761 422 2773 434 ·
2824 401 2976 463 ἄλλος
3026 399 3173 463 οὗτος
3216 398 3445 459 Βαϐύλας
3490 401 3614 473 παρὰ
3636 402 3862 459 τὸνίνἈν.

631 495 710 550 ab
754 510 844 560 eo,
878 498 980 567 qui
1012 498 1334 553 Antiochiae
1394 498 1507 553 sub
1555 497 1916 555 Numeriano
1966 494 2281 566 pulchram

631 584 939 654 professus
998 590 1089 642 est
1147 587 1602 658 professionem.
1663 584 2084 659 Hierosolymis
2151 586 2283 654 post

629 672 1035 732 Alexandrum
1057 677 1373 748 episcopus
1399 677 1509 733 fuit
1533 676 1943 741 Mazabbanes,
1978 674 2072 729 cui
2100 673 2281 742 longo

629 768 767 835 post
788 770 1052 836 tempore
1082 768 1439 838 Hymenaaus
1485 767 1792 831 successit,
1840 780 2024 836 quem
2082 760 2283 817 multis

630 852 806 908 annis
831 860 1076 911 narrant
1100 856 1372 911 Ecclesiae
1416 856 1746 928 praefuisse.
1780 856 1912 910 Haec
1960 854 2035 909 de
2072 865 2280 909 eorum

628 951 974 1015 temporum
991 945 1256 1017 profante
1279 945 1459 1002 simul
1491 950 1547 1001 et
1567 961 1754 1002 sacrm
1781 944 2023 1000 ditionis
2055 958 2283 998 succes-

629 1033 915 1089 sionibus.
942 1037 1107 1091 Nunc
1130 1035 1331 1092 denuo
1357 1036 1433 1092 ad
1462 1035 1772 1091 historiam
1793 1038 2058 1090 nostram
2088 1046 2278 1089 rever-

629 1122 903 1179 tendum.

1096 1232 1267 1303 377
1322 1231 1549 1289 CAPUT
1584 1231 1786 1287 XXVII.

632 1337 715 1396 De
722 1339 1133 1413 persecutione
1138 1340 1246 1394 sub
1264 1339 1431 1413 Decio
1445 1357 1464 1394 :
1477 1345 1530 1395 et
1545 1342 1609 1413 ut
1625 1339 1960 1413 Cyprianus
1974 1354 2275 1413 episcopus

843 1411 1330 1482 Carthaginensis
1361 1411 1642 1482 martyrio
1683 1413 1757 1466 sit
1794 1411 2059 1481 aﬂectus.

702 1587 911 1644 Decius
935 1588 1013 1644 ad
1042 1589 1413 1661 imperialem
1439 1592 1677 1645 evectus
1701 1588 2071 1659 dignitatem,
2098 1604 2275 1661 prop-

629 1680 719 1732 ter
758 1677 1010 1748 Philippi
1037 1679 1111 1749 (t)
1139 1678 1367 1744 odium,
1395 1680 1498 1750 qui
1530 1679 2053 1734 Christianismum
2083 1678 2276 1734 fuerat

630 1766 999 1840 complexus,
1025 1768 1443 1836 gravissimam
1458 1775 1665 1824 contra
1691 1767 2058 1824 Christianos
2080 1783 2274 1840 perse-

2384 1785 2547 1836 μενον,
2629 1760 2664 1817 δ
2670 1785 2764 1835 ιωγ
2769 1768 2863 1836 μὸν

632 1856 929 1911 cntionem
963 1857 1255 1912 excitavit.
1291 1857 1352 1911 In
1384 1872 1507 1929 qua
1536 1857 1704 1913 multi
1745 1857 1992 1930 quidem
2034 1873 2273 1913 sacrum

633 1959 744 2016 pro
775 1945 1003 2001 Christo
1038 1945 1238 2001 obiere
1270 1952 1569 2001 certamen
1595 1963 1607 2012 ;
1631 1947 1690 2001 in
1713 1946 1919 2018 primis
1948 1952 2149 2002 tamen
2180 1962 2275 2002 ec-

629 2033 948 2090 clesiarum
978 2036 1280 2106 praesides,
1313 2041 1370 2092 et
1394 2036 1737 2108 quicunque
1761 2036 1912 2092 alios
1946 2036 2111 2107 apud
2164 2052 2273 2092 nos

630 2122 972 2194 eloquentia
991 2128 1047 2179 et
1076 2124 1369 2196 sapientia
1393 2124 1831 2189 antecellerent,
1863 2125 2113 2182 infanda
2141 2142 2277 2181 cru-

630 2211 907 2282 deliaque
939 2217 1228 2268 tormenta
1281 2213 1595 2269 tolerantes
1648 2213 1831 2269 vitam
1885 2214 2271 2285 reliquerunt.

628 2300 802 2356 Sicuti
832 2303 1032 2356 Romae
1062 2302 1383 2366 Fabianus,
1414 2303 1474 2357 in
1510 2302 1822 2359 Palaestina
1852 2302 2276 2375 Hierosolymis

627 2389 977 2455 Alexander,
1012 2391 1336 2446 Antiochiae
1399 2396 1596 2446 autem
1654 2392 1909 2463 Babylas
1968 2395 2163 2463 (CUJUS
2214 2393 2275 2448 in

629 2480 979 2551 episcopatu
1026 2480 1231 2535 Fabius
1279 2496 1587 2536 successor
1625 2481 1755 2551 fuit)
1808 2481 2039 2537 bonum
2081 2487 2275 2538 certa-

632 2584 771 2624 men
823 2569 1212 2635 decertantes,
1267 2569 1671 2641 episcopalem
1721 2570 1936 2626 stolam
1985 2572 2274 2641 sanguine

630 2658 816 2713 multo
847 2658 1210 2714 imbuerunt.
1254 2660 1515 2715 Accessit
1560 2660 1639 2716 ad
1676 2660 1787 2716 hos
1817 2660 2171 2729 Carthagine
2210 2661 2272 2716 in

629 2747 922 2818 sapientia
938 2747 1135 2803 clarus
1165 2750 1517 2820 Cyprianus,
1542 2748 1646 2821 qui
1671 2749 1813 2805 olim
1838 2750 2087 2820 magicis
2104 2750 2271 2806 libris

627 2835 979 2891 incubuerat
1003 2836 1102 2906 (2).
1137 2834 1281 2892 Cum
1312 2852 1449 2892 vero
1476 2836 1747 2892 animum
1773 2853 1876 2909 per
1896 2854 2164 2895 amorem
2196 2839 2274 2896 ad

628 2923 655 2977 J
665 2925 947 2992 ustinam,
969 2925 1189 2981 eximia
1200 2925 1404 2981 formes
1432 2926 1872 2997 pulchritudine
1888 2932 2272 2999 praestantem

625 3013 910 3082 puellam,
938 3014 1278 3086 adjecisset,
1309 3015 1771 3087 cupidinemque
1803 3032 1978 3071 suam
2010 3017 2272 3073 daemoni

628 3101 869 3157 cuidam
929 3101 1152 3157 carnali
1182 3110 1238 3158 et
1283 3103 1605 3159 libidinoso
1653 3110 1710 3160 et
1766 3121 2003 3161 amores
2041 3105 2273 3162 illicitos

626 3191 1040 3247 conciliandos
1080 3192 1371 3247 industrio
1424 3194 1791 3260 credidisset,
1837 3209 2031 3267 neque
2072 3202 2275 3250 tamen

632 3281 850 3352 optatis
876 3282 1185 3337 amoribus
1228 3282 1449 3353 perfrui
1499 3290 1716 3355 posset,
1746 3284 1911 3356 quod
1934 3284 2129 3356 puella
2158 3286 2276 3340 vir-

629 3371 936 3439 ginitatem
956 3386 1128 3426 suam
1155 3377 1290 3427 ante
1324 3372 1442 3428 Deo
1473 3380 1905 3439 consecrasset,
1936 3381 1991 3429 et
2018 3381 2141 3430 tum
2170 3375 2277 3443 (ita

639 3464 703 3515 ut
732 3475 843 3531 par
866 3461 1011 3531 erat)
1023 3460 1283 3531 jejuniis,
1318 3462 1757 3532 precationibus
1783 3468 1963 3536 atque
1981 3464 2109 3520 aliis
2136 3464 2276 3521 ﬁdei

633 3549 816 3606 armis
849 3550 1181 3605 castitatem
1214 3556 1473 3607 tueretur
1509 3570 1522 3607 :
1556 3568 1815 3608 errorem
1870 3570 2047 3610 suum
2092 3572 2275 3628 agno-

628 3639 713 3694 vit
741 3645 795 3694 et
820 3639 1173 3711 propalavit,
1201 3639 1594 3713 fraudemque
1626 3648 1680 3698 et
1712 3642 2121 3699 seductionem
2149 3646 2276 3701 diu-

629 3729 843 3793 tinam,
867 3727 1035 3783 libris
1076 3729 1326 3799 magicis
1352 3730 1412 3784 iu
1443 3730 1642 3799 ignem
1675 3733 1979 3803 conjectis,
2012 3734 2274 3790 Vulcano

627 3817 850 3874 dicavit
878 3834 889 3872 :
924 3823 979 3873 et
1008 3833 1113 3889 per
1143 3835 1275 3874 eam
1308 3819 1597 3885 virginem
1629 3820 1856 3877 Christo
1884 3822 2274 3893 pulcherrime

629 3906 1051 3976 desponsatus,
1084 3923 1375 3980 sacraque
1398 3908 1869 3966 Christianorum
1900 3912 2270 3985 complexus,

632 4011 776 4052 mox
835 3998 896 4051 in
950 3998 1437 4069 presbyterorum
1502 3999 1773 4055 ordinem
1820 4003 2032 4073 templi
2069 4007 2272 4059 custos

634 4090 968 4156 cooptatus,
1000 4102 1070 4141 ac
1128 4087 1373 4141 tandem
1404 4089 1506 4143 toti
1536 4086 1743 4143 Africae
1775 4106 2086 4146 sacrorum
2125 4093 2272 4147 anti-

628 4180 747 4230 stes
777 4174 1088 4246 praafectus
1117 4183 1226 4230 est.
1262 4176 1323 4231 In
1363 4192 1486 4247 qua
1536 4176 1841 4233 functione
1894 4181 2272 4237 sermonibus

628 4264 980 4335 scriptisque
1008 4264 1129 4318 suis
1154 4265 1568 4320 cohortatoriis
1603 4268 1929 4336 permultos
1982 4269 2059 4324 ad
2089 4277 2275 4326 certa-

2390 498 2600 566 τιοχείᾳ
2654 496 2738 545 ἐπὶ
2780 498 3135 564 Νουμεριανοῦ
3189 494 3283 548 τὴν
3331 488 3484 547 καλήν
3524 489 3750 561 ὁμολογίαν
3790 496 3865 563 om.

2390 582 2708 653 λογήσαντᾱ.
2758 585 2855 635 Τὸν
2909 578 2967 634 δὲ
3019 583 3149 633 θεῖον
3188 586 3288 631 τῶν
3334 578 3662 653 Ἱεροσολύμων
3703 581 3868 643 Ἀλέξω.

2393 668 2517 745 δρὸν
2574 668 2889 744 διαδέχεται
2954 668 3308 731 Μαζαϐϐάνης
3347 684 3359 697 ·
3426 671 3506 720 τὸν
3578 665 3621 720 δ’
3687 668 3867 740 Ὑμέναιος

2391 760 2560 833 πολλῷ
2616 762 2826 836 ὓστερον
2870 760 3163 835 κληροῦχος
3227 760 3348 811 έτων
3411 755 3591 811 πολλῶν
3656 761 3870 835 ἱστορούμε-

2392 871 2494 912 νος,
2551 856 2649 904 Καὶ
2702 849 2768 903 τὰ
2796 853 2884 923 μὲν
2936 858 3030 912 τῆς
3080 851 3427 921 κατὰχρόνον
3474 844 3870 919 διαδοχῆςτῆςκο-

2395 947 2591 1012 σμικῆς
2618 959 2671 993 τε
2700 944 2790 992 καὶ
2834 942 2973 1013 ἱερᾶς
3003 937 3178 1013 ἀρχῆς
3216 936 3264 989 ἓν
3293 939 3487 998 τούτοις
3516 955 3528 969 ⁸
3554 938 3679 1010 ἡμεῖς
3704 933 3749 990 δὲ
3774 938 3868 990 πάλιν

2393 1028 2476 1082 ἐπὶ
2504 1031 2572 1083 τὰ
2598 1028 2716 1093 ἑξῆς
2746 1036 2844 1090 τῆς
2879 1031 3118 1101 ἱστορίας
3140 1028 3417 1101 προΐωμεν.

2984 1229 3225 1279 ΚΕΦΔΛ.
3261 1222 3386 1282 ΚΖ’.

2389 1338 2540 1408 Περὶ
2575 1341 2683 1387 τοῦ
2727 1335 2887 1387 κατὰ
2920 1337 3138 1408 Δέκιον
3178 1328 3490 1408 διωγμοῦ·
3524 1334 3624 1382 καὶ
3655 1330 3721 1408 ὡμς
3752 1327 3874 1408 ἔμαρ-

2457 1402 2697 1496 τύρησε
2728 1407 3096 1479 Κυπριανὸς
3133 1412 3245 1467 τῆς
3275 1402 3517 1475 ’Δίφρων
3547 1403 3875 1474 Καρθαγίνης

2458 1497 2838 1539 επισκοπος.

2456 1589 2626 1647 Δέκιος
2665 1581 2725 1639 δε
2781 1584 2850 1647 εἰς
2895 1588 2988 1643 τὴν
3028 1582 3205 1656 ἀρχὴν
3260 1581 3539 1657 παρελθὼν,
3590 1587 3645 1652 τῇ
3695 1580 3789 1652 πρὸς
3823 1580 3879 1629 τὸν

2385 1675 2635 1729 Φίλιππον
2680 1673 2957 1746 ἀπεχθείᾳ,
3004 1673 3089 1725 οἶα
3137 1668 3205 1731 δὴ
3256 1674 3323 1723 τὰ
3365 1677 3668 1746 Χριστιανῶν
3705 1667 3879 1719 ἅπασά·
3952 1667 3959 1763 ﬂ

2969 1764 3105 1814 κατὰ
3198 1768 3519 1833 Χριστιανῶν
3595 1761 3651 1818 ὡς
3708 1761 3878 1828 μέγιστον

2383 1856 2602 1929 ἣγειρεν.
2654 1852 2816 1906 Ἔνθα
2868 1848 2934 1910 δὴ
3000 1851 3179 1904 πολλοὶ
3245 1853 3333 1923 μὲν
3404 1853 3487 1902 τὸν
3539 1848 3651 1918 ὑπὲρ
3715 1850 3877 1919 Χριστοῦ

2385 1943 2560 2015 ἀγῶνα
2618 1940 2897 2014 διήνεγκαν
2927 1958 2940 1971 ⁸
2992 1944 3041 1993 οἱ
3086 1937 3160 1993 δὲ
3213 1948 3312 1993 τῶν
3367 1937 3637 1995 ἐκκλησιῶν
3689 1937 3875 2006 ἡγεμόνες,

2383 2041 2473 2087 καὶ
2511 2034 2627 2086 ὅσοι
2651 2039 2744 2084 τοῦ
2768 2030 2884 2084 καθ’
2922 2032 3061 2099 ἡμᾶς
3091 2033 3140 2082 ἑν
3170 2028 3305 2101 λόγῳ
3330 2034 3422 2081 καὶ
3466 2031 3610 2099 σοφίᾳ
3630 2026 3873 2098 προίσταντο,

2384 2123 2566 2177 ἐκεῖνοι
2635 2121 2824 2194 μᾶλλον
2890 2122 2957 2172 τὰ
3033 2118 3294 2177 ἀνήκεστα
3346 2119 3648 2189 πάσχοντες,
3690 2121 3762 2166 τοῦ
3804 2111 3874 2184 βίον

2384 2214 2670 2276 ἐξίσταντο,
2734 2209 2905 2264 Ἐνθεν
2982 2228 3062 2261 τοι
3114 2212 3201 2260 καὶ
3248 2206 3331 2259 ἐπὶ
3402 2209 3489 2280 μὲν
3538 2205 3711 2277 Ῥώμης
3751 2200 3875 2256 (mita-

2384 2305 2485 2367 νὸς,
2553 2301 2636 2354 έπὶ
2707 2297 2765 2353 δὲ
2821 2298 3178 2359 Παλαιστίνης
3258 2298 3283 2348 ὁ
3320 2294 3666 2368 Ἰεροσολύμων
3720 2290 3873 2355 Ἀλέξω-

2374 2388 2527 2464 ”δρος,
2587 2394 2676 2443 καὶ
2739 2388 2788 2440 έν
2844 2390 3141 2459 ’Δντίοχείᾳ
3193 2382 3252 2439 δε
3302 2383 3549 2448 Βαϐύλας,
3599 2383 3649 2434 ού
3695 2377 3873 2449 διὰδοχις

2385 2480 2595 2545 Φάϐιος,
2652 2482 2739 2532 τὸν
2795 2478 2947 2530 καλὸν
3006 2476 3183 2548 ἀγῶνα
3232 2474 3623 2546 ἀγωνισάμενοι,
3672 2476 3745 2529 τὴν
3787 2472 3873 2540 ups-

2383 2576 2533 2629 τικὴν
2597 2568 2784 2628 στολὴν
2862 2566 2929 2628 εἰς
2997 2565 3159 2638 βάθος
3243 2568 3603 2639 κατέχρωσαν,
3681 2564 3783 2632 Πρὸς
3830 2554 3871 2611 δὲ

2381 2663 2580 2719 τούτοις
2646 2658 2715 2720 εἰς
2788 2658 3119 2731 Καρθαγέναν
3193 2655 3219 2706 ὁ
3278 2658 3370 2712 την
3437 2656 3608 2726 σοφίαν
3661 2646 3874 2721 περιϐόητος

2386 2753 2679 2823 Κυπριανός
2712 2786 2725 2798 .
2784 2747 2839 2808 ὃς
2894 2745 3055 2799 πάλαι
3096 2743 3295 2817 βίϐλοις
3353 2751 3477 2804 ταῖς
3523 2747 3728 2816 μαγικαίς
3762 2737 3869 2807 ἐντρι-

2384 2844 2511 2912 φεὶς,
2580 2836 2686 2890 ἐπεὶ
2743 2843 2832 2889 καὶ
2898 2836 3154 2906 Ἰουστίνρ
3232 2832 3597 2908 προσέϐαλλεν,
3665 2831 3802 2901 ἄφετόν
3837 2843 3866 2875 τι

2382 2910 2573 3003 χρῆμα
2636 2925 2819 2987 κάλλος
2884 2928 3024 2997 ἔχειν
3089 2926 3515 2996 μαρτυρουμένη,
3576 2927 3673 2989 Θεῷ
3728 2914 3766 2969 οξ
3804 2910 3860 2964 citi

2382 3020 2661 3091 παρθενίας
2716 3014 3043 3085 ἀνακειμένη,
3091 3017 3179 3064 καὶ
3236 3014 3323 3064 τὸν
3377 3014 3548 3084 ἔρωτα
3600 3005 3750 3079 δαίμονι
3788 3019 3846 3051 τινι

2314 3110 2353 3166 C
2382 3107 2680 3181 φὶλοσάρκῳ
2735 3109 2825 3158 καὶ
2872 3100 3027 3173 δεξιῷ
3087 3106 3203 3177 περὶ
3258 3104 3324 3154 τὰ
3390 3108 3610 3155 τοιαῦτα
3658 3094 3842 3181 nmini.

2383 3200 2451 3258 ὡς
2502 3197 2680 3254 ἥκιστ’
2740 3194 2947 3268 ἀμύνειν
3000 3189 3114 3264 εἶχε
3165 3199 3236 3262 τῷ
3283 3193 3465 3263 ἔρωτι,
3506 3198 3595 3252 τῆς
3621 3187 3781 3259 περθέτω
3800 3177 3851 3229 ‘3'

2382 3294 2511 3359 χαὶς
2575 3305 2628 3338 τε
2674 3289 2763 3337 καὶ
2812 3285 3080 3343 νηστείαις
3133 3283 3199 3341 ὡς
3250 3282 3428 3355 χρὲὼν
3492 3279 3765 3355 φραξαμένης,
3800 3272 3859 3365 καί

2384 3356 2488 3437 τοῖς
2538 3375 2709 3436 ἄλλοις
2740 3372 2916 3434 ὅπλοις
2970 3380 3059 3431 τῆς
3108 3374 3348 3436 πίστεως,
3410 3367 3756 3429 στηλιτεύιιτὴν
3785 3356 3869 3408 πλά-

2383 3486 2494 3531 νην,
2552 3469 2641 3517 καὶ
2692 3468 2785 3522 τὴν
2843 3462 3045 3533 μακρὰν
3118 3458 3323 3517 ἀπάτην
3398 3464 3528 3532 πυρὶ
3590 3452 3766 3519 δαπανᾷ,
3813 3464 3871 3503 τις

2383 3556 2631 3625 γοητικὰς
2680 3550 2891 3625 βίϐλους
2943 3549 3089 3622 φλογὶ
3134 3545 3413 3623 παραδούς
3448 3567 3460 3578 ·
3521 3551 3694 3613 καὶτῷ
3730 3539 3869 3633 Χρισῖῷ
3958 3582 3959 3585 η

2385 3642 2478 3698 διὰ
2535 3652 2629 3705 τῆς
2690 3644 2946 3716 παρθένου
2985 3638 3158 3698 καλῶς
3199 3640 3559 3709 μνηπευθεὶς,
3616 3633 3784 3689 τελεῖται
3817 3642 3871 3694 μετ

2381 3738 2445 3787 τὰ
2500 3740 2829 3806 Χριστιανῶν
2862 3748 2874 3760 ⁸
2934 3734 3021 3782 καὶ
3083 3733 3328 3801 νεωκόρος
3409 3732 3675 3799 γενόμενος,
3731 3730 3871 3784 uati?”
3958 3730 3959 3779 ξ

2382 3826 2559 3884 πάσῆς
2612 3824 2923 3892 καθηγεῖται
2972 3827 3067 3880 τῆς
3115 3819 3389 3890 Ἀφρικῆς,
3450 3821 3567 3877 Τοῖς
3615 3831 3664 3883 γε
3705 3812 3781 3881 μὴν
3813 3810 3871 3853 τῶν
3958 3882 3959 3889 γ

2381 3914 2543 3985 λόγων
2572 3916 2967 3986 προτρεπτικοῖς
3017 3908 3230 3968 πολλοὺς
3277 3916 3347 3977 τῷ
3378 3908 3515 3959 κατὰ
3570 3902 3753 3975 Χριστὸν
3772 3894 3871 3963 ἀγῶνι

2382 4000 2631 4077 ἒδράσας,
2664 4004 2805 4061 τέλος
2832 4003 2918 4052 καὶ
2956 3998 3127 4062 αὐτὸς,
3161 3999 3368 4068 σύναμα
3396 4004 3459 4068 τῇ
3495 3994 3735 4065 θαυμαστῇ
3756 3999 3872 4079 γυνίξ·

2382 4100 2483 4144 κῶν
2540 4092 2797 4162 Ἰουστίνῃ
2853 4097 2924 4159 τῷ
2977 4089 3109 4140 κατὰ
3148 4090 3321 4139 Δέκιον
3352 4082 3570 4156 διωγμῶ
3617 4078 3781 4135 πολλαῖς
3801 4086 3872 4141 πρε*

2382 4200 2525 4255 τερον
2564 4160 2816 4253 βασάνοις
2872 4177 3181 4241 ἐξετασθείς,
3243 4184 3312 4245 τῷ
3348 4171 3444 4227 διὰ
3491 4174 3653 4246 ξίφους
3685 4160 3872 4255 μορῳῄτὲν

2387 4272 2665 4345 ἱερωσύνην
2717 4270 2949 4338 ἐκόσμει.
2980 4267 3087 4338 Ἐφ’
3196 4270 3285 4317 καὶ
3317 4265 3669 4338 Χριστοφόρος

631 4368 770 4408 men
802 4368 909 4423 pro
941 4353 1171 4409 Christo
1188 4353 1837 4425 fortiterperferendum
1860 4358 2272 4415 conﬁrmavit:

2384 4340 2473 4412 καὶ
2502 4361 2551 4411 οἱ
2581 4358 2628 4410 ἐν
2659 4358 2856 4429 Ἐφέσῳ
2887 4352 3093 4423 παῖδες,
3124 4360 3215 4407 καὶ
3240 4354 3385 4407 ἄλλοι
3416 4349 3607 4427 σχεδὸν
3626 4342 3718 4422 μηδ
3742 4340 3871 4429 ἀριθξιῖν

632 4447 810 4513 atque
842 4442 919 4498 ad
961 4448 1338 4513 postremum
1393 4444 1520 4516 ipse
1565 4460 1811 4517 quoque
1856 4463 1975 4502 una
2005 4464 2140 4503 cum
2174 4450 2274 4505 ad-

2392 4452 2793 4513 ύποπίπτοντες,
2851 4453 2958 4505 τοῖς
3000 4446 3125 4519 ύπερ
3185 4451 3421 4515 Χριστοῦ
3474 4443 3635 4513 ἀγῶσι
3682 4426 3872 4505 δακρύω

632 4531 913 4587 miranda
958 4532 1057 4587 illa
1106 4534 1355 4597 Iustina,
1398 4533 1458 4589 in
1518 4534 1775 4592 Deciana
1812 4540 2244 4607 persecutione,
2309 4538 2511 4595 multis
2568 4536 2737 4609 prius
2790 4534 3136 4606 exploratus
3184 4531 3572 4595 cruciatibus,
3622 4522 3865 4609 dignitati!!!

623 4620 1030 4691 episcopalem
1079 4621 1316 4692 capitali
1374 4622 1667 4694 supplicio
1714 4604 2146 4683 cohonestavit.
2190 4604 2319 4693 Quo
2366 4604 2636 4698 tempore
2686 4604 3356 4693 etiam‘Christophorus
3404 4627 3643 4690 martyr,
3680 4618 3725 4669 et
3755 4604 3865 4698 Ερδῗ·

632 4709 706 4765 sii
758 4690 948 4781 pueri,
1015 4716 1071 4766 et
1138 4690 1241 4765 alii
1299 4690 1507 4784 prope
1548 4714 2039 4785 innumerabiles,
2090 4716 2520 4773 certaminibus
2574 4730 2681 4787 pro
2742 4712 2967 4769 Christo
3020 4711 3294 4783 peractis,
3341 4726 3480 4766 cum
3527 4719 3721 4776 magna
3756 4690 3863 4750 laude

632 4800 962 4856 innotuere.

1113 4911 1292 4983 37s
1322 4910 1543 4968 CAPUT
1570 4911 1803 4968 xxvm.

643 5018 782 5087 Quae
806 5019 1087 5092 Dionysio
1116 5020 1506 5077 Alexandriae
1536 5022 1804 5092 episcopo
1828 5022 1891 5077 in
1912 5036 1980 5079 ea
2006 5037 2277 5092 persecu-

1018 5090 1167 5146 tione
1205 5092 1313 5147 sub
1341 5092 1515 5149 Decio
1546 5090 1889 5149 accidéiint.

700 5198 983 5270 Ejusdem
1004 5198 1432 5270 persecutionis
1458 5203 1831 5272 tempestate,
1862 5216 1999 5257 cum
2030 5201 2277 5257 Alexan-

632 5288 778 5344 driae
800 5287 981 5344 etiam
1005 5287 1064 5343 in
1093 5288 1462 5344 Christianos
1482 5290 1743 5346 maxime
1765 5291 2091 5357 steviretur,
2119 5305 2279 5346 mar-

628 5378 848 5448 tyrium
871 5377 951 5432 ibi
983 5393 1223 5450 quoque
1250 5377 1455 5434 obibat
1481 5378 1752 5434 Ecclesiae
1783 5378 2031 5435 antistes
2066 5379 2281 5450 Diony-

2997 4915 3236 4964 ΚΕΦΑΛ.
3284 4907 3408 4962 ΚΗ’.

2389 5024 2540 5094 Περὶ
2579 5027 2715 5094 ’τῶν
2778 5018 3643 5094 συμϐάντωνμΔιο-νυσίῳᾷτῷ
3683 5000 3867 5094 ’Δσλεξεν

2568 5087 2786 5167 δρείας
2825 5082 2881 5142 ἓν
2907 5098 2987 5160 τῷ
3041 5090 3208 5141 κατὰ
3247 5092 3463 5141 Δέκιον
3493 5082 3760 5152 διωγμῷ.

2462 5199 2609 5252 Κατὰ
2666 5194 2714 5249 δ’
2764 5200 2922 5250 ἐκεῖνο
2977 5203 3183 5272 καιροῦ,
3242 5198 3333 5247 τοῦ
3376 5191 3606 5265 διωγμοῦ
3646 5192 3719 5240 καὶ
3752 5185 3863 5237 wit"

2386 5284 2750 5359 Ἀλεξανδρείᾳ
2801 5283 2965 5339 δεινὸν
3028 5285 3441 5358 ἐπακμάσαντος,
3529 5279 3588 5340 ἦν

2387 5379 2600 5450 κμάζων
2632 5372 2883 5434 τηνικάδε
2933 5383 3004 5448 τῷ
3052 5376 3178 5448 ὑπερ
3224 5379 3454 5447 Χριστοῦ
3501 5371 3737 5445 μαρπρίῳ
3774 5368 3856 5408 κδ’

2457 5504 2535 5568 (2)
2590 5500 2955 5574 ῧγβξίδιῐιμω
3008 5499 3535 5570 Carthaginensem
3587 5506 3707 5550 cum
3754 5476 3853 5541 Anti?

706 5503 781 5575 (t)
831 5502 952 5559 Sub
1000 5502 1290 5575 Philippo,
1349 5502 1703 5560 millesimus
1771 5506 2052 5561 Romanae
2111 5502 2277 5560 urbis

2388 5573 2575 5631 chene
2600 5571 2930 5629 confundit.

634 5572 826 5629 annus
852 5572 1077 5645 ingenti
1102 5572 1384 5631 ludorum
1414 5580 1710 5647 apparatu
1736 5575 2069 5634 celebratus
2098 5580 2203 5632 est.
