4036 6288
155 351 293 407 1121
1212 344 1783 403 ECCLESIASTICE
1822 342 2178 400 HISTORUE
2218 344 2349 399 LIB.
2393 342 2457 399 V.
3364 349 3502 405 H22

127 484 235 537 τῆς
318 474 480 528 έκεῖσε
565 478 843 550 παροικίας
915 475 1194 545 ἡγούμενος
1268 475 1529 533 Διονύσιος
1589 492 1601 504 ·
1681 472 1721 522 6i

1904 487 1987 537 us,
2024 485 2209 542 quem
2238 476 2375 542 post
2414 470 2722 527 Heraclam
2764 471 2843 527 ad
2876 487 3097 527 munus
3149 472 3498 545 episcopale

128 568 271 638 μετὰ
314 564 577 639 Ἠρακλᾶν
628 569 658 622 ἡ
704 566 910 637 ἱστορία
951 562 1031 616 εἰπὶ
1072 568 1166 622 τὴν
1218 564 1355 637 ἱερὰν
1384 572 1474 623 τῆς
1514 560 1722 619 Ἐκκλη-

1905 565 2193 617 'ovectum
2252 576 2381 616 esse
2438 560 2724 615 diximus.
2781 563 3002 617 Verum
3044 562 3234 627 illum,
3293 562 3499 619 divino

129 660 258 716 σίας
316 654 500 729 ἀνῆγεν
550 653 723 727 ἀρχήν
778 673 790 685 ·
846 658 1062 725 προνοίᾳ
1105 649 1163 705 δε
1192 658 1446 724 κρείττονι
1498 659 1591 714 τῆς
1637 659 1723 703 τῶι

1905 655 1992 704 itu
2031 655 2087 704 et
2124 649 2522 721 providentia,
2556 650 2884 706 multorum
2927 649 3190 706 utilitatis
3228 656 3285 706 et
3315 652 3499 707 aadiﬁ-

125 743 333 797 πολλῶν
406 742 640 815 ὠφελείας
714 744 876 817 χάριν
949 747 1041 794 καὶ
1096 740 1382 814 οἰκοδομῆς
1460 742 1719 816 ὑπέρτεροι

1898 738 2093 795 ttionis
2119 738 2329 808 gratia,
2361 740 2569 810 coeptis
2585 738 3024 811 conatibusque
3046 745 3492 811 persecutorum

125 841 231 894 τῆς
276 836 452 906 πείρας
491 830 691 885 έδείκνυ
745 836 887 893 Θεός.
947 837 1047 884 Καὶ
1100 839 1302 905 πρῶτον
1360 833 1469 903 μεν,
1512 831 1563 882 οἰ
1613 836 1719 881 τοῦ⁴

1901 828 2208 900 iperiorem
2248 829 2507 884 ostendit
2540 832 2709 885 Deus.
2762 830 3023 884 Primum
3062 846 3348 902 namque,
3389 830 3495 902 qui

124 941 218 975 τον
274 921 605 994 ἐπέμφθησαν
667 920 917 986 έκζητεῖν,
964 920 1193 993 ἀορασίᾳ
1264 922 1351 980 τὰς
1413 919 1572 991 ὄψεις,
1605 919 1718 976 πλη-

1903 917 2084 973 leum
2135 917 2560 989 inquirendum
2602 917 2765 973 missi
2810 917 3063 986 fuerant,
3107 920 3363 976 caecitate
3412 918 3497 975 af-

123 1016 322 1081 γέντες,
364 1016 546 1087 καίπερ
590 1010 665 1063 έπ⁹
712 1014 857 1063 οἴκου
916 1014 1038 1063 ὄντα
1075 1016 1164 1062 καὶ
1214 1014 1302 1068 τὴν
1357 1008 1520 1061 αύτῶν
1560 1007 1717 1080 agnam

1901 1006 2002 1071 .cti,
2045 1007 2319 1079 quamvis
2346 1006 2510 1062 domi
2538 1008 2586 1061 is
2611 1012 2787 1073 esset,
2810 1007 3257 1081 adventumque
3284 1024 3495 1065 eorum

125 1098 498 1172 ἐκδεχόμενον,
562 1098 925 1171 ἀπετύγχανον
987 1108 1079 1160 τῆς
1121 1096 1363 1160 σπουδῆς
1414 1115 1427 1128 ³
1489 1098 1614 1151 ἑκὼν
1682 1093 1719 1149 δ

1905 1101 2229 1167 :spectaret,
2282 1096 2478 1151 studio
2525 1101 2729 1152 tamen
2796 1103 2849 1153 et
2906 1103 3122 1153 conatu
3171 1114 3281 1154 suo
3325 1098 3499 1170 potiti

127 1190 395 1242 εἰσέπειτα
460 1196 563 1249 τοῖς
625 1190 924 1256 ἀπάγουσιν
987 1185 1238 1255 ἐκδοθεὶς,
1280 1188 1451 1241 πάντα
1497 1190 1562 1239 τὰ
1617 1188 1721 1238 κατ

1898 1199 1965 1240 an
1996 1191 2153 1241 sunt.
2188 1184 2410 1241 Deinde
2440 1190 2663 1252 autem,
2696 1201 2835 1242 cum
2862 1203 2972 1241 sua
3014 1191 3226 1258 sponte
3260 1202 3322 1243 se
3345 1187 3492 1257 liliis,

125 1275 273 1331 οἶκον
325 1275 943 1351 έξανδραποδισαμένοις,
996 1274 1178 1335 ἔπειδὴ
1234 1297 1311 1338 τις
1347 1285 1454 1338 τοίς
1495 1272 1719 1348 ἀδελφοῦ

1903 1272 2024 1329 bus
2068 1275 2351 1330 omnibus
2393 1275 2558 1330 domi
2589 1290 2710 1331 suae
2751 1290 2855 1347 per
2905 1290 3008 1331 eos
3037 1274 3302 1347 direptis,
3333 1280 3396 1331 ut
3435 1292 3497 1333 se

124 1370 288 1441 γάμῳ
360 1364 872 1439 διαπαννυχίζουσιν
966 1366 1254 1438 ἀπήγγελλε
1322 1370 1379 1419 τὸ
1473 1369 1718 1440 πραχθὲν

1904 1361 2213 1419 )ducerent
2245 1363 2577 1428 obtulisset,
2621 1368 2676 1418 et
2718 1363 2967 1436 quidam
3008 1363 3071 1419 id
3121 1364 3343 1421 factum
3384 1366 3498 1421 fra-

124 1458 283 1519 εὐθὺς
334 1458 464 1530 ὁρμῇ
520 1460 702 1518 πάντες
762 1463 861 1528 μιᾷ
927 1456 1113 1530 ἀθρόον
1178 1455 1563 1522 ἐξαναστάντες,
1642 1459 1718 1506 καῖ

1905 1451 2032 1507 ibus
2055 1452 2113 1507 in
2129 1453 2349 1523 nuptiis
2367 1458 2546 1509 noctu
2559 1453 3051 1525 pervigilantibus
3072 1456 3499 1524 renuntiasset,

127 1542 316 1620 δρόμῳ
389 1549 577 1607 θέοντες
650 1545 996 1609 ἐπηλάλαξαν.
1062 1553 1173 1599 Τῶν
1245 1542 1304 1598 δε
1383 1546 1721 1619 φρουρούντωι

1898 1541 1999 1596 lico
2026 1542 2339 1598 confertim
2370 1558 2491 1598 uno
2522 1544 2748 1614 impetu
2786 1559 2996 1599 omnes
3036 1550 3492 1615 consurgentes,

124 1636 201 1698 εἰς
262 1640 428 1707 φυγὴν
484 1639 795 1708 τραπέντων,
858 1640 945 1688 τὸν
1022 1638 1286 1689 Διονύσιον
1350 1633 1533 1693 ἐσθῆτι
1620 1635 1718 1706 λινξ

1898 1629 2018 1684 ileri
2048 1646 2225 1686 cursu
2256 1647 2393 1686 cum
2434 1631 2625 1702 jubilo
2668 1636 2721 1686 et
2758 1630 3180 1688 vociferatione
3210 1633 3492 1690 continua

122 1725 210 1778 ἐπ’
283 1725 554 1798 ἀστρώτου
632 1731 999 1798 κατακείμενον
1069 1722 1380 1798 σκίμποδος,
1466 1722 1716 1787 έξανίσται

1902 1719 1924 1773 i
1952 1718 2153 1775 locum
2178 1736 2317 1775 cum
2347 1720 2797 1776 contenderunt.
2828 1723 3019 1792 Atque
3042 1721 3123 1777 ibi
3142 1722 3496 1778 custodibus

129 1818 261 1868 σθαι
307 1820 393 1867 καὶ
444 1816 564 1867 ὅσον
616 1817 785 1887 τάχος
838 1816 1055 1868 ἔπεσθαι
1110 1818 1315 1876 τούτοις
1364 1817 1601 1885 ἤπειγον.
1638 1816 1723 1866 T61

1898 1829 1906 1864 ι
1936 1808 2142 1879 fugam
2175 1810 2381 1879 versis,
2417 1810 2768 1883 Dionysium
2821 1810 2979 1867 linea
3011 1815 3167 1867 veste
3194 1812 3492 1879 indutum,

126 1902 188 1958 δε
242 1909 660 1980 προσπίπτοντα,
705 1908 876 1963 ἱκέτην
927 1902 1077 1971 εἶναι,
1112 1908 1142 1963 ἦ
1197 1903 1403 1957 ἀπιέναι
1441 1908 1531 1956 καὶ
1582 1903 1720 1955 αύτόι

1926 1896 1987 1953 in
2017 1897 2168 1953 lecto
2198 1914 2320 1953 non
2351 1902 2535 1955 strato
2579 1899 2935 1971 repositum,
2972 1915 3306 1970 exsurgere,
3339 1908 3396 1957 et
3434 1917 3498 1958 se

125 1991 353 2065 ἀφεῖναι,
414 1997 443 2051 ἦ
502 1997 596 2052 τὴν
634 1994 857 2065 κεφαλὴν
893 2001 999 2055 τοῖς
1047 1993 1344 2065 ἀπάγουσιν
1384 1993 1537 2045 αὐτόν
1579 2012 1712 2068 στρα

1909 1987 2301 2058 iamprimum
2328 1988 2496 2059 sequi
2542 1992 2883 2057 coegerunt.
2940 1993 3011 2044 At
3042 1988 3135 2043 ille
3189 1989 3267 2044 ad
3320 1990 3503 2062 pedes

128 2087 347 2144 τιώταις
399 2081 552 2135 έᾶσαι
606 2080 797 2137 λαϐεῖν.
856 2087 989 2144 Τοὺς
1041 2079 1100 2136 δε
1157 2079 1289 2155 μηδ’
1346 2084 1722 2154 ἀνασχομένου‹

1904 2091 2053 2131 trum
2080 2076 2450 2147 provolutus,
2483 2076 2777 2142 obsecrat,
2814 2082 2875 2132 ut
2902 2077 2994 2133 vel
3030 2077 3280 2149 abirent,
3313 2095 3498 2151 seque

130 2170 361 2224 ἀκοῦσαι
394 2188 411 2205 ⁶
459 2172 585 2224 ἀλλὰ
626 2177 811 2247 καίπερ
852 2173 1101 2231 πλείστην
1148 2175 1277 2231 ὅσην
1323 2174 1522 2224 ἱκεσίαν
1572 2191 1724 2246 προσ-

1898 2165 1928 2219 »ἰ
1953 2164 2393 2237 relinquerent:
2438 2166 2530 2221 vel
2562 2169 2745 2237 caput
2773 2167 2898 2239 ejus
2936 2166 3175 2233 milites,
3208 2168 3314 2240 qui
3352 2184 3492 2225 eum

131 2264 347 2333 άγοντα,
378 2260 433 2312 έκ
471 2269 664 2334 χειρῶν
717 2281 771 2315 τε
826 2261 937 2334 ἅμα
988 2267 1077 2314 καὶ
1128 2258 1303 2314 ποδῶν
1358 2262 1519 2313 ἕλκειν
1576 2276 1591 2291 ·
1646 2266 1725 2313 καί

1897 2261 2090 2326 ιριιιαι
2111 2255 2526 2319 adduxissent,
2544 2254 2775 2311 auferre
2800 2263 3162 2327 paterentur.
3198 2259 3386 2323 Quem
3409 2257 3491 2314 illi

128 2360 203 2423 τῷ
271 2350 490 2423 οἰκισκῳ
546 2358 637 2411 τῆς
690 2353 982 2413 ἱπισκοπῆς
1054 2347 1205 2413 αὖθις
1267 2353 1583 2423 ἑγκαθιστᾷν
1640 2354 1722 2421 ὅνιε

1903 2344 2126 2413 iamvis
2176 2345 2365 2400 multa
2409 2352 2681 2401 orantem
2742 2350 2921 2417 atque
2968 2346 3388 2411 obtestantem,
3422 2362 3497 2403 ne

130 2447 335 2514 γυμνῶ,
387 2441 472 2492 οἶά
527 2460 643 2493 τινα
672 2445 855 2515 φόρτον
911 2443 1164 2513 θεμένους.
1233 2446 1332 2494 Καὶ
1375 2443 1444 2492 τὰ
1482 2443 1572 2511 μεν
1600 2442 1724 2491 κατά

1902 2432 2052 2489 idire
2082 2434 2328 2505 quidem
2376 2434 2788 2489 sustinuerunt
2833 2450 2845 2489 :
2882 2435 2989 2489 sed
3020 2434 3303 2490 manibus
3332 2436 3496 2508 pedi-

130 2532 400 2583 Διονύσιον
432 2527 572 2601 εἶχεν
626 2530 805 2590 οὕτως.
849 2528 1067 2583 Ἐπειτα
1133 2531 1181 2581 οἱ
1248 2528 1451 2589 ἀσεϐεῖς
1498 2535 1615 2589 ταῖς
1663 2527 1724 2579 οἰ-

1903 2538 2084 2593 usque
2142 2527 2529 2594 protractum,
2588 2527 2644 2577 et
2681 2522 3034 2579 clitellarum
3084 2526 3271 2580 instar
3321 2524 3497 2582 asino

132 2623 269 2679 κίαις
340 2627 439 2670 τῶν
514 2618 981 2691 προσηγγελμένων
1037 2626 1367 2693 Χριστιανῶν
1424 2617 1569 2677 ὅλαις

1896 2611 2009 2666 udo
2047 2611 2418 2683 impositum,
2451 2612 2512 2667 in
2532 2611 2934 2684 episcopalem
2956 2612 3388 2669 domunculam
3406 2630 3490 2668 re-

140 2727 264 2780 μαις
320 2704 508 2765 ἀνέδην
568 2708 945 2779 εἰστρέχοντες,
1016 2709 1117 2760 ὅσα
1179 2712 1270 2777 μεν
1327 2702 1464 2765 ἦσαν
1522 2708 1733 2767 ἐκείνοις

1901 2704 2162 2756 ixerunt.
2190 2706 2270 2756 Ac
2319 2702 2393 2755 de
2442 2700 2726 2773 Dionysio
2769 2700 3016 2772 quidem
3055 2702 3184 2758 haec
3232 2703 3317 2758 sic
3357 2709 3495 2760 sunt

140 2805 244 2848 τῶν
306 2796 599 2869 κειμηλίων,
664 2796 856 2850 έσύλων
916 2796 1235 2871 ἁρπάζοντες
1269 2814 1281 2825 ·
1341 2797 1442 2848 ὅσα
1499 2792 1727 2854 δἐύτελῆ

1899 2794 1971 2847 ita
2002 2802 2018 2843 ‘:
2062 2794 2271 2860 postea
2315 2794 2515 2846 autem
2554 2790 2723 2861 impii
2769 2789 2984 2845 milites
3024 2791 3084 2845 in
3116 2793 3355 2857 domos,
3388 2793 3493 2864 qui

139 2904 193 2937 τε
226 2890 309 2938 καὶ
340 2886 429 2938 οὐκ
472 2886 754 2957 εύάγκαλα,
799 2883 1113 2947 διαθλῶντες
1168 2884 1575 2943 ἀπηλλάττοντο.
1632 2889 1731 2937 Καὶ

1899 2895 1967 2933 ιω
2003 2894 2137 2933 eam
2180 2878 2699 2945 denuntiaverant,
2734 2878 3232 2947 Christianorum,
3278 2896 3493 2953 propa-

136 2977 165 3033 ἡ
218 2984 315 3026 τῶν
358 2980 719 3049 πραττομένων
767 2975 1028 3050 ἐλευθερία
1077 2980 1323 3047 σχήματι
1381 2974 1575 3035 πόλεως
1629 2975 1729 3025 ὑπὸ

1903 2983 1963 3023 m
1988 2967 2393 3024 audacissime
2426 2983 2648 3037 magno
2674 2969 2905 3039 impetu
2936 2968 3250 3037 irruentes,
3280 2986 3375 3025 res
3397 2986 3494 3026 eo-

129 3064 386 3137 πολεμίων
448 3065 734 3125 ἑαλωκυίας
805 3066 971 3136 ἐῴκει.
1033 3072 1317 3136 Πανταχοῦ
1366 3066 1569 3137 θρῆνοι,
1639 3062 1723 3133 ἁρ-

1898 3072 1973 3112 ιω
2021 3058 2313 3128 pretiosas
2346 3062 2527 3129 atque
2582 3058 2879 3128 sepositas
2932 3056 3356 3129 diripuerunt:
3406 3060 3492 3115 eis

125 3156 401 3225 πάγματα,
452 3156 521 3217 ὡς
571 3156 620 3206 ἓν
687 3153 870 3227 ἁμίλλῃ
932 3154 1131 3207 σκύλων
1185 3152 1574 3225 ἀγωνιζομένων
1625 3160 1719 3203 τῶν

1900 3162 1979 3202 ero
2013 3162 2151 3218 quas
2182 3146 2418 3202 viliores
2463 3152 2685 3211 essent,
2720 3162 2830 3202 nec
2862 3145 3033 3202 facile
3063 3148 3494 3218 comprehendi

129 3252 486 3319 στρατιωτῶν.
541 3244 662 3315 Οὐχ
710 3239 854 3309 όδός,
907 3243 966 3296 ού
1027 3243 1295 3315 λεωφόρος,
1352 3242 1412 3293 ού
1467 3244 1723 3302 στενωπός

1895 3241 1941 3290 1t
1970 3236 2104 3291 ferri
2142 3242 2405 3307 possent,
2430 3235 2654 3299 fractis,
2684 3235 2981 3292 abierunt.
3009 3238 3152 3301 Quae
3192 3253 3338 3293 sane
3370 3238 3489 3293 mi-

126 3340 354 3405 παρεῖχε
418 3329 674 3394 διέξοδον.
741 3332 874 3385 Οὔτε
932 3330 991 3385 δε
1046 3336 1266 3406 νύκτωρ,
1319 3328 1434 3383 οὐδ’
1476 3329 1720 3405 ένήμέρᾳ

1899 3342 2007 3381 ,um
2036 3325 2275 3382 licentia
2304 3331 2362 3381 et
2389 3326 2743 3397 impunitas,
2768 3326 2985 3382 faciem
3015 3326 3178 3382 urbis
3208 3328 3286 3384 ab
3316 3327 3493 3384 hosti-

124 3424 185 3472 τό
244 3424 404 3473 κακόν
444 3420 612 3493 ἔληγε.
673 3426 902 3496 Κήρυκες
951 3419 1104 3474 δ’ἀνὰ
1142 3426 1313 3473 πᾶσαν
1369 3418 1581 3491 έφοίτων
1628 3425 1718 3478 τὴν

1900 3432 1951 3471 18
1995 3422 2187 3487 captaa
2219 3415 2494 3487 prmbuit.
2535 3416 2768 3487 Ubique
2824 3415 3022 3472 luctus
3069 3422 3214 3481 erat,
3270 3417 3494 3489 ubique

119 3508 274 3562 πόλιν
330 3510 582 3583 μεγάλαις
644 3517 835 3583 φωναῖς
909 3509 1297 3584 ἰκρηγνύμενοι.
1371 3512 1441 3560 Τὸ
1499 3506 1557 3561 δε
1629 3528 1713 3565 κηι

1895 3506 2216 3577 reptiones,
2251 3503 2533 3560 militibus
2568 3505 2643 3560 de
2687 3504 3018 3576 spoliorum
3050 3511 3107 3561 et
3134 3506 3489 3577 rapinarum

117 3603 436 3673 ρυττόμενον
485 3597 546 3658 ἦν
582 3616 595 3630 ·
638 3602 705 3663 ὡς
746 3600 789 3653 εἰ
831 3604 903 3673 μή
954 3620 1031 3660 τις
1081 3602 1313 3674 Χριστὸν
1361 3606 1533 3659 κακῶς
1581 3597 1711 3669 λέγοι

1898 3595 2212 3651 imanitate
2240 3594 2390 3649 inter
2437 3609 2499 3649 se
2530 3595 3033 3651 concertantibus.
3062 3598 3189 3651 Non
3215 3596 3341 3662 iter,
3368 3611 3492 3653 non

116 3691 190 3742 τὰ
241 3688 471 3760 μάλιστα
522 3687 723 3760 έναγέσι
778 3694 867 3741 καὶ
916 3685 1219 3760 δυσφήμοις
1277 3694 1485 3759 φωναῖς,
1545 3694 1710 3739 τοῦτοι

1898 3701 1953 3750 a,
1990 3699 2109 3739 non
2136 3683 2485 3755 angiportus
2507 3686 2732 3740 exitum
2763 3688 2820 3740 et
2853 3683 3063 3754 fugam
3090 3683 3447 3741 admittebat
3473 3701 3488 3741 :

120 3777 441 3850 ἁπανταχοῦ
474 3780 723 3853 σύρεσθαι
752 3796 765 3810 ’
822 3783 911 3831 καὶ
959 3777 1409 3852 περιελαυνόμενον
1460 3775 1714 3848 αἰσχρῶς,

1906 3790 1943 3829 u
1973 3776 2275 3845 noctuque
2324 3772 2526 3829 clades
2560 3789 2632 3828 ea
2684 3772 2963 3829 durabat.
3020 3776 3327 3829 Prmcones
3388 3790 3495 3846 per

119 3866 269 3929 τέλος
291 3872 417 3941 πυρὶ
441 3869 936 3941 καταπίμπρασθαι.

1900 3862 2051 3917 'bem
2094 3867 2279 3917 totam
2305 3861 2492 3927 ibant,
2524 3868 2579 3917 et
2610 3862 2848 3932 magnis
2880 3862 3248 3919 clamoribus
3280 3864 3494 3920 vocife-

114 3956 452 4013 rabantur:
490 3956 668 4028 379
703 3963 763 4013 ut
787 3957 837 4012 si
866 3956 1001 4029 quis
1024 3956 1325 4013 Christum
1354 3950 1805 4010 infaustissimis
1829 3949 2385 4022 impurissimisque
2409 3950 2753 4022 quibusque
2776 3950 2974 4007 verbis
2996 3967 3117 4009 non
3149 3952 3496 4024 proscinde-

116 4049 235 4111 ret,
267 4045 316 4101 is
345 4046 579 4118 passim
603 4050 962 4118 raptaretur,
997 4051 1178 4119 atque
1202 4046 1284 4101 ita
1307 4043 1641 4100 fmdissime
1670 4044 1964 4115 raptatus,
1999 4038 2245 4097 tandem
2274 4038 2402 4109 igni
2441 4039 2915 4096 combureretur.

727 4183 968 4232 ΚΕΦΑΛ.
1004 4176 1133 4232 ΚΘ’.

2458 4174 2678 4230 CAPUT
2718 4176 2890 4230 XXIX.

128 4289 442 4374 Htpi‘rév
472 4288 1013 4370 ἠττηθέντωνμαὶ
1043 4283 1534 4374 έξομοσαμλένων
1563 4284 1631 4333 τὸ
1662 4283 1722 4333 σέι

1898 4289 1936 4337 ιε
1956 4279 2030 4336 iis
2058 4279 2159 4353 qui
2179 4279 2484 4337 tormentis
2500 4280 2761 4374 victisub
2787 4282 2982 4374 Deci‘o,
3012 4281 3239 4340 Christi
3258 4282 3492 4355 religio-

281 4355 394 4419 ϐας
432 4365 840 4431 Χριστιανῶν
878 4356 937 4409 ἐν
974 4363 1114 4418 τοῖς
1152 4352 1593 4408 κατάΔέκιόν·
1770 4413 1817 4469 D

1364 4358 1593 4408 Δέκιόν·
1770 4413 1817 4469 D
2074 4352 2081 4353 ⁷
2410 4367 2541 4408 nem
2569 4352 2958 4421 abjurarunt.

209 4489 305 4537 Ἦν
358 4480 445 4536 οὖν
510 4479 639 4536 ἰδεῖν
688 4479 941 4542 τηνικάδε
996 4481 1218 4542 πολλοὺς
1272 4484 1364 4553 μεν
1411 4480 1736 4553 ὠχριῶντας,

1922 4479 2121 4549 Itaque
2150 4475 2477 4548 permultos
2519 4479 2646 4531 tum
2690 4476 2892 4533 videre
2931 4482 3057 4533 erat
3106 4478 3379 4550 pallidos.
3429 4482 3495 4535 ti-

130 4578 225 4627 καὶ
263 4580 335 4645 τῷ
405 4570 511 4626 δέει
565 4573 908 4645 καταπλῆγας
972 4574 1364 4644 γεγενημένους,
1430 4568 1724 4631 έξίστασθας

1901 4580 2134 4637 ιοτθιιιιθ
2167 4564 2493 4636 perculsos,
2537 4570 2593 4620 et
2630 4580 2875 4635 prorsus
2918 4571 3348 4634 consternatos,
3395 4582 3495 4624 ne-

132 4665 349 4729 έαυτῶν,
404 4667 495 4715 καὶ
550 4670 665 4725 ταῖς
709 4669 927 4736 μιαραῖς
970 4670 1070 4713 τῶν
1130 4662 1323 4713 θυσιῶν
1362 4663 1451 4711 καὶ
1499 4656 1726 4729 ἀνάγνοις

1899 4670 1967 4709 ue
2016 4653 2106 4708 sui
2135 4658 2462 4724 compotes,
2495 4651 2572 4708 ad
2599 4651 2839 4724 impura
2868 4670 3041 4710 sacra
3078 4660 3134 4710 et
3180 4656 3371 4727 impia
3402 4672 3493 4713 sa-

131 4762 235 4807 τῶν
288 4761 502 4824 τεγετῶν
542 4772 641 4827 προ
703 4757 923 4817 σιόντας,
984 4752 1156 4822 ὥσπερ
1208 4749 1265 4801 οὐ
1313 4750 1584 4813 θύσοντας,
1629 4744 1725 4797 ἀλλ

1896 4742 2069 4798 riﬁcia
2098 4743 2402 4808 accedere,
2420 4756 2542 4798 non
2564 4741 2690 4798 illos
2706 4747 2999 4812 tanquam
3026 4743 3490 4809 sacriﬁcaturos,

130 4843 325 4904 αὐτοὺς
355 4842 440 4894 οἷά
478 4861 593 4894 τινα
634 4843 834 4915 σφάγια
870 4847 979 4900 τοῖς
1018 4837 1253 4901 εἰδώλοις
1290 4840 1724 4910 προσαγομένους.

1901 4832 1955 4887 id
1986 4831 2161 4887 veluti
2192 4831 2527 4903 idolisipsis
2546 4831 2975 4888 sacriﬁcandos
3002 4848 3022 4887 :
3052 4832 3205 4889 adeo
3242 4837 3305 4889 ut
3324 4834 3495 4906 impii

128 4932 294 4985 Ὠστε
332 4935 421 4983 καὶ
460 4931 625 5003 χλεύη
658 4950 736 4993 τις
778 4927 839 4989 ἧν
869 4936 974 4990 τοῖς
1014 4926 1254 4981 ἀσεϐέσιν
1294 4926 1378 4979 ἐπὶ
1417 4934 1523 4986 τοῖς
1560 4926 1722 4983 ἡττω-

1901 4922 1927 4976 .i
1946 4920 2241 4991 homines,
2276 4922 2479 4976 sannis
2510 4925 2569 4975 et
2604 4920 2899 4987 ludibriis,
2920 4936 3023 4977 eos
3042 4922 3145 4993 qui
3160 4922 3239 4978 ita
3259 4923 3495 4979 animos

133 5027 328 5095 μένοις.
393 5021 571 5075 ⁴Αλλοι
628 5019 689 5075 δε
753 5025 843 5073 καὶ
895 5024 1195 5095 προχείρως
1270 5021 1399 5092 ἥπερ
1468 5020 1558 5069 καὶ
1632 5014 1727 5067 έκε-

1898 5010 2324 5083 sspondissent,
2338 5015 2858 5081 prosequerentur.
2876 5010 3134 5075 Quidam
3151 5010 3492 5082 promptius

132 5113 359 5181 λεύοντο,
416 5115 770 5184 προσέτρεχον
816 5117 926 5170 τοῖς
976 5107 1175 5183 βωμοῖς
1216 5125 1228 5138 ⁸
1290 5112 1379 5159 καὶ
1427 5105 1568 5179 μάλα
1618 5123 1726 5175 γεν-

1892 5101 2135 5172 tiusque
2165 5115 2351 5171 quam
2375 5098 2745 5169 juberentur,
2778 5100 2858 5154 ad
2900 5114 3036 5155 aras
3067 5100 3486 5167 accurrebant,

132 5207 288 5264 ναίως
322 5201 743 5277 ἰσχυριζόμενοι,
800 5195 937 5273 μηδε
988 5200 1014 5250 ὃ
1058 5217 1111 5250 τι
1165 5200 1289 5249 ποτέ
1342 5194 1482 5247 ἔστιν
1542 5189 1726 5247 εἰδέναι

1897 5210 1900 5244 μ
1929 5189 2164 5260 magnis
2190 5188 2428 5255 animis,
2469 5202 2531 5242 se
2560 5188 2857 5256 ignorare,
2889 5188 3183 5260 quidnam
3215 5189 3491 5245 Christia-

134 5276 473 5367 Xpw‘rmvoi,
521 5292 625 5346 Καὶ
664 5292 713 5342 οἱ
749 5292 840 5361 μεν
872 5288 1074 5340 εἵποντο
1110 5305 1124 5319 ·
1178 5288 1227 5338 οί
1279 5282 1339 5338 δε
1377 5287 1588 5356 ἔφευγον
1627 5299 1640 5312 ⁸
1685 5283 1728 5334 6i

1894 5298 1956 5336 us
1985 5284 2157 5344 esset,
2180 5276 2654 5333 asserverabant.
2679 5279 2867 5349 Atque
2899 5278 2935 5332 ii
2956 5278 3204 5349 quidem
3220 5284 3488 5350 raptores

138 5365 198 5435 δέ
235 5382 513 5441 ἡλίσκοντο
554 5398 567 5410 ·
610 5385 700 5432 καὶ
738 5380 786 5430 οἰ
823 5381 913 5450 μέν
952 5377 1088 5451 ἄχρι
1128 5371 1334 5448 δεσμῶν
1375 5378 1465 5425 καὶ
1505 5372 1732 5445 φυλακῆς

1888 5368 2269 5442 aquabantur,
2333 5365 2433 5422 alii
2488 5366 2813 5435 fugiebant,
2869 5365 2967 5422 alii
3018 5368 3412 5439 capiebantur
3458 5384 3482 5426 ‘:

134 5476 498 5547 χωρήσαντες,
564 5474 688 5542 πρὶν
761 5470 846 5520 ἐπὶ
911 5462 1254 5537 δικαστήριον
1312 5462 1478 5535 έγθεῖν
1534 5461 1728 5533 ἐξωμό-

1893 5456 2114 5515 onnulli
2139 5456 2320 5512 etiam
2352 5470 2542 5527 usque
2569 5455 2643 5510 ad
2674 5462 3044 5512 carceremet
3083 5456 3323 5513 vincula
3355 5472 3487 5528 pro-

139 5543 299 5614 σαντο
341 5580 353 5593 ·
407 5562 456 5613 6i.
486 5556 546 5612 δε
578 5563 667 5610 καὶ
700 5555 955 5631 βασάνοις
1005 5554 1254 5607 έπιποσὸν
1303 5555 1729 5626 ἓγκαρτερήσαν-

1895 5547 2049 5612 ressi,
2073 5544 2235 5619 prius
2254 5544 2437 5600 ﬁdem
2469 5543 2841 5617 abjurarunt,
2860 5561 3048 5617 quam
3062 5545 3137 5601 ad
3167 5546 3489 5605 tribunalia

135 5671 238 5721 τες,
294 5648 450 5706 ἔπειτ’
490 5650 706 5705 ἀπεῖπον
743 5652 874 5725 πρὸς
929 5648 997 5701 τὰ
1050 5644 1189 5709 ἑξῆς.
1227 5643 1385 5697 Ὀσοι
1427 5638 1487 5697 δε
1528 5639 1729 5717 στερροὶ

1900 5636 2373 5702 τοιτεὼθιιοηιιιτς
2399 5632 2671 5693 nonnulli
2710 5637 2912 5692 autem
2953 5634 3329 5714 aliquantum
3365 5650 3494 5695 cru-
