4036 6288
619 263 757 318 1123

1926 257 2312 317 NICEPHORI
2351 258 2664 318 CALLISTI

3775 275 3864 330 nu

617 387 871 443 ciatibus
918 390 974 443 et
1029 386 1337 443 tormentis
1399 385 1682 452 toleratis,
1734 384 2059 458 suppliciis,
2130 400 2239 457 qua

2375 405 2507 447 τινες
2558 384 2692 445 ἦσαν
2750 386 2840 440 καί
2904 387 3022 441 ὅλον
3103 388 3507 464 εἰσοικισάμενοῖ
3557 396 3633 447 τὸν
3683 403 3866 469 Χριστόν.

617 477 1013 533 subsecutura
1063 481 1252 541 erant,
1315 475 1482 533 fracti
1533 474 1912 532 deﬁciebant.
1957 475 2068 540 Qui
2127 491 2266 531 vero

617 565 778 621 ﬁrmi
825 565 1187 636 stabilesque
1231 570 1420 631 erant,
1480 571 1789 637 totumque
1845 565 2141 620 Christum
2203 565 2264 620 in

613 654 953 727 pectoribus
1007 654 1132 710 suis
1180 654 1484 726 gerebant,
1540 653 1618 710 ab
1671 670 1741 710 eo
1795 653 2153 717 confirmati,
2208 656 2264 708 et

612 745 980 814 condignum
1010 743 1500 816 inexpugnabilis
1525 743 1664 799 ﬁdei
1695 748 1751 798 et
1770 743 2122 799 constantiae
2136 757 2261 797 suae

611 834 794 891 robur
824 834 1145 898 consecuti,
1174 832 1486 904 praeclaros
1517 837 1696 905 atque
1721 831 1971 887 illustres
2003 847 2066 885 se
2093 830 2261 900 regni

611 923 738 994 ejus
769 923 1160 978 exhibuerunt
1203 928 1376 978 testes
1419 927 1475 977 et
1512 926 1825 992 martyres.
1870 919 1984 976 Sed
2012 921 2170 976 enim
2197 920 2260 976 in

607 1012 928 1083 praesentia
948 1027 1158 1067 omnes
1183 1027 1286 1066 eos
1313 1011 1417 1082 qui
1442 1014 1566 1064 tum
1589 1025 1697 1081 pro
1711 1009 1940 1065 Christo
1971 1009 2256 1080 martyrio

606 1100 795 1156 vitam
839 1101 1140 1166 ﬁnierunt,
1185 1114 1510 1164 recensere,
1547 1115 1618 1154 ac
1656 1103 1910 1170 tempus,
1935 1097 2156 1163 locum,
2201 1103 2258 1153 et

609 1189 859 1245 modum
887 1194 1010 1244 tam
1029 1189 1357 1260 insignium
1371 1188 1764 1244 certaminum
1791 1201 2110 1258 exponere,
2131 1190 2254 1242 tam

606 1277 668 1333 id
688 1277 816 1333 ﬁeri
845 1293 968 1332 non
993 1281 1207 1348 potest,
1237 1292 1421 1348 quam
1451 1290 1699 1332 arenam
1726 1275 1908 1330 maris
1937 1288 2255 1330 numerare

604 1381 728 1422 non
754 1371 861 1422 est.
893 1367 1096 1438 Itaque
1125 1381 1459 1437 perpaucas
1489 1369 1746 1430 tantum,
1786 1363 2087 1420 memoriae
2115 1378 2253 1434 gra-

608 1454 709 1523 tia,
741 1471 894 1526 quas
926 1473 959 1510 a
987 1454 1322 1526 majoribus
1371 1453 1546 1509 nobis
1596 1452 1840 1508 traditas
1883 1453 2250 1523 accepimus,

604 1549 941 1616 martyrum
968 1543 1158 1599 luctas
1184 1543 1299 1598 hoc
1322 1542 1453 1598 loco
1469 1546 1624 1598 recte
1653 1557 2086 1613 exsequemur:
2116 1556 2252 1613 quae

603 1631 860 1688 fortasse
888 1648 1010 1687 non
1039 1648 1173 1689 eam
1213 1631 1395 1686 ﬁdem
1435 1637 1492 1686 et
1512 1631 1856 1702 opinionem
1885 1629 1944 1684 in
1969 1629 2249 1697 Ecclesia,

2374 474 2461 528 ὑπ’
2509 474 2701 528 ἐκείνου
2749 480 3174 551 κραταιωθέντες,
3228 485 3318 532 καὶ
3372 488 3462 541 τῆς
3516 485 3560 533 ἐν
3607 483 3756 548 αὐτοῖς

2376 570 2702 636 ταγωνίστου
2764 571 2989 629 πίστεως
3047 566 3194 631 ἀξίαν
3243 576 3332 630 τῆς
3383 575 3638 642 καρτερίας
3699 574 3872 636 λαϐόντες

2375 654 2558 726 ἰσχὺν,
2609 663 2902 730 περιφανεῖς
2968 665 3058 718 τῆς
3121 660 3309 711 ἐκείνου
3377 657 3634 732 βασιλείας
3695 661 3875 736 obesi):-

2373 761 2468 794 σαν
2529 746 2810 818 μάρτυρες.
2870 744 3030 798 Ἀλλὰ
3090 752 3208 819 τόγε
3265 747 3352 800 νῦν
3408 749 3529 820 ἕχον
3579 752 3743 813 πάντας
3791 759 3877 816 τοὺς

2368 829 2620 888 τηνικάδε
2684 842 2756 904 τῷ
2812 836 2940 909 ὑπερ
3003 843 3239 909 Χριστοῦ
3289 843 3554 912 μαρτυρίῳ
3605 840 3876 905 τελειωθέντας

2365 922 2483 973 καθ’
2540 923 2742 977 ἅπαντα
2800 927 2888 976 τὸν
2937 929 3116 998 καιρὸν
3173 930 3263 979 καὶ
3309 932 3461 980 τόπον
3503 932 3588 981 καὶ
3636 935 3791 1003 τρόπον
3825 932 3877 996 ἐξ·
3970 922 3971 964 ἓ

2366 1013 2708 1085 αριθμείσθαι
2771 1013 2900 1066 πολὺ
2971 1014 3160 1087 μᾶλλον
3241 1013 3494 1070 ἀδύνατον
3565 1019 3679 1090 ἡμῖν
3731 1021 3755 1078 ἦ
3816 1027 3875 1079 τὴν

2364 1102 2508 1173 παρά
2572 1110 2634 1174 τῇ
2706 1101 2947 1177 θαλάσσῃ
3028 1103 3245 1178 ψάμμον
3304 1103 3612 1180 ἀναμετρεῐν.
3659 1107 3810 1181 Ὀλίγα
3845 1108 3875 1164 δ’

2363 1185 2451 1240 οὖν
2499 1191 2871 1263 ὑπομνήματος
2918 1194 3104 1266 χάριν,
3169 1197 3271 1247 ὅσα
3320 1195 3441 1270 παρ’
3494 1197 3652 1248 αὐτῶν
3707 1199 3877 1270 πρεσϐυ-

2362 1281 2520 1351 τέρων
2559 1279 2628 1341 εἰς
2657 1283 2793 1352 ἡμᾶς
2845 1280 3080 1354 ἀφῖκται,
3129 1283 3190 1335 ού
3251 1286 3428 1356 φθόνος
3477 1293 3549 1356 τῷ
3583 1290 3772 1360 παρόντι
3801 1284 3878 1341 δια·

2362 1365 2533 1418 λαϐεῖν
2564 1376 2662 1421 τῶν
2707 1379 3042 1445 μαρτυρικῶν
3099 1372 3267 1425 ἄθλων
3301 1392 3314 1405 ·
3367 1371 3414 1426 οἳ
3466 1377 3623 1447 τυχὸν
3668 1379 3774 1438 ἴσως
3796 1376 3878 1430 οὔδε

2363 1451 2520 1518 δόξης
2575 1464 2664 1518 τῆς
2734 1461 2874 1533 παρὰ
2931 1469 3023 1521 τῆς
3079 1460 3391 1525 Ἐκκλησίας
3447 1465 3514 1524 ὡς
3569 1467 3596 1523 ἡ
3655 1461 3881 1539 παράδοσις

2361 1546 2572 1616 ἔτυχον.
2631 1553 2732 1600 Καὶ
2787 1548 2932 1601 ταῦτ’
2992 1551 3222 1623 ἐπιτόμῳ
3269 1551 3402 1624 λόγῳ
3454 1553 3740 1627 ῥηθήσεται.
3782 1555 3881 1608 Ὀσιι

2359 1629 2411 1684 δ’
2437 1630 2524 1686 οὖν
2581 1641 2671 1688 καὶ
2726 1641 2822 1696 τὴν
2899 1641 3152 1712 ἡμετέραν
3217 1637 3528 1713 διαπέφευγε
3581 1648 3779 1714 μνήμην,
3829 1654 3879 1716 τῷ

601 1737 784 1794 quam
829 1722 1066 1778 traditio
1118 1721 1266 1787 tulit,
1295 1725 1433 1776 sunt
1482 1725 1912 1777 consecuturae.
1969 1721 2032 1775 Et
2075 1720 2239 1775 facie-

2361 1718 2508 1794 βυθῷ
2542 1732 2640 1785 τῆς
2689 1726 2981 1799 θεαρχικῆς
3026 1734 3269 1799 γνώσεως
3312 1729 3576 1803 ἐπαφώμεν
3622 1729 3783 1784 εἰδέναι
3817 1737 3878 1783 καὶ

601 1827 737 1866 mus
759 1811 818 1866 id
849 1811 1122 1877 breviter,
1157 1816 1212 1866 et
1249 1809 1699 1882 compendiose.
1734 1811 1875 1875 Quae
1900 1814 2101 1865 autem
2128 1824 2248 1864 me-

600 1902 858 1956 moriam
899 1906 1169 1957 nostram
1192 1898 1621 1968 subterfugere,
1649 1915 1752 1955 eas
1772 1903 1999 1954 secreto
2029 1898 2247 1954 divinae

2360 1806 2602 1873 δοξάζειν
2653 1816 2723 1877 ὡς
2792 1813 3056 1888 βούλοισο.
3104 1816 3282 1890 Ἡμεῖς
3358 1816 3532 1872 δ’ὅσον
3577 1824 3753 1894 μέτριον
3792 1822 3879 1872 ὑπο-

2355 1904 2671 1973 μτήσαντες,
2700 1907 2827 1977 πρὸς
2857 1907 2924 1957 τὰ
2949 1905 3061 1968 ἑξῆς
3092 1903 3443 1980 βαδιούμεθα.

605 1991 863 2046 scientiae
894 1995 950 2046 et
979 1989 1282 2062 opinionis
1327 1987 1745 2061 relinquimus.
1787 1991 1853 2044 Et
1894 1987 1980 2044 sic
2017 1987 2316 2059 agonibus
2354 1988 2777 2062 hujuscemodi
2822 1995 3033 2066 paucis
3063 1998 3566 2066 commemoratis,
3609 1997 3874 2071 adeaque

602 2085 929 2150 supersunt
958 2078 1431 2151 progrediemur.

1099 2185 1277 2258 330
1319 2186 1541 2242 CAPUT
1570 2184 1734 2239 xxx.

593 2294 680 2351 De
705 2293 777 2350 iis
800 2294 903 2366 qui
923 2300 1048 2349 tum
1072 2293 1432 2366 martyrium
1450 2293 1849 2366 pertulerunt,
1872 2290 2065 2366 Metra
2085 2305 2240 2366 sene,

669 2362 886 2432 Quirita
897 2367 1145 2434 femina,
1164 2363 1498 2434 Apollonia
1520 2363 1767 2434 virgine,
1784 2362 2124 2429 Seravione,
2141 2362 2243 2417 Ju-

666 2439 850 2504 liano,
882 2439 1057 2502 Besa,
1091 2438 1352 2500 Macare,
1375 2439 1430 2492 et
1453 2435 1608 2492 aliis.

666 2543 776 2600 Sed
820 2544 1046 2616 primus
1074 2543 1345 2600 omnium
1377 2541 1772 2598 admirandus
1813 2541 1908 2597 ille
1930 2556 2108 2596 senex
2136 2541 2238 2596 de-

594 2633 952 2704 praedicetur
995 2636 1200 2690 Metras
1227 2632 1324 2704 (1),
1380 2647 1562 2702 quem
1610 2631 1823 2686 bellua;
1878 2629 1993 2686 illa:
2023 2630 2240 2686 crude-

588 2722 816 2778 lissime
851 2728 1114 2794 raptum,
1142 2739 1211 2778 ea
1242 2723 1438 2777 dicere
1464 2721 1780 2791 cogebant,
1813 2738 1948 2793 quin
1977 2722 2051 2778 ad
2081 2737 2238 2776 sum-

589 2827 756 2867 mam
781 2813 1082 2882 injuriam,
1115 2810 1564 2876 contumeliam,
1602 2816 1658 2865 et
1695 2809 2142 2881 blasphemiam
2173 2811 2236 2864 in

589 2899 888 2956 Christum
927 2900 1074 2956 nihil
1111 2898 1371 2956 facerent
1409 2899 1637 2971 reliqui.
1683 2901 1751 2954 Ut
1781 2905 1981 2955 autem
2010 2899 2104 2956 ille
2129 2899 2235 2955 mi-

2961 2197 3204 2247 ΚΕΦΔΛ.
3248 2193 3330 2249 Λ’.

2352 2299 2504 2367 Περὶ
2543 2304 2659 2375 τῷν
2697 2300 2839 2375 τότε
2875 2303 3457 2372 μαρτυρησάντων,
3500 2309 3722 2375 Μητρᾶ,
3752 2306 3869 2356 Κοῖν-

2417 2386 2545 2433 τας,
2586 2368 3036 2445 Ἀπολλωνίας,
3078 2368 3500 2445 Σαραπίωνος,
3552 2368 3866 2440 Ἰοὐλιανοή

2420 2444 2616 2505 Βησᾶ,
2659 2443 2984 2516 Μάκαρος,
3026 2443 3424 2519 καίετέρων.

2417 2552 2600 2600 Τοίνυν
2655 2552 2745 2601 καὶ
2811 2557 3005 2624 πρῶτος
3070 2553 3195 2623 ἡμῖν
3276 2555 3532 2607 ἐκκείσθω
3595 2553 3800 2625 τῷλόγῳ
3845 2555 3860 2603 ό

2350 2639 2644 2710 θαυμάσιος
2704 2639 3008 2714 πρέσϐύμης
3054 2647 3314 2715 Μητρᾶς·
3363 2645 3424 2695 ὃν
3483 2645 3532 2696 οἱ
3580 2646 3706 2719 θῆρες
3739 2643 3865 2695 ἐκεῖνοι

2346 2732 2436 2779 καὶ
2505 2727 2766 2800 ὠμὸτατοι
2823 2724 3232 2802 διαρπάσαντες,
3300 2729 3474 2785 ἐκεῖνα
3536 2732 3678 2804 λέγειν
3731 2731 3862 2784 ἀνέπει-

2349 2817 2456 2880 θον,
2505 2817 2606 2868 ὅσα
2665 2813 2831 2888 μηδὲν
2883 2817 3123 2870 ἐλλείπειν
3193 2819 3265 2880 εἰς
3327 2826 3603 2895 παροινίαν
3645 2825 3720 2873 καὶ
3761 2818 3856 2891 ὗθειν

2343 2910 2433 2958 καὶ
2489 2902 2826 2978 βλασφημίαν
2885 2914 3124 2979 Χριστοῦ
3187 2913 3361 2980 ᾤοντο.
3436 2909 3525 2972 Ὧς
3589 2907 3632 2962 δ’
3689 2905 3849 2978 οὐδαμῶς

587 3005 703 3045 nus
730 2991 812 3046 eis
833 2995 919 3046 est
939 2991 1280 3059 obsecutus,
1309 2993 1498 3045 totum
1521 3004 1739 3060 corpus
1761 2988 1887 3059 ejus
1909 2989 2234 3045 saevissime

2350 2996 2605 3057 πειθήνιος
2661 2991 2743 3064 ἦν,
2790 2995 2960 3058 ξύλοις
3015 2997 3127 3050 ὅλον
3183 3001 3242 3050 τὸ
3303 3007 3467 3071 σῶμα
3516 3005 3713 3059 παίοντες
3743 2996 3835 3067 ἀφει-

589 3077 844 3134 fustibus
904 3077 1372 3143 diverberarunt,
1431 3077 1648 3132 faciem
1717 3077 2008 3133 arundine
2059 3084 2236 3135 acuta

587 3167 1028 3232 consciderunt,
1075 3167 1282 3223 oculos
1314 3165 1727 3230 confoderunt,
1780 3167 2063 3224 interiora
2089 3183 2236 3239 quo-

588 3271 705 3329 que
743 3261 802 3313 et
842 3257 1085 3313 latentia
1123 3256 1390 3328 corporis
1429 3255 1562 3311 loca
1581 3255 1914 3316 laniarunt:
1949 3262 2127 3328 atque
2157 3257 2236 3314 ad

587 3344 886 3412 ultimum,
921 3345 1279 3401 immanitati
1308 3361 1431 3400 suae
1457 3344 1632 3418 quasi
1675 3344 2106 3412 renuntiantes,
2145 3347 2238 3402 in-

587 3436 747 3500 genti
777 3435 834 3490 vi
881 3434 1152 3506 lapidum
1184 3450 1322 3489 eum
1361 3434 1708 3489 obruerunt.
1761 3434 2040 3498 Quintam
2068 3450 2231 3500 vero,

584 3523 872 3580 feminam
928 3523 1282 3594 quamdam,
1331 3522 1410 3578 ad
1454 3522 1847 3578 simulacrum
1887 3522 2230 3591 adductam,

583 3613 829 3669 adorare
856 3612 1000 3668 illud
1039 3613 1365 3683 jusserunt.
1401 3612 1574 3677 Quod
1603 3613 1748 3685 quia
1781 3612 1882 3668 illa
1910 3612 2105 3669 facere
2129 3612 2236 3668 de-

583 3702 890 3767 trectabat,
924 3701 1178 3771 alligatis
1197 3706 1375 3773 atque
1393 3703 1708 3773 suspensis
1731 3717 1803 3757 ex
1830 3702 2084 3772 pedibus
2101 3702 2232 3773 ejus

581 3790 848 3858 funibus,
872 3807 977 3863 per
997 3791 1258 3847 mediam
1284 3807 1420 3846 eam
1446 3791 1770 3847 distraxere
1791 3791 2228 3848 Alexandriam.

585 3879 807 3935 Deinde
825 3879 1165 3935 durioribus
1192 3884 1372 3952 atque
1399 3879 1724 3936 acclivibus
1752 3880 1896 3936 locis
1908 3885 2228 3952 raptatam,

583 3969 833 4025 tandem
859 3969 920 4024 in
959 3968 1263 4035 eumdem,
1297 3985 1418 4040 quo
1458 3969 1640 4040 paulo
1678 3975 1814 4024 ante
1842 3970 2109 4030 Metram,
2142 3969 2229 4025 lo-

585 4073 724 4113 cum
737 4057 1106 4130 perductam,
1123 4057 1329 4112 itidem
1345 4062 1409 4113 ut
1438 4057 1628 4124 illum,
1661 4057 1968 4128 lapidibus
1992 4058 2229 4114 allisam

583 4162 809 4203 corona
837 4147 1105 4218 martyrii
1132 4147 1513 4204 decorarunt.
1536 4150 1670 4202 Post
1693 4146 1848 4203 hanc
1869 4147 2228 4204 admiranda

584 4236 906 4291 adducitur
933 4235 1269 4306 Apollonia,
1297 4235 1469 4305 virgo
1505 4241 1804 4291 senectute
1829 4237 1956 4306 jam
1991 4253 2229 4294 venera-

576 4325 735 4391 bilis,
778 4341 918 4380 esca
946 4325 1149 4381 bestiis
1191 4331 1496 4381 asservata
1527 4341 1538 4379 :
1572 4342 1709 4397 quae
1762 4342 1900 4380 curn
1956 4325 2225 4397 lapidum
2264 4357 2310 4412 Β

577 4414 796 4471 ictibus
823 4413 1002 4468 simul
1034 4419 1088 4469 et
1131 4413 1403 4470 maxillas
1432 4419 1488 4470 et
1515 4413 1726 4469 dentes
1748 4431 1958 4470 omnes
2001 4416 2228 4472 amisis-

578 4510 689 4569 set,
723 4503 887 4574 quod
938 4501 1016 4558 ad
1056 4519 1225 4558 aram
1270 4503 1603 4559 sacriﬁcare
1628 4518 1878 4575 prorsus
1931 4503 2132 4574 nollet,
2166 4507 2227 4562 in

578 4609 815 4667 pyram,
850 4608 986 4665 quae
1017 4591 1193 4648 idolis
1224 4598 1436 4664 parata
1472 4592 1662 4648 fuerat
1702 4595 1981 4658 maxima,
2015 4610 2228 4651 accen-

580 4699 713 4738 sam
736 4682 960 4752 ingenti
992 4682 1299 4738 alacritate
1326 4682 1596 4754 prosiluit
1624 4699 1637 4749 ;
1665 4683 1840 4754 longe
1861 4685 2224 4755 prestantis-

574 4772 796 4827 simum
829 4786 957 4826 esse
988 4770 1233 4837 ducens,
1263 4777 1327 4826 ut
1362 4771 1448 4826 sic
1477 4772 1608 4843 ipsa
1643 4771 1762 4827 Deo
1787 4773 2028 4830 victima
2057 4773 2239 4830 oﬁer—~

571 4867 752 4917 retur.
801 4860 899 4914 His
954 4861 1201 4917 accessit
1255 4861 1562 4932 Serapion,
1614 4862 1806 4933 patria
1860 4863 2148 4934 Ephesius
2208 4879 2221 4917 :

575 4952 747 5022 cujus
797 4965 935 5005 cum
984 4952 1262 5006 membra
1291 4950 1496 5005 omnia
1544 4966 1768 5020 magna
1808 4951 2134 5023 ﬂagrorum
2164 4953 2223 5009 vi

573 5040 995 5110 concidissent,
1040 5039 1438 5111 articulosque
1475 5042 1741 5112 corporis
1771 5041 1915 5096 locis
1953 5041 2224 5098 sedibus-

571 5145 688 5200 que
725 5129 848 5183 suis
888 5128 1304 5192 dimovissent,
1339 5133 1550 5198 postea
1578 5129 1942 5201 praecipitem
1977 5146 2117 5186 eum
2151 5147 2223 5187 ex

573 5218 878 5285 superiore
926 5216 1059 5273 loco
1097 5218 1394 5289 dejectum
1426 5224 1768 5274 enecarunt.
1804 5221 1948 5274 Tum
1980 5235 2221 5292 quoque

574 5305 871 5378 Julianus,
902 5306 984 5362 ita
1008 5307 1263 5378 pedibus
1285 5322 1464 5377 aeger,
1482 5312 1546 5362 ut
1572 5323 1767 5379 neque
1787 5307 2098 5365 ambulare
2124 5325 2223 5364 ne-

572 5409 687 5464 que
716 5412 954 5452 movere
981 5412 1042 5452 se
1073 5401 1293 5468 posset,
1326 5411 1464 5452 cum
1495 5395 1735 5452 duobus
1769 5395 1924 5461 aliis,
1955 5398 2057 5469 qui
2084 5413 2223 5454 eum

647 5568 724 5646 (1)
748 5573 858 5630 Alii
887 5573 1048 5630 hunc
1083 5576 1409 5646 martyrem
1438 5574 1778 5631 Metra‘num
1815 5575 2149 5634 nominant.

2343 3079 2464 3150 δὼς,
2505 3083 2754 3156 καλάμοις
2793 3084 2935 3147 ὀξέσι
2976 3089 3034 3138 τὸ
3083 3091 3364 3159 πρόσωπον
3412 3092 3597 3162 ᾔκιζον
3641 3087 3833 3144 ’καὶτοὺς

2343 3171 2634 3245 ὀφθαλμούς
2701 3177 3053 3242 κατεκέντουν,
3131 3179 3224 3234 τὴν
3293 3172 3446 3230 ἔνδον
3513 3178 3679 3231 πλάσιν
3724 3173 3835 3244 ium-

2347 3279 2550 3322 σοντες·
2578 3261 2628 3324 ἔς
2703 3264 2917 3336 ὕστερον
3009 3261 3389 3334 δ’ἀπειπόντες,
3469 3267 3627 3328 λίθοις
3679 3265 3843 3336 ἀφθόνοις

2344 3347 2611 3424 βάλλοντες
2661 3353 2916 3424 ἔφθειραν.
2973 3355 3192 3407 Κοῖνταν
3250 3352 3310 3408 δέ
3385 3375 3511 3409 τινα
3569 3362 3750 3428 γυναῖκα
3797 3349 3854 3401 ἐπὶ

2341 3443 2400 3492 τὸ
2466 3437 2678 3493 εἴδωλον
2744 3440 3037 3514 ἀγαγόντες,
3112 3447 3206 3502 τὴν
3271 3449 3631 3519 προσκύνησιν
3681 3443 3853 3509 insomnia

2343 3531 2515 3601 ἐκείνῳ
2587 3532 2960 3604 προσέταττον.
3031 3531 3177 3585 Ἐπεὶ
3255 3528 3603 3610 δ’ἀπηγὸρευι
3665 3532 3848 3604 πράττω,

2345 3622 2596 3690 σχοίνους
2642 3627 2741 3671 τῶν
2789 3617 2966 3673 ποδὼν
3022 3620 3423 3694 ἐξάρτήσαντες,
3482 3621 3572 3677 διὰ
3620 3627 3758 3694 μέσης
3796 3618 3848 3671 ιδ’

2341 3727 2428 3760 κον
2471 3716 2674 3783 πρῶτον
2736 3717 2834 3771 τῆς
2886 3707 3276 3784 Ἀλεξανδρείας
3323 3732 3337 3746 ο
3414 3716 3587 3767 ἔπειτα
3625 3718 3719 3771 τοῖς
3761 3707 3848 3761 ἰσώ-

2340 3815 2456 3848 τεσι
2518 3803 2608 3850 καὶ
2662 3803 3011 3872 τραχυτέροις
3062 3808 3161 3852 τῶν
3232 3805 3406 3854 τόπων
3480 3809 3740 3878 προσῆγον.
3795 3797 3854 3850 Καὶ

2339 3885 2477 3947 τέλος
2528 3886 2601 3948 εἰς
2657 3891 2811 3940 τόπον
2865 3886 2938 3960 ἐφ’
3104 3894 3194 3942 καὶ
3239 3893 3322 3943 τόν
3376 3893 3722 3966 προειρημένον
3769 3883 3856 3954 ἀγι-

2339 3979 2512 4046 γόντες
2561 3981 2800 4050 Μητρᾶν,
2849 3980 2939 4029 τὸν
2996 3981 3110 4031 ἴσον
3162 3984 3253 4032 καὶ
3310 3980 3444 4054 αύτῇ
3497 3978 3585 4034 διὰ
3631 3987 3714 4031 τῶν
3754 3975 3855 4027 λίθω

2339 4063 2709 4136 περιϐάλλουσι
2765 4069 3030 4138 στέφανον.
3101 4066 3218 4120 Ἐπὶ
3284 4065 3352 4127 δὴ
3403 4072 3567 4142 ταύτῃ
3620 4064 3854 4121 καὶόθαυ·

2339 4159 2516 4225 μαστὴ
2601 4160 2692 4208 καὶ
2786 4155 3114 4229 ἀειπάρθενος
3207 4158 3549 4225 Ἀπολλωνὶοι,
3629 4151 3850 4229 πρέσϐῡτιςε

2339 4242 2598 4315 εἰσήγετο,
2644 4246 2842 4316 θηρίοις
2899 4243 3288 4320 διατηρουμένη
3345 4246 3504 4323 βορά.
3569 4248 3718 4301 Λίθων
3757 4234 3854 4292 δ’σῶ

2339 4333 2476 4402 ὅμως
2540 4330 2717 4405 βολαῖς
2778 4336 2868 4394 τὰς
2931 4340 3176 4406 σιαγόνας
3244 4337 3597 4410 συντρίϐεῖσα,
3657 4330 3853 4386 καὶτοὺς

2338 4416 2558 4482 ὀδόντας
2626 4424 2928 4492 σύμπαντας
2990 4422 3388 4496 ἐκκρουσθείσα,
3467 4429 3574 4478 επεὶ
3632 4425 3682 4474 τὸ
3740 4416 3850 4470 nisu-

2337 4515 2481 4562 ταῖον
2535 4506 2784 4582 ούδαμῶς
2831 4509 3056 4564 ἓπιθύειν
3096 4520 3168 4583 τῷ
3210 4511 3374 4585 βωμῷ
3435 4514 3600 4579 ἤθελε,
3650 4518 3700 4582 τῇ
3734 4521 3847 4575 περα-

2337 4602 2542 4672 κειμένῃ
2594 4597 2798 4660 ἐκείνοις
2846 4605 3073 4674 μεγίστη
3130 4602 3416 4675 ἀναφθείση
3466 4608 3608 4678 πυρᾷ
3658 4598 3841 4672 πρόθυμσξ

2338 4687 2518 4754 ἥλατο,
2573 4689 2731 4741 θυσία
2786 4688 2974 4760 μᾶλλον
3036 4689 3166 4748 αύτὴ
3219 4696 3594 4764 προσαχθῆναι
3644 4684 3840 4760 αἱρουμέδη

2339 4783 2472 4847 Θεῷ.
2535 4778 2676 4850 Πρὸς
2726 4774 2786 4831 δε
2849 4783 2939 4830 καὶ
3004 4783 3264 4852 Σεραπίων
3321 4779 3552 4854 Ἐφέσιος
3611 4783 3731 4851 γένος
3777 4770 3844 4822 εἰσι

2336 4870 2490 4936 ἠγετο
2535 4883 2549 4896 ·
2610 4867 2671 4918 οὗ
2718 4869 2785 4918 τὰ
2839 4867 2966 4938 μέλη
3035 4875 3146 4929 ταῖς
3196 4865 3452 4943 σφοδραῖς
3509 4877 3606 4922 τῶν
3653 4864 3848 4938 μαστίγων

2335 4952 2602 5008 ἕπιθέσεσι
2661 4952 3057 5023 διακλάσαντες,
3112 4959 3207 5020 τάς
3262 4978 3317 5012 τε
3363 4967 3460 5011 τῶν
3507 4959 3694 5031 ἄρθρων
3739 4953 3848 5022 ἀφέω·

2331 5047 2445 5105 νίας
2496 5052 2587 5105 τῆς
2633 5047 2771 5097 κατὰ
2823 5048 2976 5117 φύσιν
3032 5042 3191 5122 ἔδρας
3244 5049 3602 5113 ἑκστὴσαντες,
3663 5041 3753 5095 εἶτα
3793 5037 3849 5086 lli

2332 5141 2500 5204 πρηνῆ
2553 5133 2607 5196 ἐξ
2632 5135 2661 5184 ὑ
2707 5140 2908 5207 περῴου
2962 5135 3355 5200 καταϐαλόντες,
3404 5135 3524 5210 βίου
3595 5141 3676 5188 τοῦ
3724 5128 3844 5191 έξέσπ

2335 5241 2450 5277 σαν,
2489 5222 2622 5277 Τότε
2671 5219 2738 5282 δὴ
2789 5229 2879 5277 καὶ
2907 5224 3179 5286 Ἰουλιανὸς
3222 5224 3386 5298 ἀλγῶν
3441 5229 3530 5298 μὲν
3582 5227 3686 5284 τούς
3732 5211 3844 5270 πόδας

2333 5310 2484 5384 ἀνὴρ,
2523 5315 2781 5366 κινεῖσθαι
2809 5308 2869 5366 δὲ
2900 5312 2930 5371 ἣ
2973 5309 3214 5387 βαδίζειν
3243 5315 3348 5387 ούχ
3391 5317 3503 5376 σῖος
3539 5333 3591 5368 τε
3625 5314 3703 5376 ὧν,
3726 5308 3842 5376 ti7”“

2335 5395 2465 5454 δυσὶ
2508 5408 2632 5470 τοῖς,
2689 5403 2740 5454 οἱ
2807 5401 2965 5454 αύτόν
3022 5403 3231 5478 ἀνεῖχον
3283 5407 3532 5480 μετέωρον
3569 5420 3581 5434 ο
3625 5401 3683 5452 ὧν
3731 5398 3752 5448 ό
3789 5398 3839 5464 μὲν

2786 4155 2970 4231 ἀειπάρ
2981 4158 3114 4217 θενος
