4036 6288
165 290 320 344 1125
1217 291 1790 353 ECCLESIASTIC/E
1834 293 2193 353 HISTORIIE
2232 297 2368 354 LIB.
2412 297 2477 354 V.
3402 303 3540 357 “26

162 434 305 486 προς
349 417 406 468 τὸ
463 418 679 488 μέγεθος
731 419 960 470 άπεεπών
1007 426 1106 471 τῶν
1153 416 1354 490 δεινῶν,
1397 420 1654 494 ἐξώμνυτο
1684 426 1756 495 μετ

1946 423 2207 480 iblimem
2263 425 2637 482 sustinebant
2683 425 3023 481 adducitur.
3079 426 3344 491 Quorum
3393 427 3540 484 alter

164 503 332 565 εὐθὺς
398 508 493 562 τὴν
574 510 775 572 πίστιν,
851 513 942 560 καὶ
1011 508 1285 561 άπελύετο·
1347 509 1527 585 ἅτερος
1593 508 1671 577 δε,

1944 515 2082 569 atim
2107 501 2189 570 ad
2215 519 2442 570 tantam
2469 515 2764 571 malorum
2799 515 3234 570 immanitatem
3266 516 3538 572 animum

166 592 461 666 Ἰσχυρίων
503 597 593 665 μὲν
635 599 811 668 ὄνομα,
845 600 1038 658 Εὔνους
1080 594 1140 650 δὲ
1188 602 1246 650 τὸ
1303 601 1588 671 ἐπώνυμον,
1645 597 1760 672 μηδ

1941 603 2224 675 espondit,
2255 603 2437 658 ﬁdem
2469 603 2790 674 abjuravit,
2827 609 2882 658 et
2911 603 3058 659 liber
3083 604 3372 660 dimissus
3402 610 3491 662 est
3523 623 3535 673 ;

161 679 231 732 ἆν
290 685 406 734 εἴτι
451 687 542 735 καὶ
580 688 780 754 γένοιτο
821 688 1075 757 προέσθαι
1121 691 1214 744 τὴν
1261 687 1424 746 καλὴν
1475 689 1753 761 ὁμολογίαν

1953 696 2034 746 ter
2062 697 2284 756 autem,
2327 693 2421 748 cui
2451 692 2816 764 Ischyrionis
2857 707 3100 757 nomen,
3147 691 3295 747 Euni
3340 700 3541 751 autem

161 770 210 822 εἰ
272 775 362 823 καὶ
408 775 654 845 μυριάκις
721 771 831 828 δέοι
895 778 1078 841 θανεῖν,
1137 777 1376 852 ἰσχυρῶς
1430 779 1754 850 ἐνιστάμενος

1948 795 2223 850 »ςηοωθιι
2250 779 2379 848 fuit,
2407 772 2603 853 reipsa
2626 781 2769 836 satis
2797 796 2899 836 eas
2924 779 3356 852 appellationes
3381 799 3542 840 com-

161 864 272 912 σὺν
343 861 601 933 Ἰουλιανῷ
656 867 742 916 τὸν
794 868 908 917 ἶσον
962 869 1234 938 ἑγκειμένῳ
1304 870 1515 941 τρόπον,
1590 870 1755 938 ἕποχο

1941 869 2178 935 robans,
2224 873 2281 925 et
2326 870 2810 942 persecutoribus
2859 869 3084 925 fortiter
3131 885 3478 941 repugnans
3524 889 3535 928 :

158 949 427 1020 καμήλοις
479 957 829 1025 γεγενημένοι,
884 959 972 1006 καὶ
1036 959 1283 1030 μετέωροι
1346 959 1752 1028 μαστιγούμενοι

1947 959 2110 1031 ιὶρρθ
2133 959 2459 1014 sexcenties
2480 960 2678 1030 potius
2699 959 2872 1024 mori,
2898 975 3081 1030 quam
3105 958 3442 1031 quidquam
3465 962 3541 1018 de

161 1035 268 1091 διὰ
335 1045 502 1110 μέσης
568 1049 664 1104 τῆς
715 1042 907 1105 πόλεως
970 1045 1180 1115 ἢγοντο.
1249 1042 1384 1099 Εἶτα
1428 1054 1521 1098 τοῦ
1603 1042 1755 1118 δῆμοι

1949 1063 2050 1102 )na
2075 1047 2446 1119 professione
2472 1048 2768 1103 remittere
2795 1053 3072 1118 paratus;
3096 1047 3346 1120 ipseque
3364 1049 3543 1107 Julia-

156 1129 357 1200 ἄγριον
417 1129 594 1191 αύτοίς
638 1136 1064 1204 καταιγίσαντος,
1121 1141 1194 1205 τῷ
1250 1139 1379 1206 πυρὶ
1422 1137 1750 1192 κατεκάησαν

1947 1152 2021 1202 ιε,
2062 1137 2167 1208 qui
2194 1137 2253 1192 in
2294 1136 2506 1192 eadem
2538 1152 2722 1192 causa
2761 1141 2925 1200 erat;
2961 1136 3206 1193 camelis
3250 1137 3541 1196 sublimes

157 1215 332 1270 Ἀλλὰ
375 1224 466 1271 καὶ
524 1226 694 1282 Βησᾶς
736 1220 840 1274 ἐκεῖ
885 1226 979 1280 τὴν
1033 1222 1244 1291 κλῆσιν,
1292 1223 1581 1286 καλλίνικος
1627 1224 1751 1277 ὁπλο

1947 1225 2171 1297 ipositi,
2208 1229 2388 1298 atque
2425 1225 2509 1282 ita
2545 1241 2652 1297 per
2681 1225 2944 1281 mediam
2977 1226 3185 1280 urbem
3225 1226 3397 1292 vecti,
3436 1227 3541 1284 ﬂa-

156 1309 351 1378 μάχος
419 1316 656 1382 Χριστοῦ
717 1319 791 1381 τῷ
845 1311 982 1384 λόγῳ
1045 1321 1140 1374 τῆς
1201 1312 1461 1374 εὐσεϐείας
1536 1312 1746 1388 ἀριστεὺ

1945 1314 2008 1368 'is
2045 1313 2187 1369 caesi
2223 1318 2379 1379 sunt,
2415 1314 2608 1370 donec
2643 1330 2680 1370 a
2713 1313 2890 1385 plebe
2925 1314 3178 1370 ferocius
3216 1315 3539 1374 insultante

156 1391 391 1467 δόκιμος
432 1397 684 1469 ἐκφανεὶς,
742 1403 838 1458 τὴν
893 1408 986 1462 τῆς
1039 1401 1260 1472 κεφαλῆς
1323 1403 1579 1473 ὑφίστατο
1635 1402 1750 1455 έκτο

1967 1402 2169 1472 ignem
2187 1403 2439 1474 conjecti
2461 1403 2927 1472 conﬂagrarunt.
2951 1403 3068 1474 38
3081 1406 3122 1474 ι
3151 1404 3266 1459 Sed
3283 1409 3340 1460 et
3364 1408 3540 1461 Besas

155 1488 296 1556 μήν.
344 1490 444 1538 Καὶ
498 1488 524 1538 ό
579 1493 869 1560 φερώνυμος
916 1485 975 1540 δι
1012 1492 1222 1564 Μάκαρ,
1267 1491 1433 1552 Λίϐυς
1461 1493 1526 1542 τὰ
1554 1492 1749 1565 πάτρια

1950 1491 1969 1545 i
1996 1490 2455 1562 hoplomachus,
2477 1506 2585 1546 seu
2614 1495 2883 1546 armatus
2906 1491 3094 1557 miles,
3123 1496 3176 1546 et
3205 1491 3397 1548 victor
3425 1508 3540 1564 ope

155 1573 366 1636 πολλῆς
437 1575 573 1646 αύτῷ
641 1573 921 1649 δεδομένης
995 1587 1290 1652 προτροπῆς
1385 1579 1454 1640 εἰς
1535 1578 1749 1652 ἄρνησιν

1945 1579 2094 1634 πὶειὶ
2133 1579 2428 1651 egregius,
2456 1580 2622 1653 quod
2661 1595 2724 1635 se
2757 1580 2818 1635 in
2854 1595 3004 1635 verae
3045 1580 3280 1651 pietatis
3317 1581 3539 1652 profes-

154 1661 276 1715 ἐπεὶ
329 1661 598 1725 ἀνένδοτος
636 1662 719 1731 ἦν,
767 1667 866 1727 ζῶν
914 1673 1041 1740 πύρὶ
1069 1673 1488 1740 κατεπίμπρατο,
1537 1673 1640 1721 Ναὶ
1670 1673 1742 1740 μὴ

1947 1684 2050 1724 one
2081 1668 2431 1725 bellatorem
2467 1675 2798 1740 spectatum
2845 1670 3185 1741 praebuerit,
3218 1670 3428 1742 capitis
3454 1687 3541 1727 re-

154 1757 253 1803 καὶ
306 1753 621 1825 Ἐπίμαχος,
680 1759 771 1807 καὶ
829 1753 1190 1828 ’Δλέξανδρος,
1243 1753 1436 1830 δεσμὰ,
1484 1757 1747 1832 κάθειρξιν

1945 1758 2208 1812 ctionem
2239 1758 2534 1813 sustinuit.
2569 1757 2857 1814 Macarius
2891 1773 3156 1829 quoque,
3184 1775 3395 1814 verum
3426 1759 3539 1815 hoc

153 1841 350 1911 τᾶλλα,
419 1848 509 1895 καὶ
578 1844 840 1920 ξυστῆρας
905 1843 1106 1921 σιδήρῳ
1163 1849 1505 1918 τεθηγμένους
1580 1843 1747 1918 διενεγ

1944 1846 2163 1901 )tinens
2207 1861 2453 1912 nomen,
2501 1847 2561 1901 in
2611 1845 2798 1918 Libya
2844 1851 3029 1912 ortus,
3076 1862 3216 1902 cum
3265 1847 3538 1918 plurimis

153 1931 364 1997 κόντες,
440 1932 574 1994 τέλος
646 1937 834 2006 τιτάνῳ
894 1940 1260 2009 προσριφέντες
1330 1936 1542 2008 ζεούσῃ,
1587 1932 1740 1988 δεινῶ

1944 1939 2042 1990 .set
2084 1935 2162 1990 ad
2196 1935 2579 2005 negationem
2628 1933 2874 1990 allectus
2918 1934 3134 2000 odis,
3162 1936 3289 2007 ipse
3338 1941 3538 1992 autem

155 2019 561 2092 κατεφλέγοντο.

1942 2030 2172 2080 amotus
2218 2028 2617 2096 permaneret,
2648 2024 2814 2079 vivus
2840 2028 2931 2079 est
2973 2025 3342 2080 combustus.
3382 2028 3536 2081 Prte-

157 2113 337 2165 terea
421 2112 785 2182 Epimachus
868 2119 924 2170 et
997 2115 1347 2178 Alexander,
1432 2118 1836 2186 posteaquam
1911 2129 2229 2179 carcerem,
2290 2113 2549 2180 vincula,
2615 2121 2670 2169 et
2741 2128 2923 2184 super
3009 2113 3128 2170 alia
3210 2113 3538 2171 novaculas

158 2196 330 2254 ferro
377 2201 752 2258 acuminatas
799 2203 1198 2274 pertulissent,
1251 2208 1555 2276 postremo
1603 2203 1664 2259 in
1712 2202 1938 2259 calcem
1970 2202 2279 2259 ardentem
2329 2202 2596 2274 projecti,
2657 2202 3008 2272 gravissime
3047 2207 3187 2259 sunt
3219 2203 3432 2261 exusti.

765 2321 986 2374 ΚΕΦΑΛ
999 2362 1013 2377 .
1055 2319 1182 2373 AA’.

2486 2317 2711 2376 CAPUT
2755 2318 2930 2374 XXXI.

162 2407 328 2477 Περὶ
385 2404 584 2484 ἄλλων
637 2410 973 2480 μαρτύρων
1032 2408 1092 2460 ἐν
1147 2404 1611 2484 Ἀλεξανδρείᾳ
1665 2411 1756 2460 καὶ

1941 2422 1968 2464 e
2003 2407 2140 2464 aliis
2170 2407 2694 2484 ma_r_tyribu_s,_qui
2721 2413 3019 2484 certgnien
3050 2423 3223 2484 suum
3263 2408 3535 2467 obierunt

460 2477 864 2552 Παλαιστίνη
906 2477 1493 2552 μαρτυρησάντωνζ
1588 2477 1598 2480 ⁷

1588 2477 1598 2480 ⁷
2235 2477 2628 2535 Alexandriae
2658 2486 2712 2535 et
2742 2481 2804 2534 in
2833 2479 3179 2536 Palaestina.

233 2564 382 2619 Ἀλλ’
437 2563 562 2619 ούδε
626 2575 867 2638 γυναῖκες
918 2577 1010 2622 τοῦ
1074 2570 1234 2622 καλοῦ
1313 2569 1504 2622 ἐκείνου
1574 2567 1772 2622 ἀπελεί-

1952 2567 2217 2624 Mulieres
2261 2583 2505 2640 quoque
2539 2584 2576 2624 a
2615 2573 2740 2624 tam
2775 2567 3023 2639 pulchro
3054 2569 3376 2625 certamine
3413 2584 3535 2627 non

164 2672 330 2706 ποντο
401 2661 713 2730 μαρτυρίου.
780 2657 1174 2733 Ἀρρενωθεῖοαι
1241 2656 1301 2710 δε
1365 2663 1454 2711 καὶ
1489 2658 1645 2710 αὗται
1713 2660 1758 2709 τί

1941 2663 2150 2723 ierant,
2210 2673 2346 2729 quae
2396 2656 2622 2712 virilem
2689 2656 2980 2712 habentes
3041 2657 3334 2725 animum,
3392 2673 3535 2715 sane

172 2747 430 2814 φρόνημα,
481 2743 742 2819 ἀνδρικῶς
793 2748 1131 2818 ἠγωνίζοντο.
1181 2752 1280 2798 Ὧν
1332 2753 1509 2820 πρώτη
1557 2747 1766 2820 Ἀμμω-

1942 2761 2066 2801 iam
2114 2745 2340 2801 fortiter
2378 2745 2820 2816 depugnarunt.
2876 2746 3140 2811 Quarum
3196 2747 3390 2815 prima
3428 2747 3536 2804 fuit

174 2836 332 2904 ναρία
391 2829 469 2891 ἦν.
539 2834 806 2906 Ἀπήγετο
865 2839 966 2909 γὰρ
1029 2841 1124 2894 τὴν
1190 2837 1497 2908 ἐπαγγελίαν
1561 2835 1767 2907 ἀψευδῆ

1940 2836 2298 2905 mmonaria;
2317 2835 2575 2890 abducta
2593 2836 2753 2890 enim
2769 2840 2876 2901 est,
2890 2835 3346 2906 promissionem
3361 2851 3534 2892 suam

177 2928 446 2983 τηροῦσα·
501 2923 590 2976 ἅτε
646 2921 713 2982 δὴ
747 2922 913 2997 μηδὲν
962 2927 1030 2976 ὧν
1086 2923 1343 2987 δικαστὴς
1398 2926 1593 2978 κελεύοι
1631 2925 1771 2997 φιλο-

1941 2929 2227 2980 instanter
2257 2939 2621 2979 conservans
2657 2946 2669 2978 :
2701 2940 2824 2997 qua
2854 2941 2917 2980 se
2947 2924 3092 2980 nihil
3124 2924 3415 2982 facturam
3444 2941 3535 2981 re-

167 3019 348 3062 νεικῶν
393 3019 507 3074 ταῖς
553 3012 807 3085 βασάνοις
855 3021 1022 3085 νικᾷν,
1082 3014 1487 3087 ἀποκριναμένη,
1546 3014 1664 3067 Ἐπὶ
1713 3012 1761 3068 δὲ

1940 3019 2142 3084 :perat,
2159 3013 2322 3085 quod
2342 3013 2529 3084 judex
2551 3013 2731 3068 variis
2759 3018 3192 3069 tormentorum
3216 3013 3534 3084 generibus

165 3102 334 3172 ταύτῃ
385 3106 475 3154 καὶ
537 3105 566 3160 ὴ
625 3105 901 3176 θαυμαστὴ
951 3113 1210 3175 γυναικῶν
1259 3108 1578 3178 Μερκουρία,
1619 3106 1759 3162 καὶῆ

1937 3118 2020 3156 1m
2052 3117 2124 3157 ea
2158 3103 2546 3172 contendens,
2581 3117 2837 3174 eamque
2877 3117 3223 3173 expugnare
3264 3103 3531 3172 studens,

162 3189 430 3252 πολύπαις
476 3194 589 3263 μὲν,
645 3197 704 3245 τὸ
760 3190 819 3246 δὲ
872 3193 1020 3247 πλέον
1086 3194 1315 3266 φιλόθεος
1354 3198 1619 3259 Διονυσία,
1680 3201 1756 3245 τοι

1939 3191 2170 3246 .ssisset.
2213 3194 2348 3246 Post
2385 3191 2542 3247 hanc
2582 3197 2638 3246 et
2676 3191 3036 3247 admiranda
3075 3191 3174 3246 illa
3199 3193 3484 3248 Mercuria
3519 3210 3533 3249 :

165 3275 484 3342 δικάζοντος
523 3284 570 3333 ἐν
611 3279 759 3335 αἰδοῖ
806 3287 1138 3355 ποιόυμένου,
1188 3280 1260 3353 τῷ
1291 3281 1492 3357 ἄμετρα
1549 3281 1759 3355 βασανί⁴

1941 3297 1991 3335 ac
2021 3295 2142 3337 non
2172 3279 2497 3336 multorum
2530 3280 2856 3336 liberorum
2888 3285 3098 3344 mater,
3132 3285 3188 3335 et
3216 3280 3382 3352 quod
3411 3297 3535 3338 ma-

161 3368 296 3436 ζειν,
349 3371 512 3432 οὕτως
560 3374 661 3424 ύπό
708 3381 965 3443 γυναικῶν
1013 3378 1289 3446 καρτερίας
1348 3375 1627 3436 ἡττᾶσθαι,
1690 3391 1755 3425 σιι

1941 3386 1976 3422 s
1999 3374 2106 3435 est,
2133 3370 2234 3425 Dei
2257 3385 2471 3425 amans
2495 3368 2798 3441 Dionysia,
2824 3385 2961 3424 cum
2984 3369 3229 3441 quidem
3260 3371 3535 3439 quaesito-

158 3454 320 3533 δήρῳ
373 3463 634 3514 τεθνᾶσιν.
684 3463 802 3516 Ἐπὶ
849 3460 908 3515 δὲ
955 3465 1159 3524 τούτοις
1200 3461 1372 3536 Ἥρων
1419 3466 1510 3514 καὶ
1550 3462 1749 3535 Ἀστὴρ

1949 3474 2006 3512 m
2039 3458 2239 3530 ipsum
2264 3459 2389 3529 jam
2427 3458 2694 3529 puderet,
2727 3458 2894 3530 quod
2925 3459 2986 3513 in
3015 3458 3322 3513 immensis
3344 3458 3535 3514 carni-

154 3545 452 3624 ’Ῑσίὸωρος
497 3556 588 3602 καὶ
645 3557 943 3626 Διόσκορος,
1003 3556 1146 3604 οὔπω
1201 3556 1431 3624 πέμπτον
1479 3556 1568 3603 καὶ
1621 3548 1748 3604 δέκα

1940 3546 2073 3601 :inis
2098 3547 2220 3602 suis
2242 3563 2278 3602 a
2307 3546 2625 3602 mulierum
2648 3545 2988 3602 constantia
3006 3547 3360 3613 vinceretur,
3381 3545 3534 3601 ferro

151 3656 240 3688 τον
296 3639 398 3698 ἔτος
438 3638 694 3702 έξηνυκώς
734 3656 746 3667 ·
795 3641 1051 3712 Αἰγύπτῳ
1096 3637 1154 3693 δι
1183 3647 1583 3712 προσοικοῦντες
1612 3637 1745 3698 ἦσαν

1939 3641 2017 3691 Int
2055 3643 2299 3694 necatae.
2338 3636 2560 3692 Deinde
2603 3637 2817 3700 Heron,
2852 3641 2909 3690 et
2936 3639 3126 3704 Aster,
3161 3644 3215 3692 et
3252 3636 3533 3702 Isidorus,

158 3732 305 3800 Πυρῖ
360 3731 451 3800 μὲν
499 3733 615 3790 τοὺς
663 3729 846 3792 ἄλλους
909 3729 1143 3802 ἐπίμπρα
1171 3749 1185 3764 θ
1233 3733 1320 3781 τὸν
1370 3726 1428 3782 δὲ
1470 3732 1600 3796 νέον,
1653 3731 1752 3781 οῖτο·

1981 3725 2318 3790 Dioscorus,
2349 3726 2455 3796 qui
2485 3726 2757 3781 nondum
2797 3725 3100 3781 decimum
3130 3726 3406 3797 quintum
3439 3740 3536 3780 ex-

157 3821 252 3868 πόν
299 3837 355 3870 τι
399 3818 594 3880 οἰηθεὶς
647 3824 766 3893 περὶ
819 3820 998 3884 αὑτοῦ,
1054 3825 1118 3880 ὼς
1171 3825 1240 3888 μὴ
1289 3819 1567 3894 ίρῥωμένον
1613 3814 1751 3876 δῆθεπ

1943 3818 2144 3870 everat
2176 3830 2426 3881 annum,
2464 3815 2696 3886 Egypti
2730 3830 2962 3879 omnes,
2993 3814 3297 3885 producti;
3332 3819 3389 3870 et
3427 3830 3537 3870 cae-

160 3909 250 3957 καὶ
316 3903 568 3980 ἀνδρώδη
633 3907 982 3974 ἐξαπατῆσαι,
1041 3917 1245 3982 παρῆκε
1313 3911 1422 3980 μὲν⁹
1495 3909 1754 3981 ύπέρθεσιι

1941 3903 1982 3957 ri
2025 3903 2269 3974 quidem
2311 3904 2432 3973 igni
2473 3911 2613 3960 sunt
2651 3904 2971 3969 combusti,
3021 3903 3535 3959 adolescentulum

162 3998 338 4064 φήσας
401 4004 472 4066 τῷ
534 4000 626 4067 νέῳ
683 3996 967 4070 ἐπιμετρείν
1013 4005 1105 4050 τοῦ
1163 4005 1251 4057 τῆς
1307 3997 1514 4058 ἡλικίας
1561 3994 1756 4068 ἀώρου.

1940 3996 2078 4046 item
2104 3991 2290 4060 judex
2319 3992 2562 4057 dimisit,
2587 3992 2850 4048 absurda
2875 3991 3145 4064 quadam
3171 3991 3246 4048 de
3276 4006 3346 4048 eo
3388 4006 3534 4047 con-

159 4080 398 4159 Έτερος,
452 4091 718 4155 Νεμεσίων
763 4090 940 4157 ὄνομα,
1003 4086 1280 4157 Αἰγύπτιος
1331 4082 1380 4138 δ’
1427 4086 1489 4143 ἧν
1538 4090 1626 4137 καὶ
1680 4085 1753 4138 αύ-

1939 4085 2050 4151 ςριθ.
2073 4081 2378 4151 opinione,
2410 4081 2576 4153 quod
2602 4081 2767 4138 illum
2792 4081 3066 4138 nondum
3099 4082 3241 4137 satis
3269 4080 3533 4146 ﬁrmum,

160 4176 264 4239 τός,
321 4180 611 4237 συνοικίαις
669 4172 827 4234 δῆθεν
877 4176 1080 4248 λῃστῶν
1128 4178 1402 4250 ἐντραφεὶς,
1463 4177 1564 4227 ὑπὸ
1613 4171 1754 4232 δίκητ

1940 4167 2137 4224 scdum
2169 4170 2382 4235 virum,
2417 4169 2616 4227 fraudi
2647 4175 2703 4226 et
2732 4170 3060 4226 seductioni
3093 4168 3375 4225 idoneum
3407 4185 3534 4225 esse

164 4266 345 4334 ἤγετο.
394 4263 478 4325 Ὧς
526 4261 586 4317 δὲ
626 4272 717 4317 τοῦ
762 4264 1081 4337 ἐγκλήματος
1133 4268 1218 4316 τὸν
1263 4273 1440 4336 μῶμον
1497 4283 1758 4336 προσαπε-

1940 4263 2147 4327 itaret;
2177 4275 2531 4332 moramque
2557 4263 2613 4315 et
2641 4264 2878 4330 tempus
2909 4259 2970 4314 in
2999 4273 3070 4314 eo
3096 4258 3534 4329 completurum

163 4353 396 4423 τρίϐετο,
452 4356 517 4414 ὡς
581 4357 899 4427 Χριστιανὸς
954 4354 1130 4406 λοιπὸν
1189 4349 1406 4425 δέσμιος
1464 4357 1655 4424 εἴχετο.
1709 4352 1757 4406 Ὃ

1943 4358 2118 4418 ceret,
2160 4351 2325 4424 quod
2376 4350 2535 4405 aetati
2579 4349 2832 4406 deesset.
2878 4351 2992 4404 Hos
3039 4352 3398 4404 consecutus
3448 4352 3535 4403 est

166 4439 225 4494 δὲ
272 4439 496 4506 ἀδίκως,
545 4449 635 4495 καὶ
687 4443 863 4514 μεῖξον
904 4443 932 4500 ἣ
979 4447 1098 4504 τοὺς
1146 4442 1346 4514 λῃστὰς
1394 4442 1760 4514 λυμηνάμενος,

1941 4442 2218 4507 amesion,
2243 4439 2553 4511 Egyptius
2577 4442 2634 4493 et
2658 4439 2805 4510 ipse,
2829 4443 3009 4508 atque
3034 4437 3183 4492 inter
3218 4436 3535 4508 praedones

162 4535 322 4601 μέσον
396 4530 593 4583 ἐκείνων
636 4535 795 4605 πυρὸς
853 4528 1090 4590 δαπάνηκ
1143 4533 1301 4583 ἐποίει
1357 4533 1444 4583 τὸν
1503 4533 1756 4606 μάρτυρα.

1939 4534 2189 4595 lucatus,
2232 4544 2354 4601 quo
2385 4527 2626 4583 nomine
2658 4527 2719 4582 in
2744 4525 3041 4598 judicium
3080 4525 3275 4580 fuerat
3311 4530 3533 4596 pertra-

162 4623 446 4692 Σύνταγμα
498 4616 547 4672 δ’
590 4619 640 4672 έν
697 4623 863 4692 τούτῳ
923 4629 1270 4694 στρατιωτῶν,
1317 4618 1510 4691 Ἀμὼν,
1568 4624 1756 4685 Ζήνων,

1941 4638 2008 4676 us
2033 4640 2046 4676 :
2071 4626 2394 4691 postquam
2417 4623 2635 4682 autem,
2663 4630 2845 4671 causa
2871 4614 3049 4679 dicta,
3074 4615 3298 4669 crimen
3320 4613 3380 4668 id
3402 4629 3438 4668 a
3473 4628 3534 4669 se

163 4709 499 4781 Πτολεμαῖος,
562 4709 808 4781 Ἰγγένης,
869 4713 959 4760 καί
1023 4729 1098 4768 τις
1163 4707 1460 4782 πρεσϐύτης
1519 4707 1757 4778 Θεόφιλος

1946 4716 1966 4766 t
1988 4708 2290 4772 amolitus,
2309 4705 2596 4776 deinceps
2620 4709 2684 4760 ut
2707 4703 3075 4759 Christianus
3095 4703 3156 4758 in
3177 4701 3428 4758 vinculis
3444 4705 3535 4758 est

163 4801 266 4870 πρὸ
339 4805 432 4850 τοῦ
496 4794 844 4871 δικαστηρίου
918 4797 1154 4861 ἑστῶτες,
1214 4802 1301 4850 καὶ
1367 4799 1757 4869 καταθροῦντες,

1939 4803 2173 4854 atentus.
2192 4798 2234 4862 Ο
2246 4795 2479 4853 υωείίοιδ
2495 4809 2674 4866 porro
2692 4792 3126 4865 iniquissimus,
3145 4792 3336 4861 magis
3354 4792 3533 4847 etiam

162 4891 283 4948 τούς
343 4885 770 4960 ἀγωνιζομένους,
830 4883 1010 4944 ἐπειδη
1060 4907 1176 4939 τινα
1231 4890 1360 4962 πρὸς
1422 4887 1642 4959 ἄρνησιν

1983 4887 2144 4942 hunc
2189 4900 2378 4957 quam
2417 4884 2481 4938 in
2521 4881 2652 4938 illos
2695 4882 2966 4945 saeviens,
3012 4885 3341 4948 martyrem
3383 4880 3533 4936 inter

163 4994 330 5028 ποντα
383 4975 570 5050 ἐώρων,
613 4975 966 5048 ἀσχάλλοντες
1006 4979 1096 5048 μὲν
1136 4972 1270 5034 ἦσαν
1311 4980 1399 5027 καὶ
1449 4972 1757 5049 διεπρίοντο,

1939 4976 2192 5032 raedones
2219 4973 2485 5030 medium
2509 4973 2635 5041 igni
2661 4971 2902 5027 exussit.
2925 4973 3145 5025 Turma
3164 4969 3381 5024 deinde
3402 4985 3533 5024 suc-

165 5069 257 5116 καὶ
306 5073 379 5125 πῆ
434 5068 522 5137 μεν
577 5063 825 5130 ἀνένευον,
857 5073 927 5124 πῆ
986 5061 1044 5116 δὲ
1083 5069 1172 5117 καὶ
1220 5068 1464 5125 τείνοντες
1496 5059 1630 5121 ἦσαν
1679 5066 1759 5123 τὰς

1936 5065 2034 5121 ιάἱῐ
2065 5063 2316 5119 militum
2352 5079 2366 5116 :
2399 5067 2593 5116 Amon
2621 5060 2912 5125 videlicet,
2945 5058 3121 5124 Zeno,
3155 5058 3530 5124 Ptolemaeus,

166 5161 374 5225 χεῖρας,
416 5158 473 5206 τὸ
517 5162 670 5226 σῶμα
695 5158 820 5225 πρὸς
851 5158 907 5205 τὸ
951 5150 1138 5205 δοκοῦν
1170 5149 1204 5204 δ
1211 5155 1520 5224 ιατιθὲμενοι
1551 5152 1760 5223 εὐφυῶς.

1947 5169 2202 5224 genuus,
2227 5157 2282 5207 et
2301 5150 2553 5222 quidam
2581 5148 2792 5205 affecta
2814 5153 2985 5203 aetate
3013 5146 3398 5218 Theophilus,
3422 5161 3531 5218 pro

169 5243 277 5294 ἐπεὶ
317 5240 375 5296 δὲ
413 5251 579 5296 ταῦτα
613 5245 925 5318 πράττοντες
963 5243 1325 5315 ἐφωράθησαν,
1369 5243 1456 5295 ἐπὶ
1501 5244 1561 5293 τὸ
1611 5238 1763 5292 δικα-

1937 5241 2159 5298 ibunali
2199 5243 2556 5311 apparentes
2598 5254 2611 5291 :
2654 5239 2756 5309 qui
2797 5251 3056 5307 agonem
3097 5235 3531 5291 decertantium

171 5334 348 5384 στικὸν
394 5331 658 5404 ἀνήγοντο·
692 5330 858 5404 βῆμα.
918 5337 1019 5384 Καὶ
1071 5331 1368 5406 θαρσαλέως
1421 5334 1510 5403 μὲν
1568 5330 1765 5402 ὡμολὸ-

1944 5337 2210 5402 artyrum
2234 5331 2588 5400 spectantes,
2613 5326 2660 5381 si
2681 5342 2861 5396 quem
2885 5325 3153 5380 viderent
3174 5323 3252 5378 ad
3273 5324 3533 5392 abnega-

169 5438 338 5489 γουν-
380 5421 427 5484 ές
482 5429 747 5486 τοσοῦτον,
797 5424 861 5482 ὡς
908 5425 992 5474 τὸν
1049 5423 1278 5493 ἡγεόμνα
1331 5425 1420 5472 καὶ
1478 5423 1595 5480 τοὺς
1648 5425 1763 5493 περὶ

1937 5436 2102 5476 Jnem
2144 5433 2536 5490 propensum,
2579 5415 2755 5487 382
2797 5413 3273 5483 indignationem
3311 5428 3431 5484 prae
3471 5428 3531 5468 se

173 5507 326 5563 αὐτὸν
379 5511 566 5583 μᾶλλον
625 5512 911 5582 θροεῖσθαι,
970 5509 1187 5570 ἐκείνους
1248 5506 1306 5562 δὲ
1360 5511 1587 5582 θάρσους
1641 5514 1767 5581 πίμ-

1935 5514 2149 5577 rentes,
2191 5505 2598 5578 ringebantur,
2638 5511 2695 5560 et
2742 5501 3068 5575 aliquando
3124 5500 3368 5573 quidem
3417 5501 3529 5557 illis

175 5596 406 5654 πλασθαι
434 5621 450 5634 ·
510 5604 601 5654 καὶ
648 5603 766 5663 τοὺς
817 5603 907 5673 μὲν
957 5595 1212 5660 δικαστὰς
1263 5598 1336 5662 εἰς
1388 5595 1505 5660 δέος
1543 5596 1766 5675 ἄρρητον

1937 5597 2211 5656 nuebant
2244 5612 2259 5652 :
2301 5593 2668 5668 quandoque
2705 5607 2847 5650 vero
2887 5605 3105 5650 manus
3149 5606 3290 5648 suas
3333 5595 3531 5649 exten-
