4036 6288
580 230 720 286 1127

581 355 814 425 dentes,
850 370 1069 427 corpus
1100 369 1276 409 suum
1311 369 1423 426 pro
1465 353 1709 410 arbitrio
1753 352 1931 409 variis
1972 353 2240 425 gestibus

581 444 973 500 inclinabant.
995 442 1166 508 Quod
1196 459 1334 499 cum
1361 444 1440 499 ita
1466 442 1659 499 facere
1689 443 1749 498 in
1776 441 2056 512 ﬂagranti
2086 442 2242 499 facto

582 533 938 605 deprehensi
983 537 1203 595 essent,
1249 531 1422 587 illicet
1465 532 1543 587 ad
1591 530 1930 604 quasitoris
1981 531 2242 587 tribunal

586 628 725 678 sunt
763 621 1027 693 abrepti;
1078 621 1179 677 ubi
1232 627 1396 677 tanta
1442 621 1664 676 ﬁducia
1712 619 2241 679 Christianismum

584 716 721 767 sunt
750 710 1022 783 professi,
1052 716 1115 765 ut
1144 710 1460 781 praefectus
1491 709 1618 782 ipse
1648 714 1705 766 et
1734 725 2066 765 assessores
2109 710 2239 780 ejus

581 800 965 855 vehementer
1007 798 1522 864 eonturbarentur,
1560 803 1617 854 et
1653 797 1986 853 incredibili
2029 798 2240 854 timore

583 889 1038 961 corriperentur,
1090 905 1227 943 cum
1276 887 1360 943 illi
1406 892 1616 943 contra
1667 887 2007 943 fortitudine
2056 886 2240 943 animi

582 978 775 1047 magis
812 977 1218 1050 implerentur,
1257 977 1606 1049 majoreque
1640 992 1829 1048 quam
1873 992 2010 1047 qua
2047 976 2239 1032 verbis

581 1067 864 1140 explicari
894 1068 1107 1139 possit,
1138 1066 1501 1123 exsultarent
1528 1066 1751 1131 latitia,
1784 1070 1840 1121 et
1867 1071 1987 1122 tam
2011 1066 2239 1137 magni-

578 1158 695 1213 ﬁco
753 1157 1059 1228 triumpho
1097 1156 1354 1212 victoria
1394 1156 1761 1226 susciperent
1801 1171 2073 1211 coronas.
2124 1155 2240 1210 Nec

580 1246 781 1301 minus
812 1247 1035 1302 interea
1064 1248 1125 1301 in
1157 1244 1330 1316 pagis
1359 1250 1417 1301 et
1447 1244 1599 1299 villis
1637 1244 1878 1316 plurimi
1909 1244 1986 1300 ab
2026 1244 2240 1301 inﬁde-

582 1334 740 1391 libus
787 1339 925 1390 sunt
971 1334 1124 1391 male
1172 1335 1415 1405 accepti.
1475 1336 1537 1388 In
1585 1332 1805 1405 quibus
1838 1339 1896 1389 et
1936 1334 2241 1405 lschyrion

582 1423 677 1480 ille
707 1424 835 1489 fuit,
858 1425 953 1479 cui
984 1441 1019 1480 a
1049 1424 1209 1480 claro
1237 1424 1506 1495 quodam
1538 1423 1668 1493 ejus
1696 1422 1813 1478 loci
1839 1422 1985 1489 viro,
2018 1423 2239 1479 domus

581 1514 924 1585 procuratio
972 1512 1259 1569 mandata
1288 1512 1499 1567 fuerat.
1550 1514 1695 1567 Eum
1739 1511 2025 1567 dominus
2064 1512 2239 1568 sacri-

584 1603 760 1658 ﬁcare
800 1602 877 1658 ad
919 1618 1088 1657 aram
1120 1602 1369 1657 deorum
1398 1601 1596 1671 jussit.
1632 1600 1698 1656 Et
1740 1617 1879 1657 cum
1923 1601 1983 1657 id
2023 1602 2117 1657 ille
2155 1617 2242 1658 re-

583 1696 839 1755 cusaret,
880 1689 1257 1746 contumeliis
1297 1690 1582 1762 primum,
1624 1690 1841 1745 deinde
1882 1690 2063 1746 etiam
2103 1706 2242 1747 con-

582 1780 751 1835 viciis
777 1781 836 1834 in
864 1795 1002 1835 eum
1029 1784 1117 1834 est
1143 1780 1427 1835 invectus.
1456 1779 1571 1834 Sed
1605 1780 1761 1834 enim
1792 1795 1926 1834 cum
1958 1780 2157 1835 adhuc
2180 1781 2242 1836 in

585 1870 875 1925 sententia
922 1868 1222 1941 Ischyrion
1280 1869 1634 1939 persisteret,
1676 1868 1940 1940 scipione
1976 1870 2241 1927 maximo

585 1958 1040 2030 comprehenso,
1067 1973 1174 2029 per
1202 1958 1482 2013 interiora
1512 1974 1651 2013 eum
1680 1957 1775 2013 ille
1805 1959 2027 2014 viscera
2057 1965 2243 2016 trans-

584 2045 815 2102 fossum
853 2047 1086 2102 occidit.
1123 2047 1235 2103 Sed
1266 2046 1414 2119 quid
1443 2062 1597 2118 opus
1624 2051 1711 2103 est
1758 2048 1992 2104 turbam
2031 2064 2241 2105 eorum

583 2151 913 2201 recensere,
935 2137 1039 2208 qui
1076 2136 1133 2191 in
1173 2137 1313 2191 solis
1350 2136 1497 2191 locis
1531 2143 1588 2191 et
1622 2136 1927 2192 montibus
1960 2138 2243 2195 oberran-

585 2229 693 2293 tes,
727 2227 942 2298 partim
975 2225 1155 2291 fame,
1188 2225 1407 2298 partim
1440 2225 1553 2291 siti,
1585 2226 1833 2298 quidam
1873 2226 2100 2283 acriore
2138 2227 2241 2282 fri-

587 2331 728 2385 gore
788 2320 892 2371 aut
937 2316 1173 2381 morbo,
1220 2315 1492 2371 nonnulli
1541 2316 1719 2371 etiam
1763 2332 1799 2372 a
1856 2317 2242 2388 pradonibus

585 2405 881 2476 oppressi,
910 2409 1012 2460 aut
1038 2420 1073 2459 a
1104 2405 1306 2459 bestiis
1332 2404 1607 2476 discerpti
1646 2405 1952 2461 interiere?
1978 2407 2240 2471 Quorum

584 2494 876 2558 omnium,
903 2494 1006 2565 qui
1038 2510 1103 2549 ex
1137 2493 1223 2548 eis
1250 2494 1592 2565 superstites
1618 2493 1800 2561 fuere,
1826 2495 2028 2551 idonei
2059 2496 2241 2551 exsti-

584 2590 704 2639 tere
741 2588 933 2639 testes.
969 2583 1047 2636 De
1082 2582 1150 2637 iis
1180 2598 1251 2637 ex
1278 2582 1550 2653 pluribus
1584 2598 1771 2638 unum
1811 2583 2019 2639 saltem
2046 2600 2243 2641 exem-

585 2672 754 2744 plum
795 2671 1012 2727 referre
1051 2671 1465 2726 necessarium
1514 2687 1644 2727 esse
1684 2672 1848 2728 duxi.
1893 2672 2241 2730 Charemon

587 2766 738 2827 erat,
770 2761 898 2831 ejus
930 2760 1115 2825 urbis,
1143 2776 1276 2831 qua
1309 2760 1471 2815 Nilus
1501 2760 1733 2825 dicitur,
1766 2761 2109 2834 episcopus,
2151 2762 2244 2818 vir

586 2850 778 2906 multa
827 2854 1123 2905 senectute
1175 2850 1508 2904 admodum
1553 2851 1934 2906 venerandus
1975 2868 1989 2906 ;
2034 2854 2080 2907 is
2122 2868 2243 2909 una

585 2956 723 2995 cum
768 2940 1022 3009 conjuge
1061 2954 1188 3006 sua,
1218 2954 1354 2993 cum
1393 2938 1453 2993 in
1491 2944 1776 3006 montem,
1817 2941 1917 3013 qui
1956 2941 2242 2998 Arabicus

583 3028 819 3096 dicitur,
860 3026 1237 3099 profugisset,
1289 3042 1601 3099 nunquam
1637 3028 1776 3084 inde
1819 3035 1905 3085 est
1943 3046 2239 3099 reversus,

1930 225 2313 284 NICEPHORI
2352 226 2671 283 CALLISTI

3724 238 3820 294 1128

2275 356 2321 409 Α
2353 355 2608 426 ἴσχεσθαι
2641 371 2653 383 ⁸
2689 356 2811 416 τοὺς
2840 349 2888 405 δ’
2929 351 2978 404 ἐν
3027 351 3307 428 ἀπορρητῳ
3361 352 3710 427 ἀγαλλιωμένους
3746 357 3824 418 ἡδί.

2352 446 2496 510 σθαι,
2552 444 2637 497 ἐπὶ
2683 443 2823 514 κοιλῷ
2870 451 2943 514 τῷ
3002 441 3240 517 θριάμϐῳ
3279 440 3626 516 ἀναδουμένους
3661 451 3726 500 τὸν
3755 456 3827 501 στί-

2484 498 2496 510 ,
2795 500 2802 514 ,
2913 499 2921 514 ,
3032 498 3041 517 ι
3125 498 3134 516 ,
3211 498 3220 513 ,
3472 498 3482 516 ⁸
3613 498 3626 507 ,
3672 498 3700 500 νὴ

2351 553 2524 605 φανόν.
2576 533 2820 586 Πλεῖστοι
2873 529 2932 585 δὲ
2983 537 3074 585 καὶ
3124 531 3272 585 ἄλλοι
3319 541 3415 585 τῶν
3455 532 3546 587 ἀπὸ
3587 542 3732 608 κώμης
3766 540 3830 591 ὑπὸ

2351 631 2447 674 τῶν
2504 623 2659 675 ἐθνῶν
2726 619 3019 676 διεσπῶντο
3050 639 3063 652 ·
3097 623 3166 673 ὧν
3196 625 3269 685 εἰς
3293 628 3382 675 καὶ
3422 622 3662 698 ’[σχυρίων
3704 626 3832 689 ἐκεῖνος

2351 708 2455 777 εῆν,
2509 712 2560 772 ὃς
2611 720 2709 764 τῶν
2756 710 2871 764 κατ’
2896 710 3035 764 οἶκον
3084 708 3197 783 εἶχε
3225 716 3319 771 τήν
3367 710 3619 787 ἐπιτροπήν
3659 723 3736 767 τῶν
3764 716 3836 768 iri-

2355 806 2529 825 __:_-,,-.
2594 797 2841 825 ...ηηηι-β-
2907 806 3086 825 ._--__-_-
3154 801 3201 825 ευ
3257 803 3275 825 :
3338 810 3423 825 -.τΑ
3492 803 3625 825 ,νηονη
3661 801 3717 825 οη
3765 812 3771 819 ι

2348 631 2447 674 τῶν
2504 623 2659 675 ἐθνῶν
2726 619 3019 676 διεσπῶντο
3050 639 3063 652 ·
3097 623 3166 673 ὧν
3196 625 3269 685 εἰς
3293 628 3382 675 καὶ
3422 622 3662 698 ’[σχυρίων
3704 626 3832 689 ἐκεῖνος

2349 708 2455 777 εῆν,
2509 712 2560 772 ὃς
2611 720 2709 764 τῶν
2756 710 2871 764 κατ’
2896 710 3035 764 οἶκον
3084 708 3197 783 εἶχε
3225 716 3319 771 τήν
3367 710 3619 787 ἐπιτροπήν
3659 723 3736 767 τῶν
3764 716 3836 768 iri-

2350 806 2531 872 σήμων
2592 797 2842 858 τηνικάδε
2904 806 3043 863 τινός
3075 822 3087 834 ·
3149 801 3202 853 ὃν
3252 803 3279 854 ὁ
3335 810 3423 864 τῆς
3486 803 3628 865 οἰκίας
3652 801 3838 866 διοπὸτης

2348 889 2573 943 ἐπιθύειν
2617 890 2809 944 έκέλευε
2854 899 2923 961 τῷ
2979 890 3164 964 βωμῷ,
3212 896 3302 944 καὶ
3345 896 3413 964 μή
3458 894 3708 965 πειθόμενον
3741 893 3841 965 ὕϐρι.

2348 980 2432 1040 ξεν
2475 1002 2487 1013 ·
2547 978 2658 1033 εἶτα
2732 976 3069 1053 ἐλοιδορεῖτο.
3140 979 3232 1043 Ὠς
3287 976 3347 1033 δὲ
3414 986 3498 1034 καὶ
3548 984 3613 1034 ἔτι
3658 980 3840 1047 ἐνίστατο,

2350 1068 2644 1143 βακτηρίαν
2699 1074 2953 1142 μεγίστην
3007 1068 3196 1135 λαϐὼν,
3262 1066 3357 1123 διὰ
3406 1078 3499 1122 τῶν
3564 1073 3737 1143 ίντίρων
3788 1078 3843 1124 ui

2348 1168 2446 1212 τῶν
2506 1159 2821 1230 σπλάγχνων
2880 1155 3104 1229 διώσας,
3153 1158 3434 1213 πάέκτεινε.
3490 1165 3580 1213 Καὶ
3627 1165 3670 1212 τί
3712 1158 3843 1213 δεῖτὸ

2345 1248 2542 1310 πλῆθος
2616 1251 2977 1320 καταριθμεῖν,
3027 1250 3144 1301 ὅσοι
3206 1246 3420 1323 ὶρήμοις
3469 1252 3599 1322 ὄρεσι
3643 1248 3846 1306 πλανηθέν-

2346 1356 2425 1397 τες
2472 1338 2521 1389 οἱ
2579 1341 2669 1410 μεν
2724 1338 2878 1409 λιμῷ,
2928 1336 3073 1390 ἄλλοι
3132 1334 3191 1390 δε
3246 1333 3412 1409 δίψει,
3464 1344 3546 1390 καὶ
3591 1346 3655 1409 τῷ
3698 1336 3845 1410 σφοδρῷ

3940 1142 3945 1419 l

2348 1428 2515 1499 κρύει,
2570 1430 2706 1498 νόσῳ
2769 1446 2824 1479 τε
2871 1432 2959 1479 καὶ
3009 1426 3246 1499 λῃσταῖς,
3306 1430 3428 1500 πρὸς
3476 1424 3532 1479 δὲ
3585 1433 3664 1479 καὶ
3713 1428 3848 1498 θηρίοις
3938 1426 3945 1463 λι

2349 1515 2553 1578 ἁλόντες
2599 1515 2940 1588 έφθάρησανς
2995 1521 3093 1568 *Ων
3150 1518 3199 1568 οἱ
3241 1521 3599 1589 περιγενόμενοι
3653 1524 3728 1578 τῆς
3764 1515 3849 1568 ἐκεί-

2349 1626 2444 1658 νων
2519 1605 2649 1658 εἰσὶν
2716 1604 3016 1668 ἀξιόπιστοι
3080 1608 3383 1680 μάρτυρες’
3432 1606 3495 1656 ὧν
3563 1605 3763 1678 ἐνεργόν
3803 1606 3851 1667 εἰς

2272 1700 2316 1755 Β
2352 1691 2584 1752 δήλωσιν
2631 1697 2941 1769 παραθεῖναι
2986 1691 3095 1747 δεῖν
3148 1698 3348 1767 οἴομαι.
3397 1698 3661 1769 Χαιρήμων
3706 1690 3752 1751 ἦν
3792 1704 3853 1753 τῆς

2350 1783 2533 1836 Νείλου
2594 1783 2913 1855 καλουμένης
2973 1783 3257 1845 ἐπίσκοπος
3321 1782 3526 1849 πόλεως,
3587 1782 3695 1856 ἀνὴρ
3748 1780 3853 1853 βαθεῖ
3946 1780 3947 1841 ἦ

2349 1879 2493 1948 γήρᾳ
2533 1873 2763 1946 μάλιστα
2802 1871 3123 1948 διαπρέπων.
3177 1872 3348 1934 Οὗτος
3395 1875 3589 1945 σύναμα
3627 1879 3681 1944 τῇ
3726 1870 3852 1923 ἑαυτοῦ

2354 1963 2577 2036 συμϐίῳ,
2630 1969 2749 2035 περὶ
2792 1966 2873 2028 τὸ,
2932 1962 2957 2015 ὃ
3010 1961 3253 2035 Ἀράϐιον
3307 1967 3419 2037 ὄρος
3470 1963 3678 2014 καλεῖται
3714 1964 3849 2031 φυγὼν,

2350 2052 2445 2104 ούκ
2503 2056 2754 2111 ἰπανῆκεν
2816 2048 2964 2113 αὖθις
2998 2069 3011 2082 ⁸
3088 2049 3212 2104 ούδέ
3275 2071 3354 2112 τις
3413 2054 3599 2104 ἐκείνων
3657 2046 3758 2102 ἰδεῖν
3795 2054 3851 2100 τοῦ

2350 2140 2532 2167 \--_-.‘:
2587 2138 2813 2167 l’-.-..£b..
2869 2140 3053 2167 -_-’__.-_'.-
3083 2160 3096 2167 .
3144 2139 3249 2167 2.“.
3300 2137 3423 2167 --ἳέζ
3468 2142 3530 2167 _.‘.
3559 2144 3740 2167 --'..._-
3770 2136 3851 2167 Lael-

2348 2140 2534 2194 λοιποῦ
2585 2138 2813 2200 ἐδυνήθη
2866 2140 3053 2202 αύτούς
3083 2160 3096 2171 ·
3141 2139 3249 2193 ἀλλ’
3297 2137 3423 2194 ούδί
3467 2142 3531 2193 τὰ
3557 2144 3742 2210 σώματα
3948 2136 3949 2229 ἦ

2349 2252 2446 2283 νων
2498 2232 2626 2284 ὅπου
2676 2239 2773 2302 γῆς
2825 2230 2947 2295 εἰσι,
2988 2231 3061 2301 τῷ
3110 2231 3373 2283 εἰσέπειτα
3421 2234 3585 2304 χρόνῳ
3624 2248 3707 2281 που
3740 2227 3851 2298 ὤφθη.

2351 2320 2535 2374 Πολλοὶ
2591 2316 2650 2373 δε
2692 2325 2782 2372 καὶ
2830 2319 2972 2372 ἄλλοι
3020 2322 3155 2371 κατά
3206 2323 3263 2372 τὸ
3314 2319 3570 2394 εἰρημένον
3613 2321 3709 2391 ὅρος
3746 2315 3853 2387 Ἀρά-

2351 2409 2460 2462 ϐιον
2521 2410 2621 2461 ὑπὸ
2678 2417 2778 2461 τῶν
2833 2411 2992 2462 ἐκεῖνο
3047 2411 3468 2483 προσοικούντων
3533 2404 3761 2481 βαρϐάρων
3799 2402 3854 2454 ἐά-

2348 2498 2520 2551 λωσαν
2555 2516 2566 2527 ’
2612 2501 2661 2551 οἱ
2710 2502 2801 2571 μεν
2852 2499 2917 2571 τῇ
2965 2502 3246 2570 περιουσίᾳ
3298 2506 3398 2550 τῶν
3457 2498 3709 2570 χρημάτων
3740 2493 3853 2545 λυθὲν-

2348 2608 2431 2650 τες
2467 2605 2481 2618 ·
2525 2587 2705 2641 πολλοὶ
2746 2585 2804 2640 δὲ
2852 2592 2942 2640 καὶ
2980 2596 3053 2657 τῷ
3094 2586 3304 2662 ἀπορεῖν
3348 2596 3522 2649 κακῶς
3557 2582 3850 2659 παραπώλιντι.

2349 2677 2529 2730 Ταῦτα
2578 2680 2669 2749 μὲν
2720 2678 2796 2730 ἐπ’
2854 2679 3120 2748 Αἷγυπτον
3185 2682 3275 2730 καὶ
3328 2672 3693 2750 Ἀλεξάνδρειαν
3736 2671 3853 2744 ἑπρὰτ.

2350 2785 2500 2819 τοντο
2546 2769 2614 2819 τὰ
2670 2762 2818 2819 δεινά
2849 2786 2862 2799 ο
2915 2769 2999 2819 ἰπὶ
3054 2764 3113 2819 δὲ
3173 2766 3528 2825 Παλαιστίνης
3570 2764 3623 2817 ού
3666 2764 3787 2835 μείους
3818 2756 3849 2807 οί

2352 2849 2500 2907 ἀθλοι
2537 2859 2627 2907 καὶ
2676 2857 2741 2907 τὰ
2778 2854 3134 2928 παλαίσματα.
3174 2856 3270 2907 Ὧν
3318 2858 3370 2908 οἱ
3423 2856 3643 2908 πλεῖστοι
3673 2857 3751 2910 τοῖς
3769 2864 3843 2918 ἧσο·

2272 2949 2313 3005 C
2351 2951 2646 3019 τρεπτικοῖς
2719 2953 2819 2997 τῶν
2899 2945 3195 3021 Ὠριγένους
3276 2944 3448 3017 λόγων
3530 2940 3734 3016 ἀνδρικῶς
3781 2937 3833 2984 τόν

2355 3032 2531 3106 ἀγῶνα
2564 3030 2818 3108 διέφερον.

576 3133 775 3189 neque
804 3117 1083 3188 cuiquam
1111 3131 1318 3171 eorum
1345 3122 1554 3188 postea
1583 3118 1892 3189 apparuit;
1924 3120 2031 3176 sed
2060 3137 2256 3194 neque
2282 3137 2551 3195 quonam
2581 3139 2836 3196 corpora
2865 3138 3074 3180 eorum
3105 3124 3508 3196 pervenerint,
3536 3121 3744 3191 cuiquam
3767 3115 3825 3166 θεῖ

583 3206 869 3278 deinceps
912 3206 1237 3275 cognitum.
1282 3206 1434 3271 Quin
1480 3206 1645 3262 multi
1679 3222 1923 3280 quoque
1958 3208 2078 3265 allii
2111 3210 2172 3265 in
2206 3212 2458 3269 Arabico
2502 3228 2574 3268 eo
2611 3217 2838 3281 monte,
2884 3214 2962 3269 ab
3006 3214 3091 3269 eis
3132 3213 3236 3285 qui
3280 3212 3457 3270 illum
3502 3209 3722 3268 incolunt
3749 3203 3841 3257 bat-

583 3296 745 3353 baris
777 3295 957 3366 capti,
989 3295 1080 3349 vel
1110 3294 1366 3366 pecunia
1396 3293 1474 3351 ab
1504 3296 1589 3350 eis
1620 3304 1756 3351 sunt
1783 3298 2096 3371 redempti,
2133 3300 2225 3356 vel
2258 3306 2499 3374 propter
2535 3302 2669 3357 aris
2710 3302 2980 3375 inopiam
3017 3303 3235 3358 misere
3272 3302 3357 3358 ibi
3407 3302 3700 3375 perierunt.
3728 3296 3848 3360 Ᾱίψιθ

586 3387 714 3443 hac
739 3385 985 3457 quidem
1016 3383 1385 3439 Alexandria
1416 3388 1472 3439 et
1499 3385 1560 3439 in
1591 3384 1847 3457 Egypto
1877 3388 2221 3445 acciderunt
2246 3391 2518 3447 adversa.
2553 3393 2842 3447 Caterum
2872 3407 2992 3448 non
3021 3392 3284 3447 minores
3311 3390 3492 3448 lucta
3544 3393 3600 3445 et
3626 3378 3853 3444 certamini

584 3474 647 3530 in
684 3474 997 3530 Palastina
1030 3472 1215 3529 fuere.
1251 3473 1342 3529 Sic
1381 3474 1607 3545 passim
1639 3475 1878 3547 plurimi
1919 3482 2210 3551 martyres
2250 3479 2666 3538 cohortatoriis
2709 3479 2978 3552 Origenis
3014 3480 3391 3538 orationibus
3455 3478 3677 3535 viriliter
3705 3478 3847 3543 agona

592 3562 982 3635 pertulerunt.

1091 3651 1271 3723 333
1298 3653 1520 3709 CAPUT
1546 3654 1748 3709 xxxn.

602 3762 674 3819 Ut
704 3759 975 3834 Orfigenes
988 3760 1064 3815 ad
1090 3759 1655 3834 tribunalmartyrii
1664 3764 2002 3831 consistens,
2030 3765 2250 3834 pietate

700 3832 1049 3891 Christiana
1093 3832 1394 3901 abjurata,
1432 3847 1469 3887 a
1508 3833 1694 3903 seipso
1742 3832 2137 3906 degenerant.

662 3939 729 3997 Et
774 3939 870 3995 ille
916 3938 1162 4011 quidem
1209 3938 1538 4010 permultos
1585 3939 1722 3996 fecit
1764 3948 2094 4016 martyres;
2139 3944 2247 4001 sed

592 4044 731 4086 cum
762 4028 1046 4084 omnibus
1070 4027 1189 4083 suis
1215 4029 1400 4100 copiis
1431 4028 1716 4086 hostiliter
1737 4033 1987 4089 Satanas
2022 4032 2246 4090 bellum

593 4120 647 4175 ei
686 4122 971 4183 moveret,
1023 4116 1308 4188 omnique
1346 4117 1465 4173 viet
1503 4124 1719 4175 conatu
1763 4122 2054 4177 adversus
2104 4138 2244 4179 eum

590 4207 854 4276 duceret,
885 4211 941 4263 et
971 4207 1168 4261 acrius
1205 4206 1257 4262 ei
1283 4210 1409 4262 tum
1427 4222 1613 4279 quam
1652 4208 1905 4266 aliorum
1930 4211 2128 4277 alicui,
2160 4213 2247 4267 in-

593 4298 918 4369 festiusque
953 4295 1308 4360 immineret,
1336 4296 1597 4366 perfecta
1627 4302 1684 4353 et
1713 4298 1991 4357 absoluta
2028 4301 2244 4357 virtute

593 4392 684 4444 est
709 4385 1063 4450 destitutus;
1092 4384 1378 4440 nimirum
1402 4386 1507 4456 qui
1531 4386 1817 4444 virtutum
1844 4390 2117 4446 omnium
2142 4407 2245 4463 pa-

590 4482 757 4533 rente
787 4474 1190 4532 submissione
1220 4478 1277 4530 et
1303 4474 1658 4545 humilitate,
1692 4482 1746 4533 et
1773 4494 1910 4551 qua
1941 4495 2049 4550 per
2077 4480 2243 4537 illam

594 4565 872 4639 provenit
922 4562 1217 4619 immobili
1270 4567 1325 4618 et
1378 4569 1540 4620 recta
1590 4566 1777 4622 animi
1825 4568 2245 4627 constitutione

594 4660 777 4727 atque
817 4652 1146 4709 indolentia
1185 4652 1517 4708 excidisset.
1561 4655 1735 4711 Aiunt
1775 4658 1955 4724 enim,
1988 4658 2245 4717 Deciana

591 4744 1005 4820 persecutione
1027 4748 1083 4798 et
1108 4744 1304 4814 ipsum
1328 4744 1829 4815 comprehensum
1852 4763 2004 4814 esse,
2037 4753 2094 4805 et
2113 4750 2245 4805 vin-

592 4837 740 4893 culis
767 4835 1171 4893 constrictum.
1200 4834 1466 4889 Primum
1491 4834 1693 4906 itaque
1723 4838 2029 4893 tormentis
2050 4839 2243 4908 gravi-

591 4927 709 4983 bus
738 4942 987 4999 corpore
1017 4930 1143 4981 toto
1173 4920 1448 4988 afﬂictus,
1481 4938 1621 4979 mox
1652 4924 1866 4981 deinde
1897 4928 1957 4982 in
1990 4929 2245 4984 acerbis-

593 5020 817 5075 simum
843 5016 1138 5072 demissus
1165 5019 1252 5070 est
1279 5028 1596 5068 carcerem.
1629 5013 1717 5069 Ibi
1743 5015 2000 5085 ingentis
2023 5018 2245 5089 ponde-

591 5109 674 5165 ris
696 5108 1125 5164 ferramentum
1147 5120 1285 5159 eum
1317 5102 1728 5174 distringebat,
1759 5110 1813 5161 et
1834 5107 2079 5179 insuper
2100 5124 2247 5180 sup-

592 5199 837 5271 plicium
856 5197 1012 5267 ignis
1035 5195 1087 5251 ei
1102 5192 1522 5250 intendebatur
1542 5209 1553 5247 :
1576 5192 1813 5265 aliaque
1837 5195 1997 5251 mala
2027 5198 2244 5269 partim

586 5290 719 5361 jam
751 5298 874 5343 tum
900 5285 1326 5349 inferebantur,
1356 5283 1572 5354 partim
1600 5284 1782 5355 paulo
1808 5292 1945 5355 post
1973 5286 2246 5343 immine-

594 5377 759 5444 bant,
793 5394 863 5433 ac
892 5376 1105 5431 diebus
1136 5373 1405 5445 pluribus
1442 5378 1701 5444 quatuor
1746 5373 2123 5431 vinculorum
2153 5391 2247 5432 ca-

593 5470 747 5522 tasta
775 5466 958 5538 pedes
984 5464 1116 5536 ejus
1145 5462 1584 5518 distinebantur
1610 5461 1707 5533 (1).
1738 5460 1880 5529 Qua
1913 5465 2119 5522 omnia
2153 5479 2248 5536 ge-

670 5555 747 5630 (1)
778 5554 996 5613 Euseb.
1030 5552 1135 5610 lib.
1168 5567 1250 5620 v1,
1286 5565 1419 5623 cap.
1461 5554 1550 5608 29.

2954 3662 3200 3716 ΚΕΦΑΛ.
3245 3665 3368 3714 AB'.

2364 3767 2463 3841 :0;
2511 3772 2621 3821 καὶ
2667 3767 3005 3841 Ὠριγένης
3051 3776 3133 3841 τῷ
3189 3773 3566 3841 μαρτυριχῷ
3610 3756 3850 3841 Ayz-aperti;

2356 3837 2631 3912 βήματι,
2690 3832 2759 3893 τῦ
2821 3832 3012 3903 die“;
3070 3832 3548 3913 ἐξομοσάμενος
3599 3832 3851 3904 διεφθάρη.

2426 3947 2560 4002 Ἀλλ’
2621 3948 2771 4011 οὗτος
2831 3952 2920 4021 μεν
2967 3947 3185 4010 πολλοὺς
3236 3950 3403 4000 ἱποίει
3455 3949 3574 4007 τοὺς
3628 3941 3849 4015 μάρτυρις’

2355 4037 2495 4108 αὐτῷ
2558 4034 2617 4090 δὲ
2672 4041 2965 4110 πανστρατὶ
3014 4035 3298 4109 εφαμίλλως
3351 4042 3449 4088 τοῦ
3500 4034 3649 4087 Σστὰν
3704 4038 3857 4096 πειρατι-

2354 4126 2594 4200 ξαμένου,
2642 4127 2787 4199 πάσῃ
2836 4146 2887 4179 τε
2937 4133 3156 4199 μηχανῇ
3211 4129 3299 4178 καὶ
3350 4122 3575 4197 δυνάμει
3623 4118 3717 4172 κατ’
3757 4112 3857 4165 rm?)

2355 4221 2838 4288 στρατηγήσαντος,
2904 4220 2994 4269 καὶ
3057 4212 3409 4289 διαφερόντως
3457 4214 3597 4285 παρὰ
3642 4210 3739 4267 τοὺς
3771 4216 3860 4257 τηνί·

2350 4302 2484 4358 κάδε
2540 4307 2922 4378 ποθεμηθέντας
2971 4303 3165 4376 ἀγρίως
3213 4304 3351 4375 αὐτῷ
3415 4299 3772 4371 ἓπισκήψσατοςι
3800 4290 3858 4339 τσδ

2352 4395 2463 4448 κατ’
2514 4394 2699 4466 ἀρετήν
2754 4393 3112 4467 ἀποτυγχάνει
3164 4393 3379 4463 τελείου,
3439 4395 3531 4446 οἶτε
3584 4388 3644 4447 δὴ
3689 4388 3757 4437 καί

2353 4460 2556 4558 ἀρετῶν.
2606 4487 2805 4557 μητρὸς
2865 4460 2999 4545 τῆς-
3026 4460 3521 4558 ταπεινοφροσύνης,
3571 4482 3654 4531 καὶ
3707 4479 3775 4530 τῆς
3808 4460 3842 4515 δι

2352 4573 2515 4633 αὐτὴν
2569 4571 2823 4634 ἀπαθείας
2895 4571 3190 4625 ἀποπεσὼν.
3272 4576 3375 4625 Καὶ
3452 4574 3577 4647 γὰρ,
3655 4566 3767 4639 φασίν
3804 4571 3846 4601 τ¹¹

2351 4665 2486 4716 κατά
2538 4666 2711 4715 Δέκιον
2766 4659 2983 4735 διωγμῷ
3039 4662 3394 4735 συλληφθέντα
3451 4664 3543 4713 καὶ
3589 4662 3741 4710 τοῦτον
3769 4648 3848 4717 γρῦ·

2351 4772 2418 4805 τα
2450 4755 2539 4825 μὲν
2580 4747 2755 4824 δεσμά
2796 4746 2831 4803 δ
2837 4750 3137 4823 ιελάμϐανον
3170 4768 3182 4780 ·
3241 4748 3496 4824 βασάνοις
3543 4745 3601 4801 δὲ
3635 4743 3731 4798 καθ’
3753 4736 3855 4789 ἔπ’·

2352 4861 2439 4904 τος
2486 4848 2576 4893 τοῦ
2626 4846 2867 4914 σώματος
2916 4840 3191 4906 αἰκισθεὶς,
3259 4841 3545 4913 πικροτάτῃ

2351 4938 2413 5003 τῇ
2467 4936 2683 5003 φρουρᾷ.
2706 4912 2910 4991 Κλοιὸς
2947 4928 3032 4982 ἐπὶ
3065 4933 3262 4990 τούτοις
3304 4912 3552 5003 σιδήρεος
3588 4927 3747 4985 πιέζων
3776 4912 3856 5003 ἧνξ

2351 5028 2454 5092 πῦρ
2505 5039 2560 5072 τε
2612 5019 2867 5077 ήπεὶλιτο.
2922 5024 3019 5073 Καὶ
3075 5018 3205 5071 ἄλλα
3251 5021 3319 5071 τὰ
3360 5021 3448 5090 μὲν
3492 5016 3711 5085 ἐπήγετο,
3745 4995 3863 5057 τάδε

2353 5091 2543 5181 ἔμελλε.
2600 5107 2819 5171 Πολλαῐς
2870 5104 2920 5161 δ’
2962 5110 3010 5161 ἓν
3058 5110 3273 5182 ἡμέραις
3333 5110 3432 5160 ῦπό
3492 5110 3726 5177 τέσσαρσι
3762 5091 3861 5157 ξῦὶσθ

2355 5195 2574 5269 δεσμοῖς
2618 5201 2734 5258 τοὺς
2792 5193 2959 5257 πόδας
3024 5199 3369 5270 ἑντεινόμενος,
3424 5198 3657 5267 γενναίως
3704 5190 3857 5252 ῆνεγιτι

2354 5289 2574 5349 Ἐκεῖνος
2620 5290 2709 5359 μεν
2761 5283 2847 5339 οὖν
2896 5289 3061 5339 θανεῖν
3115 5288 3314 5358 ἕτοιμος
3346 5282 3406 5344 ἦν
3436 5300 3455 5315 ⁶
3486 5284 3557 5353 τῷ
3611 5277 3664 5333 δὲ
3700 5270 3855 5330 δααστξ

2356 5376 2638 5450 φιλονεικια
2692 5376 2845 5429 πάλιν
2908 5375 3145 5452 ἑτέρωθεν
3210 5384 3305 5438 τῆς
3358 5378 3575 5447 ἐφέσεως
3645 5367 3855 5452 and"

2354 5468 2784 5543 παρασκευάσαι,
2840 5470 2930 5520 καὶ
2987 5450 3124 5539 νξιφει
3191 5464 3425 5529 κολάζειν
3478 5465 3665 5523 ἣκιστα
3708 5450 3849 5515 ἦθιλν

2278 4382 2324 4437 D
