4036 6288
151 297 175 351 1
190 295 283 350 I29
1173 290 1737 350 ΕΟΟΕΕΞΙΑΞΤΙΟΛΕ

1850 291 1897 347 ἷ8
1912 290 2152 348 ΤΟΒΙΕ
2191 291 2330 347 LIB.
2383 292 2444 346 V.
3365 296 3503 350 1130

149 413 331 479 δεινοῖς
388 414 438 470 δ’
495 417 666 480 ἄλλοις
722 419 835 469 κατ’
897 416 1068 488 ὀλίγον
1122 416 1396 489 ὑπεξάγειν
1445 422 1537 469 τοῦ
1593 414 1737 490 βιοῦν

1852 429 2070 474 neroso
2099 419 2154 472 et
2184 415 2318 473 forti
2339 417 2544 474 animo
2575 416 2832 490 pertulit.
2864 420 2929 474 Et
2957 417 3052 474 ille
3078 417 3328 491 quidem
3351 433 3506 474 mor-

146 508 395 578 ἐπειρᾶτο.
445 507 594 568 Τέλος
645 509 714 569 ὡς
771 506 954 558 ἀπεῖπε
1011 505 1264 569 κολάζων,
1328 502 1586 579 δαιμονίῳ
1636 504 1737 557 ἐπι-

1851 508 1968 560 tem
2005 504 2172 561 obire
2204 511 2453 577 puratus
2500 511 2644 564 erat.
2674 507 2980 572 Quaesitori
3029 511 3227 563 autem
3268 511 3506 562 conten-

147 594 311 648 ϐάλλει
371 603 434 669 τῇ
493 595 713 669 ἐπινοίᾳ.
784 599 936 656 Γνοὺς
999 598 1100 668 γὰρ
1160 598 1217 647 τὸ
1305 595 1580 668 φιλόσοφον
1654 600 1737 647 καὶ

1852 594 2003 650 tiosa
2033 594 2301 667 quadam
2336 595 2681 652 crudelitate
2722 595 2889 652 aliter
2927 597 3123 652 visum
3165 601 3271 663 est,
3315 596 3508 652 homi-

1851 698 1991 739 nem
2031 699 2066 740 a
2095 685 2386 740 sententia
2438 685 2856 758 desiderioque
2913 701 3023 742 suo
3070 686 3394 744 abducere.
3423 691 3504 742 Ac

1853 771 2052 842 gladio
2100 773 2344 845 quidem
2370 774 2430 829 in
2498 775 2695 846 ipsum
2757 775 3232 832 animadvertere
3288 775 3498 842 noluit,

1852 860 1981 918 aliis
2007 877 2146 918 vero
2167 863 2451 918 aerumnis
2470 863 2758 935 paulatim
2773 865 2894 920 vita
2919 881 3058 921 eum
3091 865 3326 937 privare
3369 881 3508 921 con-

1853 950 2051 1008 stituit.
2089 951 2175 1006 Ad
2224 957 2618 1024 postremum,
2657 969 2794 1009 cum
2836 970 2897 1009 se
2940 954 3252 1010 tormentis
3286 954 3506 1010 victum

1852 1039 1930 1096 ab
1961 1039 2061 1096 illo
2108 1040 2472 1112 intelligeret.
2498 1042 2575 1098 ad
2628 1042 2994 1098 diabolicum
3034 1059 3276 1116 prorsus
3314 1045 3507 1099 consi-

1849 1129 1996 1185 lium
2029 1129 2299 1185 animum
2337 1129 2572 1202 adjecit.
2607 1132 2777 1196 Quod
2821 1133 2980 1188 enim
3020 1131 3504 1205 philosophicum

1849 1216 2022 1290 plane
2054 1219 2325 1274 animum
2351 1219 2806 1293 castitatemque
2846 1221 2955 1276 viri
2988 1226 3214 1286 nosset,
3243 1237 3313 1278 ea
3338 1221 3505 1294 parie

1849 1321 2203 1378 oppugnare
2227 1324 2360 1363 eum
2386 1307 2666 1365 decrevit.
2691 1310 2893 1382 Itaque
2916 1326 2946 1365 e
2971 1310 3222 1365 vinculis
3248 1309 3498 1382 quidem

1850 1407 1988 1448 eum
2011 1395 2249 1461 dimisit,
2276 1395 2379 1451 sed
2410 1396 2482 1451 ad
2519 1412 2709 1462 aram,
2741 1398 2902 1468 apud
2928 1413 3115 1470 quam
3146 1397 3501 1453 obscoenum

1848 1481 2346 1556 impudicumque
2388 1485 2718 1556 IEthiopem
2771 1485 3092 1543 collocarat
3141 1488 3242 1557 (l),
3275 1485 3504 1542 sacriﬁ-

139 1594 247 1639 τος,
280 1570 440 1638 δόξας
480 1572 808 1640 ἀλλοκότους,
843 1582 935 1627 τοῦ
967 1577 1130 1628 Σατὰν
1163 1574 1536 1647 ίνσπείροντος,
1571 1573 1737 1626 ἐπεισ-

1850 1586 2006 1636 care,
2038 1575 2096 1628 et.
2124 1573 2301 1629 thura
2347 1574 2408 1629 in
2448 1590 2617 1630 aram
2661 1574 2902 1646 injicere
2923 1576 3102 1647 jussit
3129 1593 3152 1631 :-
3171 1577 3335 1649 quod
3362 1575 3496 1641 nisi,

143 1668 280 1737 φέρει
310 1684 323 1697 ·
378 1660 451 1716 δι’
504 1664 571 1715 ὧν
623 1669 716 1717 καί
765 1663 978 1724 πολλοὺς
1029 1672 1125 1726 τῆς
1155 1665 1338 1736 ὑγιοῦς
1369 1659 1530 1726 δόξης
1578 1683 1737 1738 παρα.

1850 1665 1914 1716 ut
1967 1661 2204 1728 faceret,
2245 1663 2516 1718 animum
2576 1663 2905 1734 induceret,
2938 1665 3060 1720 fore
3091 1665 3352 1720 minatus
3394 1668 3501 1730 est,

139 1757 336 1826 γαγὼν,
391 1757 568 1827 χρόνῳ
619 1752 788 1825 πολλῷ
845 1752 1061 1828 ὕστερον
1111 1753 1430 1827 ἐκκήρυκτος
1484 1761 1579 1816 τῆς
1628 1753 1737 1807 Ἐκ-

1850 1755 1914 1805 ut
1963 1765 2026 1805 re
2080 1750 2436 1808 detestanda
2493 1750 2756 1825 dirisque
2801 1754 3084 1809 omnibus
3111 1754 3501 1817 exsecranda,

1850 1854 2070 1911 corpus
2116 1840 2246 1912 ejus
2281 1841 2358 1896 ab
2407 1842 2713 1913 impudico
2745 1843 2843 1898 illo
2885 1844 3410 1899 contaminaretur.
3440 1843 3506 1898 Et

1849 1927 1945 2002 ille
1974 1927 2220 2001 quidem
2245 1929 2372 1985 haec
2403 1930 2454 1985 ei
2474 1931 3096 2001 intentavit.0rigenes
3127 1948 3288 1999 vero,
3310 1933 3505 2004 optio-

1849 2033 1925 2074 ne
1977 2023 2156 2090 atque
2203 2017 2487 2074 electione
2512 2020 2595 2074 rei
2636 2020 2962 2085 deterioris,
3010 2021 3287 2093 abjurare
3318 2022 3502 2077 ﬁdem

1849 2105 2079 2171 maluit,
2112 2107 2313 2164 animo
2343 2115 2555 2179 praeter
2594 2109 2903 2166 utilitatem
2937 2125 3182 2166 omnem
3213 2126 3502 2183 conspur-

1849 2201 2000 2263 cato,
2026 2213 2212 2269 quam
2244 2197 2449 2253 sordes
2481 2198 2708 2271 aliquas
2734 2215 2981 2272 corpore
3013 2200 3501 2273 excipere.Atque

1848 2285 1987 2342 inde
2002 2285 2249 2342 adivina
2263 2288 2551 2343 sententia
2564 2292 2618 2343 et
2630 2289 2821 2357 gratia
2834 2289 3368 2360 delapsus,alienas
3382 2291 3503 2362 opi-

1849 2390 1886 2431 a
1923 2375 2158 2431 saniore
2189 2375 2482 2432 sententia
2503 2378 2758 2434 seductis
2786 2377 2970 2447 longo
2983 2382 3117 2451 post
3131 2384 3396 2450 tempore
3423 2379 3500 2435 ab

1848 2465 2081 2530 niones,
2118 2467 2336 2521 Satana
2361 2466 2971 2536 instigante,induxit;
3007 2483 3107 2540 per
3123 2484 3274 2540 quas
3303 2468 3502 2523 multis

134 2559 225 2606 καὶ
283 2551 643 2627 βλασφημίας,
700 2556 892 2607 τούτων
940 2557 1106 2626 μόνων
1160 2555 1556 2626 μνησθήσομαι.
1612 2555 1737 2626 Γρά-

1850 2553 2107 2610 Ecclesia
2146 2554 2354 2610 Christi
2393 2571 2498 2626 per
2531 2557 3216 2615 excommunicationem
3257 2563 3344 2613 est
3369 2574 3502 2629 pro-

137 2663 220 2717 φει
247 2644 347 2717 γὰρ
379 2639 485 2695 ὧδέ
512 2663 622 2704 πως
649 2656 664 2673 ⁶

1850 2643 2104 2715 scriptus
2139 2644 2236 2715 (2).
2274 2665 2301 2693 «
2331 2643 2550 2712 Quales
2581 2650 2804 2715 autem,
2846 2645 3134 2702 Eusebius
3174 2647 3367 2718 inquit
3400 2647 3499 2719 (3),

132 2736 348 2804 postea
373 2731 674 2804 reliquerit
693 2746 893 2798 voces,
921 2746 1145 2804 easque
1202 2731 1426 2803 plures,
1480 2731 1556 2786 ad
1613 2746 1711 2786 eos
1763 2731 1864 2804 qui
1897 2731 2120 2787 auxilio
2149 2737 2205 2788 et
2231 2732 2478 2789 utilitate
2508 2734 2840 2805 indigerent
2881 2735 3236 2807 receptionis
3279 2735 3338 2790 in
3370 2750 3502 2806 gra-

139 2819 314 2884 tiam,
343 2836 526 2893 quam
548 2819 822 2892 plurimae
870 2821 1000 2892 ejus
1051 2826 1340 2876 testantur
1396 2819 1681 2892 epistolae,
1717 2819 1896 2894 384
1924 2821 2230 2878 veritatem
2272 2821 2468 2894 ipsam
2500 2828 2659 2878 certo
2689 2825 2832 2879 satis
2863 2823 3348 2896 complectentes.
3383 2827 3503 2896 Ego

138 2925 284 2965 vero
311 2925 428 2966 non
459 2914 705 2980 gravate
734 2908 974 2974 faciam,
1003 2913 1060 2965 et
1088 2909 1274 2965 verba
1299 2910 1428 2983 ejus
1453 2925 1782 2981 apponam,
1824 2926 1928 2982 per
1957 2926 2094 2984 quas
2127 2909 2438 2968 manifeste
2482 2913 2926 2982 arguitur,eum
2955 2913 3177 2968 ﬁnibus
3207 2919 3263 2969 et
3288 2914 3504 2970 consti-

129 2997 462 3055 tutionibus
503 2997 846 3071 apostolicis
874 3013 998 3053 non
1045 2999 1393 3070 perstitisse.
1429 3003 1618 3072 Atque
1670 3003 1730 3054 ut
1770 2999 1920 3055 alias
1953 3000 2081 3071 ejus
2116 3000 2412 3056 absurdas
2450 3001 2762 3074 opiniones
2799 3006 2856 3058 et
2895 3001 3306 3075 blasphemias
3331 3003 3503 3060 omit-

127 3092 283 3153 tam,
315 3087 531 3144 harum
567 3091 801 3144 tantum
834 3086 1029 3144 verbis
1056 3087 1246 3159 ipsius
1287 3088 1638 3144 meminero.
1666 3087 1758 3144 Sic
1787 3088 1950 3144 enim
1982 3089 2182 3146 scribit
2212 3106 2223 3143 ε

747 3227 988 3277 ΚΕΦΔΛ.
1021 3220 1148 3275 ΛΓ’.

2438 3225 2662 3281 CAPUT
2703 3225 2927 3281 XXXIII.

130 3333 298 3403 Περὶ
338 3329 900 3416 ’τῷν-’ᾯριγίνους
962 3326 1425 3416 β-λασρημιῶν·
1485 3333 1592 3383 καὶ
1666 3331 1737 3390 ὡς

1850 3331 1933 3388 De
1950 3330 2218 3402 Origenis
2237 3332 2540 3416 erroribus
2563 3338 2616 3389 et
2642 3332 3106 3416 btaspltemiisxt
3124 3332 3310 3389 utsub
3324 3333 3500 3390 Gallo

145 684 292 756 ἁγνὸν
345 692 435 737 τοῦ
486 681 692 761 ἀνδρὸς,
754 687 922 755 τούτῳ
964 690 1420 760 καταστρατηγεῖν
1473 683 1739 744 ἠϐούλετο.

144 778 242 828 Καὶ
283 781 380 826 τῶν
439 769 645 847 δεσμῶν
700 776 790 846 μεν
841 772 1044 840 ἀνίησι,
1099 782 1172 845 τῷ
1226 771 1284 826 δε
1334 771 1499 846 βωμῷ
1549 772 1739 844 ἀσελγῆ

141 866 490 936 παραστήσας
545 863 792 928 Αἰθίοπα,
852 864 987 916 θύειν
1040 861 1401 934 παρεκελεύετο
1449 864 1740 938 Ὠριγένην,

140 955 230 1003 καὶ
257 954 391 1004 κατὰ
417 959 510 1004 τοῦ
541 949 723 1025 βωμοῦ
767 955 826 1004 τὸ
869 951 1062 1004 λιϐανω
1097 955 1184 1004 τὸν
1244 950 1530 1004 ἇπιϐάλλειν
1562 969 1574 980 ·
1609 952 1639 1010 ἣ
1667 955 1740 1024 μὴ

140 1042 280 1093 τοῦθ’
337 1043 661 1114 αἱρούμενον,
711 1047 824 1103 ταῖς
871 1048 1138 1114 μυσαραῖς
1188 1040 1416 1112 ὁμιλίαις
1473 1043 1602 1115 πρὸς
1650 1047 1743 1092 τοῦ

140 1127 389 1202 ἀσελγοῦς
441 1128 634 1183 ἑκείνου
693 1134 752 1183 τὸ
804 1138 958 1203 σῶμα
1032 1131 1489 1203 καταμιαίνεσθαι.
1551 1133 1652 1182 Καὶ
1716 1131 1742 1182 ό

138 1221 227 1290 μὲν
291 1218 436 1272 ταῦτ’
485 1219 646 1292 ἔλεγεν
679 1238 692 1251 ·
754 1221 780 1271 ό
839 1216 889 1272 δ’
949 1218 1131 1292 ἒκλογῇ
1187 1223 1277 1272 καὶ
1345 1220 1601 1290 ἐπικρίσει
1651 1225 1741 1270 τοῦ

139 1312 374 1382 χείρονος
424 1305 783 1380 ἐξομόσασθαι
813 1307 1002 1380 μᾶλλον
1033 1308 1210 1375 είλετο,
1243 1311 1330 1360 τὸν
1358 1314 1475 1360 νοῦν
1515 1305 1741 1382 ἀχρείως

138 1392 472 1463 κηλιδωθεὶς,
523 1401 554 1456 ἦ
622 1416 672 1449 τι
732 1396 1129 1473 καταῤῥυπᾶναι
1168 1405 1260 1449 τοῦ
1320 1402 1578 1470 σώματος.
1634 1396 1742 1448 Ἐν-

138 1487 311 1538 τεῦθεν
359 1490 447 1538 καὶ
500 1493 597 1547 τῆς
654 1487 794 1548 θείας
846 1482 1004 1548 δόξης
1049 1485 1414 1547 ἀπολισθήσας
1455 1489 1544 1537 καὶ
1583 1487 1743 1559 χάρι-

139 1840 358 1905 κλησίας
431 1841 655 1914 ἐγεγόνει
721 1849 978 1916 Χριστοῦ.
1047 1864 1074 1892 ‹‹
1132 1841 1350 1902 Ὀποίας
1422 1839 1500 1908 δὲ,
1583 1847 1739 1914 φησὶν

140 1930 403 1998 Εὐσέϐιος,
459 1933 588 2003 μετά
632 1937 800 1984 ταῦτα
853 1930 1148 1984 καταλείπει
1210 1934 1394 2004 φωνὰς,
1447 1936 1536 1984 καὶ
1584 1931 1740 1992 αὐτὰς

135 2005 349 2094 πλήρεις
421 2027 532 2080 τοῖς
607 2018 910 2092 ἀναλήψεως
971 2016 1235 2092 δεομένοις
1282 2019 1542 2092 ὠφελείας,
1605 2019 1739 2072 πλεῖ-

141 2127 263 2161 σται
305 2109 430 2161 ὅσαι
487 2115 579 2160 τοῦ
634 2105 826 2180 ἀνδρὸς
872 2107 1144 2161 ἐπιστολαὶ
1198 2107 1412 2170 τάληθὲς
1468 2109 1598 2181 ὁμοῦ
1649 2113 1739 2160 καὶ

141 2195 354 2272 ἀκριϐες
409 2201 775 2272 περιέχουσιν.
839 2219 866 2251 n
907 2197 1042 2270 Ἐγὼ
1093 2193 1154 2250 δὲ
1197 2197 1351 2250 πάλιν
1404 2201 1497 2250 οὐκ
1536 2197 1740 2256 ὀκνήσω

136 2292 226 2340 καὶ
300 2287 465 2350 αὐτὰς
523 2285 718 2339 ἕκείνου
777 2289 865 2347 τὰς
928 2288 1098 2359 φωνὰς
1157 2288 1487 2359 παραθεῖναι,
1545 2283 1618 2339 δι’
1672 2287 1740 2338 ὧν

136 2374 412 2448 ἐλέγχεται
488 2371 787 2450 προδήλως,
863 2379 934 2447 μὴ
995 2381 1106 2436 τοῖς
1168 2372 1535 2437 ἀποστολικοῖς
1603 2376 1743 2450 ὅροις

137 2472 372 2537 στοιχῶν
401 2481 414 2495 ·
447 2464 530 2516 ἶνα
577 2466 679 2539 γὰρ
731 2465 821 2524 τὰς
854 2463 1014 2526 ἄλλας
1064 2461 1292 2526 ἀτόπους
1336 2468 1556 2539 παρήσω
1587 2460 1741 2526 δόξας

330 3399 714 3472 ἔπὶδΓάλλου
753 3403 822 3453 τὸ
863 3399 1053 3473 βιοῦν
1092 3399 1540 3475 ἆξεμέτρησεν.

210 3526 243 3560 α
285 3511 430 3572 Νόες,
480 3511 658 3580 φησὶν,
721 3503 856 3565 ἦσαν
886 3505 976 3559 ἀπ’
1008 3505 1184 3581 ἀρχῆς
1221 3502 1360 3578 δίχα
1410 3509 1599 3567 παντὸς
1626 3505 1738 3580 ἀρι-

123 3598 274 3668 θμοῦ
322 3601 412 3651 καὶ
455 3595 737 3668 ὀνόματος·
784 3597 849 3657 ὡς
902 3592 1065 3648 ἕνάδα
1115 3593 1292 3666 ἀρχὴν
1340 3596 1546 3647 πάντων
1608 3593 1738 3648 εἶναι

119 3692 234 3737 τῶν
265 3684 482 3757 λογικῶν
531 3693 592 3756 τῇ
644 3689 929 3744 ταυτότητι
980 3692 1076 3746 τῆς
1124 3683 1310 3744 οὐσίας
1362 3689 1452 3736 καὶ
1483 3682 1737 3759 ἐνεργείας

119 3779 228 3827 καὶ
282 3781 344 3847 τῇ
379 3770 621 3848 δυνάμει.
679 3775 784 3829 Καὶ
824 3776 889 3835 ὡς
939 3777 1090 3848 κόρον
1127 3771 1381 3825 λαϐόντων
1435 3773 1603 3826 αὐτῶν
1641 3780 1738 3835 τῆς

123 3866 275 3924 Θείας
333 3862 539 3935 ἀγάπης
588 3867 679 3916 καὶ
730 3864 965 3936 θεωρίας,
1015 3861 1130 3915 κατ’
1172 3860 1451 3933 ἀναλογίαν
1487 3868 1582 3923 τῆς
1622 3861 1738 3914 ἑκά-

123 3971 268 4006 στου
299 3952 393 4006 ἐπὶ
448 3956 508 4005 τό
559 3959 736 4026 χεῖρον
795 3959 1013 4026 τροπῆς,
1069 3951 1511 4026 λεπτομερέστερα
1563 3953 1594 4010 ή
1638 3971 1737 4004 πα-

118 4045 500 4117 χυμερέστερα
578 4042 947 4114 ἀμφιάσασθαι
1023 4045 1260 4113 σώματα,
1339 4047 1430 4093 καὶ
1509 4040 1737 4113 ὀνόματα

116 4131 516 4206 κληρώσασθαι
543 4148 556 4161 °
602 4133 876 4183 κάντεῦθεν
921 4133 1016 4193 τὰς
1072 4130 1316 4203 οὐρανίας
1372 4133 1461 4182 καὶ
1511 4128 1735 4201 λειτουρ-

114 4223 286 4292 ⁶)ιικιΞις
335 4221 630 4283 ὑποστῆναι
679 4215 947 4291 δυνάμεις,
1004 4219 1132 4271 ἀλλὰ
1175 4223 1277 4291 μὴν
1334 4223 1423 4271 καὶ
1475 4218 1617 4277 ήλιον
1646 4222 1736 4270 καὶ

121 4309 356 4368 σελήνην
399 4313 490 4362 καὶ
535 4311 653 4370 τοὺς
705 4307 950 4383 ἀστέρας,
1001 4313 1091 4361 καὶ
1144 4308 1280 4361 αὐτὰ
1314 4316 1405 4368 τῆς
1448 4307 1606 4368 αὐτῆς
1639 4315 1736 4359 τῶν

113 4398 355 4470 λογικῶν
386 4394 588 4464 ἕνάδος,
646 4396 701 4450 ἔκ
756 4405 854 4460 τῆς
913 4395 997 4450 ἐπὶ
1026 4399 1092 4450 τὰ
1130 4401 1296 4470 χείρω
1336 4404 1535 4468 τροπῆς
1582 4391 1735 4448 τοῦτο

113 4492 418 4561 γεγονέναι.
458 4491 536 4542 Τὰ
581 4483 641 4540 δι
688 4485 769 4540 επὶ
827 4486 999 4539 πλεῖον
1037 4493 1132 4549 τῆς
1165 4488 1299 4548 θείας
1351 4485 1556 4558 ἀγάπης
1611 4485 1732 4538 ἁπο-

2453 3404 2637 3461 vitam
2652 3405 2896 3473 ﬁnierit.

1923 3528 1952 3560 ιι
1982 3511 2224 3576 Mentes,
2257 3510 2468 3582 inquit,
2492 3526 2527 3566 a
2547 3511 2841 3582 principio
2873 3515 3059 3581 erant,
3087 3510 3316 3584 absque
3333 3509 3500 3566 omni

1846 3613 2098 3654 numero
2137 3603 2193 3653 et
2220 3600 2485 3663 nomine,
2507 3615 2578 3654 ex
2602 3601 2824 3656 unitate
2850 3600 3208 3671 principium
3235 3599 3496 3654 ducenti-

1844 3686 2446 3752 bus,etrationalibus
2469 3687 2889 3744 exsistentibus
2906 3689 3495 3754 omnibus,substan-

1845 3774 2298 3840 tia,efﬁcacia.et
2322 3776 2534 3831 virtute
2555 3775 2787 3832 eadem.
2814 3778 2882 3832 Ut
2901 3782 3103 3832 autem
3127 3793 3230 3833 eas
3254 3778 3496 3833 satietas

1846 3864 1998 3936 cepit
2053 3864 2270 3919 divinae
2310 3865 2610 3920 charitatis
2656 3871 2712 3921 et
2750 3866 3286 3937 contemplationis,
3323 3867 3497 3938 juxta

1843 3953 2289 4025 proportionem
2331 3954 2624 4025 cujusque
2663 3955 3083 4026 propensionis
3122 3955 3181 4010 in
3211 3956 3494 4024 deterius,

1845 4041 1933 4097 vel
1973 4045 2243 4098 tenuiora
2289 4042 2385 4098 vel
2427 4043 2725 4098 crassiora
2783 4058 3098 4115 sumpsere
3148 4059 3400 4114 corpora
3442 4051 3496 4102 et

1843 4131 2114 4188 nomina.
2156 4133 2320 4187 Unde
2346 4131 2612 4186 caelestes
2640 4132 2817 4187 etiam
2841 4137 2898 4187 et
2927 4132 3332 4188 ministrantes
3361 4134 3496 4189 sub-

1843 4221 2038 4276 stitere
2069 4220 2343 4276 virtutes:
2367 4221 2494 4292 ipse
2541 4236 2782 4292 quoque
2812 4221 2902 4277 sol
2941 4227 2997 4277 et
3049 4221 3193 4276 luna
3223 4226 3278 4277 et
3311 4223 3495 4280 stellae

1843 4323 2054 4365 omnes
2081 4309 2158 4365 ab
2189 4311 2409 4364 unitate
2428 4309 2528 4364 illa
2552 4309 2956 4376 rationalium,
2985 4325 3057 4365 ex
3096 4311 3496 4382 propensione

1844 4398 1904 4452 in
1953 4399 2230 4464 deterius,
2283 4397 2397 4453 sub
2437 4397 2630 4453 factae.
2659 4399 2740 4454 Ea
2791 4413 2930 4454 vero
2977 4397 3316 4467 rationalia,
3357 4415 3494 4472 quas

1844 4487 2038 4556 magis
2068 4501 2104 4542 a
2132 4485 2336 4542 divina
2376 4485 2660 4542 charitate
2699 4485 3068 4552 refrixerant,
3097 4488 3314 4543 animae
3356 4493 3496 4544 sunt

113 4577 370 4651 φυγόντα
421 4576 606 4650 λογικὰ
659 4575 845 4650 ψυχὰς
917 4575 1292 4648 ὀνομασθῆναι,
1358 4581 1450 4628 καὶ
1523 4581 1737 4647 σώμασι

1850 4575 2178 4647 appellatae.
2198 4580 2254 4630 et
2276 4575 2333 4629 in
2357 4574 2652 4630 crassiora
2681 4590 2933 4646 corpora
2964 4580 3165 4631 nostra
3187 4577 3490 4647 conjecta.

113 4671 456 4741 παχυτέροις
493 4673 598 4728 τοῖς
627 4666 746 4719 καθ’
779 4667 917 4738 ἡμᾶς
960 4664 1280 4737 ἄμϐληθῆναι
1307 4683 1322 4698 ·
1375 4668 1438 4717 τὰ
1468 4661 1526 4717 δὲ
1557 4664 1638 4717 ἐπὶ
1675 4668 1733 4717 τὸ

113 4758 292 4832 ἄκρον
345 4763 442 4819 τῆς
487 4760 672 4817 κακίας
721 4754 1030 4821 ἓληλυθότα,
1085 4753 1324 4828 ψυχροῖς
1369 4757 1461 4806 καὶ
1505 4754 1736 4828 ζοφεροῖς

113 4843 406 4906 ἱνδεθῆναι
458 4849 670 4918 σώμασι
697 4862 711 4878 ο
755 4849 846 4897 καὶ
894 4840 1150 4917 δαίμονας
1178 4846 1442 4915 γεγονέναι
1494 4847 1584 4894 καὶ
1629 4841 1734 4895 ὀνο-

113 4937 426 5009 μασθῆναι.
476 4954 506 4987 ››
555 4936 674 4989 Ἔτι
702 4938 792 4987 καὶ
837 4939 1004 4986 ταῦτα
1032 4928 1261 5006 ληρωδεῖ
1289 4951 1301 4964 ·
1340 4953 1365 4983 α
1417 4930 1535 4984 Ὀτι
1561 4931 1614 4994 ἐξ
1644 4933 1736 5002 ἁγ-

110 5024 338 5097 γελικῆς
385 5025 476 5096 μὶν
533 5025 902 5083 καταστάσεως
945 5021 1157 5094 ψυχική
1217 5026 1418 5093 γίνεται
1473 5023 1734 5073 κατάστα-

116 5133 233 5179 σις,
267 5112 327 5166 ἔκ
358 5109 418 5166 δι
444 5112 692 5186 ψυχικῆς
720 5107 1079 5185 δαιμονιώδης
1127 5114 1217 5163 καὶ
1283 5108 1577 5184 ἀνθρωπίνη
1604 5130 1617 5143 ο
1650 5110 1736 5162 ἕνα

117 5199 186 5258 δὶ
241 5206 402 5277 μόνον
457 5208 575 5257 νοῦν
638 5203 693 5255 ἐκ
745 5203 922 5264 πάσης
976 5208 1071 5263 τῆς
1133 5195 1314 5262 ἑνοὶδος
1362 5207 1461 5252 τῶν
1515 5199 1734 5272 λογικῶν

198 5384 283 5458 (1)
298 5383 519 5458 Eadem
550 5383 888 5458 deOdeens
912 5380 1148 5458 δυξίξεξο
1165 5380 1481 5458 εοηιςςεβε
1504 5378 1734 5458 aeneis

113 5450 272 5514 Not.
302 5455 380 5513 ad
409 5455 608 5511 Vitam
628 5450 814 5524 Orig.,
847 5453 953 5508 fol.
993 5453 1080 5520 39,
1108 5454 1272 5524 item.
1298 5451 1395 5508 fol.
1416 5456 1502 5516 35,
1530 5453 1618 5515 36,
1642 5450 1730 5504 37.

201 5527 286 5597 (2)
317 5547 347 5580 (ι
370 5527 637 5597 Origenis
662 5523 1296 5597 nonnullaopuscula,
1320 5539 1458 5596 quae
1481 5524 1566 5597 vir
1595 5524 1737 5577 bea-

116 5594 228 5661 tus
244 5594 644 5670 Hieronimus
653 5613 776 5662 non
787 5594 1733 5668 repudiatJegenda—suscipimus.

425 5696 670 5754 PATROL.
705 5697 807 5756 Gn.
845 5693 1066 5752 CXLV.

1844 4665 1986 4730 Qum
2014 4680 2150 4719 vero
2189 4664 2263 4718 ad
2297 4679 2600 4719 summam
2650 4663 2887 4719 malitiae
2918 4670 2973 4720 et
3001 4665 3334 4721 vitiositatis
3363 4665 3492 4720 fue-

1841 4761 1978 4808 rant
2005 4768 2343 4826 progressa,
2371 4751 2600 4822 frigidis
2644 4757 2701 4808 et
2730 4751 3073 4822 caliginosis
3105 4752 3337 4809 inclusa
3367 4770 3494 4809 cor-

1841 4841 2108 4914 poribus,
2141 4841 2448 4897 daemones
2471 4846 2526 4896 et
2555 4840 2693 4897 facti
2735 4845 2792 4896 et
2830 4841 3120 4898 nominati
3150 4847 3306 4898 sunt.
3343 4862 3373 4894 »
3404 4843 3494 4898 Ad

1842 4931 1972 4987 hac
2000 4931 2099 4987 illa
2128 4946 2370 5003 quoque
2392 4935 2651 5000 nugatur
2675 4946 2686 4983 :
2712 4951 2739 4982 ‹‹
2777 4930 2950 4996 Quod
2974 4947 3048 4986 ex
3077 4932 3495 5004 angelicaqui-

1843 5021 1981 5076 dem
2013 5019 2434 5076 constitutione
2481 5019 2751 5074 animata
2789 5019 2945 5076 facta
2981 5025 3072 5074 est
3126 5021 3491 5087 constitutio,

1842 5125 1916 5166 ex
1945 5110 2210 5167 animata
2240 5107 2853 5172 autem,da3moniaca
2873 5113 2961 5163 est
2988 5108 3275 5165 humana.
3302 5110 3492 5165 Unam

1842 5213 2022 5272 porro
2072 5201 2331 5254 mentem
2385 5212 2458 5252 ex
2520 5197 2798 5253 universa
2831 5195 3216 5254 rationalium
3250 5198 3492 5265 unitate,

1842 5375 2090 5447 Reliqua
2127 5378 2330 5447 autem
2377 5373 2581 5447 omnia
2619 5388 2765 5447 cum_
2809 5378 3050 5429 auctore
3100 5389 3210 5429 suo
3240 5373 3495 5447 dicimus

1844 5444 2335 5518 esse—renuenda.
2371 5466 2400 5518 »ν
2423 5445 2591 5518 (Dist.
2621 5449 2712 5518 t5,
2731 5444 2955 5518 sancta
2979 5447 3148 5518 Rom.
3174 5446 3490 5518 Eccitesia.)

1919 5519 1999 5590 (3)
2031 5517 2325 5590 Eusebius
2382 5515 2696 5590 Pamphili,
2744 5517 2919 5572 sicuti
2957 5521 3014 5573 et
3051 5517 3154 5573 alii
3183 5517 3354 5574 multi
3391 5515 3495 5576 Pa-

1848 5587 1990 5656 tres,
2021 5588 2343 5661 benignius
2369 5587 2444 5644 de
2471 5588 2718 5660 Origene
2743 5593 3076 5647 senserunt.

3139 5687 3207 5746 36
