4036 6288
620 343 749 400 1131

1919 335 2300 394 NICEPHORI
2341 334 2668 392 CALLISTI

3755 347 3842 402 H32

613 468 1036 525 inconcussam
1054 473 1110 523 et
1130 467 1439 522 immotam
1466 483 1501 522 a
1523 465 1806 522 charitate
1829 468 1885 520 et
1901 462 2263 536 contempla-

2377 461 2655 520 ἀκλόνητον
2687 457 2973 534 διαμεῖναι,
3013 465 3102 515 καὶ
3152 461 3391 522 ἀκίνητον
3444 471 3530 526 τῆς
3562 467 3675 530 θείας
3706 467 3848 541 ἀγάπης

617 557 778 614 tione
808 558 1012 613 divina
1045 571 1415 628 permanere.
1452 571 1587 626 quas
1627 569 1796 610 mens
1837 559 1892 608 et
1914 552 2179 608 Christus
2213 555 2269 608 et

614 662 719 701 rex
749 651 805 701 et
834 647 1016 701 homo
1043 645 1303 700 sitfacta.
1332 645 1492 708 Item,
1527 643 1690 716 quod
1721 643 2016 714 perfectus
2034 641 2271 697 futurus

615 736 688 790 sit
719 734 1324 806 corporumjintertius
1351 751 1364 799 ;
1393 749 1529 789 cum
1553 733 1671 805 ipse
1691 732 1982 788 Dominus
2007 731 2267 802 primum

613 823 925 896 proprium
943 823 1285 895 deposuerit
1302 839 1542 894 corpus,
1570 827 1624 877 et
1651 819 1859 893 reliqui
1877 820 2017 875 item
2035 834 2268 875 omnes.

615 913 1091 984 Praeterea,quod
1116 911 1372 967 universi
1400 910 1691 966 reversuri
1713 910 1792 966 ad
1813 907 2090 965 eamdem
2108 907 2268 963 illam

615 1003 926 1067 unitatem,
953 1006 1303 1072 mentesque
1350 999 1532 1056 futuri
1564 999 1701 1065 sint,
1742 998 1954 1070 quales
1998 1002 2174 1053 antea
2210 997 2269 1051 in

613 1090 1080 1163 prmexsistentia
1111 1088 1327 1145 fuerint
1361 1111 1372 1155 ;
1405 1089 1536 1160 ipso
1567 1087 1834 1143 videlicet
1855 1087 2098 1142 diabolo
2123 1100 2271 1158 quo-

609 1195 730 1252 que
760 1185 818 1236 et
858 1179 1102 1252 reliquis
1154 1178 1561 1244 daemonibus,
1594 1183 1776 1250 atque
1815 1176 1995 1232 etiam
2028 1175 2267 1230 nefariis

612 1274 669 1325 et
701 1268 902 1340 impiis
951 1267 1299 1324 hominibus
1339 1267 1415 1322 ad
1459 1266 1737 1323 eamdem
1785 1266 2072 1321 unitatem
2108 1263 2270 1318 resti-

612 1356 876 1426 tuendis,
900 1373 1034 1412 cum
1060 1356 1279 1412 divinis
1310 1356 1544 1428 piisque
1575 1356 1736 1424 viris,
1767 1359 1822 1410 et
1849 1371 1986 1409 cum
2019 1351 2270 1408 caelesti-

614 1445 725 1502 bus
756 1447 1070 1502 virtutibus
1097 1445 1373 1502 eamdem
1416 1445 1593 1518 385
1626 1445 1908 1499 unionem
1959 1443 2037 1498 ad
2081 1442 2268 1496 Deum

612 1533 923 1602 habituris,
974 1551 1159 1606 quam
1213 1539 1270 1590 et
1317 1533 1576 1588 Christus
1627 1533 1853 1597 habuit,
1882 1531 2271 1604 quemadmo-

610 1625 756 1680 dum
785 1630 840 1680 et
869 1628 1045 1680 antea
1099 1640 1230 1680 eam
1282 1623 1570 1678 habentes
1608 1621 1934 1677 exstiterint
1962 1639 1976 1686 ;
2009 1626 2071 1675 ut
2103 1619 2268 1676 Chri-

612 1719 740 1770 stus
781 1713 925 1769 nihil
969 1728 1217 1784 prorsus
1267 1713 1338 1767 sit
1368 1711 1680 1767 habiturus
1713 1727 1835 1782 prae
1879 1708 2271 1766 rationalibus

2377 556 2466 604 καὶ
2519 554 2736 624 θεωρίας
2770 567 2782 580 ⁸
2810 553 2864 613 ὃς
2909 555 3000 603 καὶ
3049 555 3277 626 Χριστὸς
3307 557 3392 605 καὶ
3446 551 3652 626 βασιλεὺς
3696 563 3762 610 καὶ
3797 563 3852 610 (ἱν-

2381 643 2582 715 θρωπος
2613 644 2807 712 γέγονε.
2870 644 2969 694 Καὶ
3026 642 3106 693 ὅτι
3145 641 3396 704 παντελὴς
3445 645 3578 696 ἔσται
3611 653 3690 697 τῶν
3729 653 3854 718 σωμά-

2377 749 2478 781 των
2527 728 2813 802 ἀναίρεσις,
2869 729 3029 782 αὐτοῦ
3084 737 3176 782 τοῦ
3235 737 3425 805 Κυρίου
3477 741 3652 808 πρῶτον
3691 733 3858 789 ἀποτιθε-

2379 822 2530 890 μένου
2565 823 2623 871 τὸ
2676 815 2813 870 ἴδιον
2855 827 3024 891 σῶμα,
3084 825 3173 872 καὶ
3203 828 3301 872 τῶν
3351 821 3528 874 λοιπῶν
3563 822 3769 879 ἁπάντων.
3793 831 3858 878 Καὶ

2379 909 2460 960 ὅτι
2517 906 2921 980 ἁνακομίζονται
2971 906 3123 960 πάλιν
3174 908 3389 970 ἅπαντες
3421 909 3483 971 εἰς
3516 915 3599 969 τὴν
3638 912 3765 970 αὐτὴν
3791 913 3860 964 ἐνά-

2381 993 2470 1068 δα,
2533 1001 2622 1048 καὶ
2666 1001 2899 1068 γίνονται
2944 1002 3054 1058 νόες
3088 1014 3100 1027 ·
3135 999 3274 1050 καθὰ
3318 1003 3404 1051 καὶ
3435 1001 3480 1051 ἓν
3528 997 3581 1072 τῇ
3628 1003 3860 1076 προῦπάρξιι

2379 1086 2667 1158 ἐτύγχανον
2700 1103 2714 1116 ’
2775 1086 3265 1159 ἀποκαθισταμένου
3338 1083 3566 1146 δηλονότι
3620 1095 3695 1142 καὶ
3755 1091 3860 1143 αὐτοῦ

2378 1183 2469 1227 τοῦ
2502 1171 2537 1227 δ
2543 1174 2772 1240 ιαϐὁλου,
2803 1181 2894 1228 καὶ
2947 1183 3044 1228 τῶν
3099 1175 3288 1229 λοιπῶν
3343 1173 3585 1250 δαιμόνων
3614 1178 3676 1240 εἰς
3718 1183 3788 1237 τὴν
3809 1180 3864 1232 αὖ·

2379 1269 2472 1323 τὴν
2525 1261 2685 1317 ἐνάδα
2713 1283 2724 1294 °
2781 1270 2871 1318 καὶ
2913 1273 3012 1318 τῶν
3062 1264 3259 1318 ἀσεϐῶν
3315 1271 3403 1319 καὶ
3457 1266 3601 1320 ἀθέων
3644 1266 3862 1340 ἀνθρώπων,

2378 1355 2509 1426 μετὰ
2560 1363 2659 1406 τῶν
2719 1355 2863 1406 θείων
2919 1359 3008 1407 καὶ
3059 1356 3312 1430 θεοφόρων
3357 1351 3567 1430 ἀνδρῶν,
3603 1363 3677 1408 καὶ
3708 1365 3783 1408 τῶν
3808 1358 3867 1409 οὔ·

2379 1447 2567 1516 ρανίων
2625 1440 2914 1515 δυνάμεων,
2987 1448 3080 1502 τὴν
3132 1445 3290 1503 αὐτὴν
3357 1444 3555 1508 ἑξὸντων
3598 1448 3746 1498 ἕνωσιν
3787 1451 3868 1518 πρὸς

2380 1535 2466 1584 τὸν
2528 1535 2678 1598 Θεὸν,
2725 1535 2905 1586 ὁποίαν
2959 1536 3072 1605 ἔχει
3151 1539 3240 1586 καὶ
3287 1536 3311 1586 ὁ
3353 1539 3592 1611 Χριστὸς,
3645 1538 3778 1596 καθως
3811 1541 3872 1586 καὶ

2380 1622 2731 1694 προῦπῆρχον
2760 1639 2772 1653 ·
2816 1625 2885 1685 ὡς
2922 1619 3188 1695 μηδεμίαν
3242 1620 3373 1676 εἶναι
3425 1621 3658 1698 διαφορὰν
3695 1632 3751 1694 τῷ
3789 1631 3874 1695 Χρι-

2387 1719 2493 1782 στῷ
2545 1715 2676 1786 πρὸς
2725 1715 2790 1764 τὰ
2841 1711 3026 1784 λογικὰ
3078 1713 3339 1776 παντελῶς
3376 1717 3489 1766 οὔτε
3533 1721 3591 1786 τῇ
3629 1713 3772 1786 οὐσίᾳ,
3799 1716 3877 1764 οὔτι

612 1803 1005 1875 praecipuum,
1029 1817 1225 1874 neque
1247 1801 1606 1866 substantia,
1639 1815 1834 1872 neque
1860 1798 2263 1871 intelligentia,

2381 1808 2443 1873 τῇ
2486 1805 2697 1872 γνώσει,
2747 1804 2864 1854 οὔτε
2908 1809 2971 1874 τῇ
3006 1797 3246 1874 δυνάμει.
3306 1823 3331 1854 ν
3368 1801 3522 1858 Ἀλλὰ
3556 1810 3702 1855 ταῦτα
3731 1802 3873 1874 uini.

612 1908 809 1964 neque
835 1893 1071 1948 virtute.
1098 1894 1230 1947 Haec
1263 1891 1377 1947 ille.
1410 1913 1438 1941 ››
1473 1890 1685 1946 Decius
1714 1895 1916 1945 autem
1953 1893 2090 1962 post
2120 1888 2273 1944 duos

611 1982 847 2054 imperii
872 1981 966 2037 sui
998 1981 1510 2047 annos,adversus
1536 1979 1783 2052 Scythas
1802 1979 2024 2051 (1),qui
2057 1979 2275 2035 Istrum

611 2071 1051 2136 transierant,et
1080 2071 1368 2127 ditionem
1408 2072 1740 2126 Romanam
1767 2067 2106 2133 vastabant,
2136 2083 2273 2139 pro-

618 2176 883 2232 gressus,
927 2176 1114 2233 supra
1140 2160 1381 2232 triginta
1400 2158 1588 2215 millia
1615 2175 1680 2214 ex
1699 2158 1782 2213 eis
1803 2158 2067 2230 primum
2087 2158 2276 2213 victor

621 2250 902 2306 concidit.
935 2249 1209 2307 Secunda
1235 2254 1436 2304 autem
1469 2263 1677 2320 pugna
1705 2264 1842 2303 cum
1870 2246 1981 2302 illis
2002 2260 2278 2316 congres-

619 2357 742 2404 sus,
777 2340 965 2394 victus
999 2342 1076 2409 (‘2)
1099 2355 1218 2394 una
1246 2354 1383 2393 cum
1416 2337 1537 2393 ﬁlio
1573 2337 1650 2393 ab
1677 2337 1767 2393 eis
1797 2342 1885 2391 est
1903 2335 2267 2392 interfectus.

627 2430 718 2486 Sic
748 2429 1066 2500 imperium
1106 2428 1183 2483 ad
1224 2427 1452 2484 Gallum
1487 2432 1544 2481 et
1583 2425 1966 2482 Volusianum
1990 2425 2273 2496 pervenit.

619 2518 820 2574 Gallus
845 2534 1048 2590 porro,
1089 2517 1254 2590 quod
1276 2517 1682 2572 calamitatem
1713 2515 1868 2570 Decii
1890 2531 2012 2571 non
2041 2514 2278 2570 didicis-

615 2615 722 2672 set,
756 2623 951 2680 neque
1008 2606 1529 2663 animadvertisset
1559 2621 1681 2677 qua
1717 2605 1794 2660 de
1840 2620 2023 2660 causa
2059 2604 2118 2659 in
2149 2608 2275 2659 tan-

613 2701 738 2753 tam
776 2697 1007 2752 cladem
1055 2695 1378 2760 incidisset,
1424 2695 1500 2750 ad
1532 2693 1813 2750 eumdem
1841 2694 2091 2766 impegit
2123 2692 2272 2765 lapi-

621 2786 780 2841 dem.
813 2787 959 2841 Cum
994 2786 1153 2840 enim
1210 2783 1531 2855 imperium
1580 2782 1827 2854 pulchre
1853 2788 2050 2847 staret,
2081 2789 2137 2837 et
2177 2797 2273 2837 res

611 2891 825 2931 omnes
862 2874 913 2929 ei
944 2890 1015 2929 ex
1046 2873 1336 2928 sententia
1366 2871 1769 2938 succederent,
1812 2872 1967 2926 viros
2006 2876 2267 2937 sanctos,

613 2966 716 3036 qui
763 2979 964 3034 preces
1002 2963 1078 3018 ad
1130 2965 1316 3017 Deum
1369 2976 1477 3033 pro
1513 2967 1728 3033 pacata
1768 2959 2192 3032 tranquillitate
2216 2963 2272 3015 et

615 3052 960 3110 valetudine
991 3052 1118 3122 ejus
1155 3049 1423 3106 secunda
1455 3049 1808 3113 fundebant,
1837 3049 2066 3104 afﬂixit.
2108 3050 2269 3114 Qua-

2382 1909 2466 1950 τος
2493 1909 2504 1922 ·
2545 1895 2721 1952 Δέκιος
2751 1887 2803 1944 δ’
2836 1889 2884 1942 έν
2916 1886 3072 1944 δυσὶν
3125 1894 3289 1944 ἔτεσιν
3337 1893 3665 1965 ἡγησάμενος,
3693 1899 3770 1944 τῶν
3792 1898 3877 1943 Σκυ-

2387 1981 2485 2032 θῶν
2556 1983 2642 2032 τὸν
2699 1979 2906 2054 Ἵστρον
2983 1976 3018 2033 δ
3023 1982 3481 2054 ιαπεραιωθέντων,
3529 1986 3611 2034 καὶ
3655 1980 3878 2052 λυμαινομέ-

2383 2089 2480 2121 νων
2538 2076 2643 2130 τοῖς
2697 2067 2960 2142 Ῥωμαίων
3018 2070 3347 2144 πράγμασιν,
3429 2069 3586 2136 ἐξιὼν,
3635 2071 3739 2144 ὑπὲρ
3783 2087 3875 2141 τρισ-

2383 2163 2604 2231 μυρίους
2663 2163 2908 2234 πρότερον
2990 2164 3217 2212 κτείνει·
3304 2156 3522 2235 δευτέρᾳ
3595 2157 3647 2212 δε
3715 2157 3872 2230 συμϐολῇ

2383 2247 2693 2322 προσϐαλὼν
2745 2247 2941 2313 αὐτοῖς,
2976 2250 3171 2308 ἥττητο
3200 2267 3213 2279 ’
3266 2255 3356 2302 καὶ
3404 2254 3639 2302 κτείνεται
3780 2249 3873 2303 n35;

2383 2345 2445 2409 τῇ
2479 2339 2657 2410 μάχῃ,
2693 2340 2819 2411 πρὸς
2879 2334 2937 2390 δε
2965 2342 3054 2391 καὶ
3085 2340 3110 2390 ὁ
3151 2346 3274 2401 παίς
3324 2339 3507 2392 αὐτοῦ.
3539 2341 3644 2392 Ἐπὶ
3670 2337 3812 2390 Γάλλον
3840 2331 3873 2386 δι

2383 2431 2473 2478 καὶ
2502 2426 2843 2479 Βολουσιανὸν
2882 2429 2912 2485 ἡ
2947 2425 3091 2502 ἀρχὴ
3145 2433 3436 2501 μετεχώρει
3468 2446 3480 2458 ·
3516 2427 3540 2480 ὃ
3568 2427 3725 2488 Γάλλος
3763 2430 3812 2497 μή
3838 2427 3869 2474 τό

2385 2521 2562 2569 Δεκίου
2629 2519 2786 2568 κακὸν
2830 2520 3000 2588 γνούς,
3073 2515 3196 2570 οὐδὲ
3263 2520 3406 2580 ὅπως
3476 2517 3688 2590 ἔσφηλεν,
3731 2515 3792 2568 ἐπὶ
3824 2520 3873 2564 τςτ

2382 2608 2538 2658 αὑτὸν
2585 2605 2878 2679 προσέκοψε
2945 2605 3105 2662 λίθον.
3165 2614 3272 2668 Τῆς
3347 2610 3452 2683 γὰρ
3498 2606 3736 2680 βασιλείας
3786 2603 3868 2670 στὶτᾲ

2381 2694 2549 2757 καλῶς
2606 2699 2901 2768 φερομένης.
2963 2700 3052 2748 καὶ
3121 2704 3221 2748 τῶν
3295 2699 3613 2772 πραγμάτων
3659 2696 3766 2747 κατὰ
3803 2699 3869 2743 νοῦν

2379 2787 2716 2858 χωρούντων,
2775 2787 2894 2847 τοὺς
2951 2787 3118 2858 ἱεροὺς
3170 2781 3391 2860 ἄνδρας,
3451 2791 3564 2847 τοὺς
3614 2789 3713 2859 περὶ
3749 2780 3867 2841 τῆςιί·

2377 2878 2541 2946 pinu;
2591 2873 2731 2944 αύτῷ
2784 2878 2873 2926 καὶ
2932 2883 3029 2937 τῆς
3081 2876 3257 2946 ὑγείας
3298 2875 3670 2950 πρεσϐεύοντας
3708 2873 3866 2946 πρόςτὲτ

2380 2965 2535 3034 Θεὸν,
2592 2963 2801 3022 ἤλασεν.
2845 2963 3047 3016 Οὐκοῦν
3107 2968 3201 3016 σὺν
3251 2963 3468 3028 έκείνοις
3520 2961 3684 3027 ἐδίωξε
3713 2967 3770 3013 καὶ
3805 2961 3858 3016 τάς

2377 3052 2503 3126 ὑπὲρ
2545 3051 2739 3104 ἑαυτσῦ
2793 3055 3098 3126 προσευχάς
3139 3070 3151 3083 ·
3205 3058 3293 3106 καὶ
3334 3054 3486 3108 οὗτοι
3541 3051 3589 3107 δ’
3640 3050 3766 3112 ἕτοςᾶ
3798 3048 3847 3096 ui

611 3146 858 3214 propter
888 3141 949 3196 in
990 3141 1075 3196 eis
1105 3139 1244 3195 viris
1300 3139 1478 3194 simul
1527 3141 1706 3195 etiam
1740 3143 1894 3204 vota,
1923 3144 1980 3194 et
2006 3155 2141 3207 quas
2160 3154 2263 3210 pro

2375 3148 2543 3212 μῆνας
2601 3137 2652 3193 δ’
2701 3137 3079 3214 διαγεγονότες,
3129 3143 3185 3207 ἐξ
3249 3142 3540 3218 ἀνθρώπων
3585 3148 3760 3216 γίνονται.
3795 3142 3850 3187 Δι-

610 3246 679 3287 eo
711 3230 940 3286 ﬁebant
977 3228 1277 3285 orationes
1321 3232 1408 3283 est
1447 3232 1818 3298 persecutus.
1885 3228 1976 3282 Sic
2022 3228 2140 3282 duo
2170 3227 2265 3282 isti

607 3319 830 3384 statim,
874 3333 1036 3373 anno
1078 3334 1198 3373 uno
1251 3322 1308 3372 et
1346 3315 1656 3372 mensibus
1708 3321 1968 3387 quatuor
2011 3315 2265 3388 imperio

613 3407 1049 3472 administrato,
1065 3407 1471 3462 decesserunt.
1489 3404 1719 3470 Quibus
1749 3404 2074 3460 succedens
2089 3405 2266 3461 AEmi-

607 3495 803 3553 lianus
846 3502 1107 3568 quatuor
1136 3496 1452 3567 imperavit
1495 3509 1754 3562 menses,
1785 3499 1842 3549 et
1874 3509 2073 3550 rerum
2107 3511 2265 3550 sum-

609 3602 773 3642 mam
804 3590 881 3641 ad
929 3585 1302 3640 Valerianum
1354 3590 1409 3638 et
1444 3582 1755 3638 Galienum
1778 3583 2039 3638 moriens
2070 3587 2267 3639 trans-

607 3675 790 3732 misit.
824 3673 986 3730 Gallo
1018 3674 1283 3729 sedenim
1317 3679 1451 3744 post
1480 3673 1720 3728 Decium
1749 3672 2100 3744 imperante,
2135 3673 2265 3728 Ori-

606 3779 788 3833 genes
816 3763 1364 3834 undeseptuaginta
1394 3761 1567 3817 annis
1607 3761 1863 3832 peractis
1892 3761 1988 3832 (3),
2024 3761 2264 3817 misera-

605 3851 797 3908 biliter
840 3851 1041 3907 infelix
1086 3851 1254 3907 obiit.
1289 3853 1352 3905 ln
1381 3866 1502 3922 quo
1533 3856 1590 3905 et
1622 3865 1733 3906 nos
1773 3851 2050 3905 convenit
2078 3849 2262 3906 ﬁnem

606 3959 781 3996 suum
836 3942 988 3996 libro
1037 3942 1174 3995 huic
1206 3941 1550 4011 imponere:
1585 3940 1684 3994 cui
1723 3939 1972 4011 quidem
2031 3939 2263 3994 bonum

605 4031 838 4086 initium
873 4030 1156 4099 Origenes
1181 4028 1448 4101 praebuit,
1479 4027 1756 4099 quamvis
1780 4027 1916 4083 ﬁnis
1944 4028 2072 4098 ejus
2102 4029 2264 4100 prin-

607 4120 762 4192 cipio
801 4135 923 4176 non
973 4118 1366 4190 responderit.
1428 4117 1612 4173 Habet
1670 4123 1870 4172 autem
1924 4117 2020 4172 hic
2062 4123 2261 4174 tomus

606 4225 799 4265 annos
827 4208 1136 4277 sexaginta
1163 4215 1219 4262 et
1242 4207 1420 4272 duos,
1449 4206 1621 4276 cujus
1651 4205 1962 4262 exordium
1995 4222 2032 4261 a
2064 4206 2259 4276 primo

677 4315 754 4386 (1)
794 4317 932 4386 Non
963 4313 1146 4386 semel
1178 4313 1236 4367 in
1267 4311 1592 4386 hocopere
1624 4311 1987 4386 Nicephorus
2018 4312 2257 4368 Gotthos

603 4382 713 4459 pro
734 4382 972 4459 Scythis
999 4385 1200 4459 habet,
1230 4383 1400 4459 sicuti
1433 4389 1487 4438 et
1516 4382 1820 4459 hoc_loco.

676 4457 752 4583 S2)
782 4453 1050 4512 «'Decius
1091 4455 1244 4510 bello
1276 4455 1563 4510 adversus
1617 4453 1859 4510 Gotthos
1898 4453 1958 4508 in
1996 4453 2257 4510 Thracias

676 4529 822 4583 .ude
880 4528 1251 4583 submersus.
1304 4532 1360 4581 et
1402 4525 1559 4580 ﬁlius
1618 4525 1747 4583 eius
1804 4525 2040 4581 occisus
2084 4532 2190 4581 est.
2227 4549 2254 4576 »

2374 3229 2618 3300 μυλιανός
2649 3227 2700 3282 δ’
2753 3228 2837 3282 ἐπὶ
2886 3234 3092 3295 τούτοις
3122 3233 3226 3306 ούχ
3256 3234 3418 3291 ἧττον
3450 3236 3481 3294 ἣ
3514 3238 3732 3306 τέσσαρες
3755 3234 3858 3301 μῆνας

2328 3353 2340 3372 ι
2373 3317 2626 3384 ἐπιϐιοὺς,
2668 3321 2751 3372 ἐπὶ
2813 3319 3184 3396 Οὐαλλεριανόν
3231 3329 3320 3376 καὶ
3376 3324 3625 3383 Γαλιῆνον
3670 3325 3715 3374 τό
3751 3319 3866 3391 spuit-5;

2373 3413 2695 3482 παρέπεμπεο
2757 3415 2860 3462 Τοῦ
2918 3407 2977 3463 an!
3033 3411 3300 3487 εἰρημένου
3361 3416 3501 3485 μετὰ
3559 3417 3707 3466 Δέκιον
3745 3405 3868 3461 Γίλλῧί

2375 3493 2636 3558 διέποντες
2682 3502 2776 3556 τὴν
2825 3497 3021 3571 ἀρχὴν,
3084 3499 3354 3575 Ὡριγένης
3403 3502 3514 3565 ἐνὸς
3559 3499 3783 3559 δέοντοςο“
3819 3496 3866 3546 ἐπ

2375 3583 2638 3649 διηνυκὼς
2697 3587 2952 3654 ἐτελεύτα,
3002 3588 3192 3651 ἀθλίως
3244 3595 3332 3649 τὴν
3386 3591 3575 3663 ψυχὴν
3619 3585 3862 3662 ἀποῤῥήξις³

2375 3672 2618 3736 δείλαιος.
2650 3677 2734 3730 Ἐν
2881 3673 2964 3730 δεῖ
3009 3684 3099 3731 καὶ
3141 3681 3280 3751 ἡμᾶς
3311 3685 3478 3755 πέρας
3507 3686 3594 3733 καὶ
3631 3687 3684 3752 τῇ
3712 3678 3858 3749 πιρσᾶπ

2375 3767 2588 3839 ἱστορίᾳ
2664 3762 2917 3818 διδόναι⁶
2979 3766 3149 3842 ἀρχὴν
3211 3772 3302 3842 μὲν
3380 3774 3623 3845 χρηστὴν
3671 3768 3862 3840 Ὠριγένσδς

2371 3852 2698 3916 επιϐαλόντος
2774 3855 2928 3928 αὐτῇ,
3016 3855 3110 3908 κᾶν
3189 3862 3280 3909 καὶ
3343 3863 3406 3910 τὸ
3461 3859 3601 3920 τέλος
3658 3856 3865 3925 ira")pr

2373 3939 2600 3996 ἐπέδωκε
2647 3951 2708 4016 τῇ
2761 3942 2908 4019 ἀρχῇ
2944 3962 2955 3974 ’
2986 3950 3220 4018 περιέχει
3279 3943 3338 3999 δὲ
3370 3949 3501 4022 ἡμῖν
3530 3952 3616 4000 καὶ
3658 3947 3683 4003 ὴ
3730 3942 3759 3996 ε’
3792 3940 3865 3991 τότε

2369 4051 2456 4104 μοι
2511 4029 2688 4105 βίϐλος
2744 4037 2934 4106 χρόνον
2983 4034 3108 4087 έτῶν
3161 4034 3200 4098 ξ’
3249 4041 3335 4089 καὶ
3397 4033 3519 4104 δύο,
3575 4036 3789 4112 ἀρξαμένη
3822 4047 3871 4098 μιν

2369 4121 2471 4176 ἀπὸ
2502 4129 2592 4174 τοῦ
2640 4129 2849 4196 πρώτου
2894 4125 3034 4184 ἔτους
3065 4129 3312 4198 Σευήρου,
3366 4126 3700 4189 καταλήξασα
3728 4120 3873 4188 dii}?

2369 4206 2436 4268 δὴ
2495 4214 2584 4262 καὶ
2641 4209 2804 4272 αὐτῆς
2856 4209 3033 4284 ἀρχῆς
3085 4213 3470 4290 Ούαλλεριανοῦ
3523 4221 3611 4269 καὶ
3662 4211 3873 4267 Γαλὼον

2367 4315 2490 4387 pia.
2513 4319 2637 4372 Non
2671 4317 2766 4373 ille
2806 4317 3191 4376 Salomonem
3219 4322 3415 4378 audiit
3445 4323 3721 4378 dicentem
3741 4334 3751 4372 :
3770 4311 3872 4376 «Fili,

2368 4403 2513 4464 cave
2527 4387 2748 4444 multos
2780 4405 3111 4464 componas
3124 4391 3330 4464 libros,
3348 4399 3531 4450 utore
3547 4400 3644 4450 tuo
3655 4399 3875 4464 properes.

2367 4461 2479 4514 Cor
2494 4465 2658 4534 tuum
2675 4461 2886 4534 nonisit
2906 4461 3074 4518 velox
3086 4463 3162 4519 ad
3177 4463 3606 4534 proferendum
3627 4461 3874 4533 sermone!!!

601 4525 822 4607 p_aliide
873 4528 1251 4607 submersus,
1304 4532 1360 4581 et
1402 4525 1559 4580 ﬁlius
1618 4525 1747 4596 ejus
1804 4525 2040 4581 occisus
2084 4532 2190 4581 est.
2227 4549 2254 4576 »
2287 4532 2333 4588 D
2366 4546 2567 4607 coram
2592 4529 2732 4607 Deo.
2782 4533 2936 4586 Deus
2966 4525 3228 4607 namque
3256 4536 3317 4591 in
3349 4537 3500 4592 οωιο
3541 4548 3768 4595 sursum,
3789 4526 3874 4607 etin

626 4600 888 4668 Eutrop.)

604 4607 1011 4744 FEgl‘cgl'igeni
1039 4669 1334 4744 industria
1360 4673 1416 4723 et
1445 4667 1758 4744 curiositas
1776 4683 1982 4744 causa
2006 4672 2062 4723 et
2099 4667 2256 4744 foede

597 4739 919 4806 laberetur,
952 4749 1007 4795 et
1034 4740 1233 4796 multis
1263 4745 1549 4811 praeterea
1591 4739 2020 4811 ofi‘endiculum
2073 4742 2255 4796 exitii-

599 4831 718 4886 que
759 4814 994 4869 occasio
1043 4811 1168 4867 fuit.
1204 4810 1350 4886 Cum
1391 4811 1549 4886 enim
1608 4810 1754 4886 nihil
1795 4826 1917 4866 non
1957 4811 2017 4865 in
2066 4814 2252 4867 sacris

603 4883 824 4941 Litteris
864 4899 1162 4953 exponere
1192 4883 1386 4947 vellet,
1427 4883 1694 4954 seipsum
1734 4883 1793 4936 in
1821 4896 2082 4954 errorem
2115 4899 2255 4938 con-

597 4957 756 5028 jecit.
810 4956 972 5012 Unde
1023 4955 1207 5028 multa
1246 4953 1531 5028 nefanda
1579 4959 1636 5008 et
1695 4953 1944 5028 exitiosa
1992 4954 2253 5028 protulit

600 5025 801 5084 verba.
834 5028 912 5082 Ex
927 5027 1146 5100 quibus
1163 5026 1353 5091 Arius,
1386 5029 1829 5096 sectatoresque
1847 5025 2253 5100 ejusineequaf

598 5099 713 5156 lem
744 5101 895 5154 Patri
925 5096 1129 5154 Filium
1179 5113 1310 5152 esse
1350 5103 1674 5152 asserentes
1709 5113 1722 5150 :
1753 5101 1810 5152 et
1839 5096 2050 5167 reliqui
2082 5096 2251 5168 impii

596 5170 1221 5240 haereticidogmatum
1244 5181 1490 5223 suorum
1510 5168 1821 5223 materiam
1843 5173 2247 5240 sumpserunt.

597 5243 864 5299 Profiteri
901 5238 1058 5297 enim
1113 5246 1200 5296 est
1226 5257 1430 5302 ausus,
1475 5240 1850 5308 unigenitum
1892 5238 2099 5294 Filium
2129 5255 2252 5294 cer-

598 5331 735 5370 nere
767 5317 996 5370 Patrem
1029 5327 1148 5367 non
1193 5327 1394 5383 posse,
1428 5326 1618 5383 neque
1649 5310 1933 5383 Spiritum
1976 5317 2249 5366 sanctum

595 5385 792 5457 ipsum
844 5385 1050 5457 Filium
1103 5401 1116 5438 :
1185 5381 1353 5457 sicuti
1400 5381 1894 5457 neque__angelos
1943 5383 2246 5452 Spiritum,

593 5452 789 5528 neque
836 5455 1124 5528 homines
1169 5454 1432 5523 angelos.
1468 5452 1531 5508 Et
1590 5452 1794 5508 Filium
1834 5469 1956 5508 non
2006 5469 2134 5508 esse
2177 5469 2248 5528 ex

598 5525 936 5582 substantia
978 5525 1180 5590 Patris,
1225 5528 1327 5580 sed
1364 5529 1701 5596 creaturam
1735 5539 2029 5596 ;eumque
2059 5525 2250 5595 gratia

593 5605 824 5654 tantum
846 5598 1038 5652 tilium
1069 5597 1204 5660 dici,
1236 5602 1292 5652 et
1338 5595 1574 5667 animas
1623 5595 1946 5667 hominum
1973 5597 2250 5667 praaexsi-

593 5675 764 5734 stere.
808 5672 998 5744 Atque
1013 5667 1131 5724 alia
1159 5667 1299 5722 item
1324 5665 1612 5735 absurda,
1647 5665 2025 5739 blaspheme,
2058 5672 2115 5724 et
2140 5667 2248 5724 im-

2364 4602 2423 4678 i_r_i
2461 4607 2613 4678 terra
2640 4601 2951 4678 deorsum.
2978 4599 3233 4678 Proinde
3265 4607 3452 4664 verba
3481 4612 3587 4663 tua
3606 4599 3875 4678 paucasnt

2369 4672 2543 4748 Multa
2559 4673 2718 4748 enim
2731 4673 2920 4730 verba
2932 4676 3096 4732 multi
3105 4677 3329 4748 plicant
3343 4672 3874 4748 vanitatemNoliessﬁ

2365 4744 2561 4826 justus
2583 4744 2873 4826 multum,
2891 4762 3000 4802 nec
3021 4744 3156 4826 plus
3173 4749 3388 4826 sapias
3391 4765 3581 4826 quam
3607 4744 3875 4826 necessust.

2366 4808 2583 4890 Iustus
2607 4815 2768 4871 enim
2816 4808 3060 4889 disperit
3103 4821 3162 4874 in
3203 4808 3630 4890 justiﬁéatione
3654 4808 3876 4872 sua.nAb

2369 4886 2640 4971 [Ecclesia-
2658 4902 2834 4971 porro
2851 4886 3675 4971 pifoscriptus,_contu_meliam
3688 4901 3788 4944 eam
3799 4893 3877 4971 agn

2366 4957 2578 5018 ferens.
2615 4951 2971 5030 Alexandria
2995 4951 3198 5018 relicta
3223 4951 3293 5017 in
3332 4963 3608 5020 Judmam
3634 4966 3708 5017 est
3731 4951 3880 5030 profe-

2364 5034 2512 5109 ctus.
2540 5029 3086 5109 Ettlierosolymam
3106 5049 3246 5109 cum
3266 5035 3544 5109 venisset,
3566 5029 3877 5109 abordinesaj

2363 5099 2668 5165 cerdotali,
2701 5105 2764 5155 ut
2786 5099 2966 5158 verba
2995 5104 3054 5158 in
3086 5105 3343 5161 ecclesia
3370 5099 3742 5169 faceretterat
3771 5107 3874 5152 enim

2362 5170 3251 5252 presbyter)_roga_tus_primum,
3267 5177 3484 5252 deinde
3503 5177 3676 5252 etiam
3689 5177 3872 5252 coactus.

2363 5244 2638 5322 surrexit,
2666 5249 2722 5322 et
2755 5244 2936 5322 verba
2963 5244 3065 5322 illa
3094 5254 3322 5322 tantum
3349 5250 3616 5304 recitavit
3643 5262 3702 5322 :_c
3733 5244 3871 5322 Nsce?

2363 5312 2639 5395 torivero
2665 5314 2809 5370 dixit
2836 5315 3012 5384 Deus,
3033 5319 3330 5383 Quidnam
3357 5325 3414 5374 tu
3433 5316 3744 5376 annuntias
3764 5312 3868 5395 justi:

2359 5383 2666 5461 ﬁcationes
2692 5401 2880 5461 meas,
2904 5395 2960 5442 et
2979 5383 3237 5461 usurpas
3253 5395 3662 5447 testamentum
3675 5390 3864 5461 meuqu1

2359 5461 2568 5538 oretuo
2598 5455 2626 5513 ?
2647 5475 2675 5508 »
2708 5456 2999 5538 bihroque
3019 5453 3399 5538 complicato,
3429 5478 3572 5517 cum
3592 5453 3863 5538 lacrymisf

2360 5527 2411 5597 ej
2422 5526 2582 5609 ulatu
2606 5527 2793 5609 multo
2811 5520 3104 5609 consedit,
3123 5520 3402 5609 omnibus
3421 5546 3555 5609 una
3575 5520 3783 5609 c_u_m'60
3799 5520 3859 5595 Pl?

2358 5599 2651 5656 rentibus.
2687 5599 2963 5672 Sepultus
2986 5607 3079 5659 est
3110 5610 3312 5662 autem
3340 5605 3491 5676 Tyri.
3523 5601 3680 5662 Suid.
