4036 6288
203 328 330 384 1133
1254 327 1831 387 ECCLESIASTICE

1922 329 2231 388 ISTORIIE
2267 331 2403 388 LIB.
2445 332 2535 387 VI.
3408 336 3542 392 1134

197 454 412 511 ὁπηνίκα
463 458 665 526 κοσμου
721 458 810 526 μὲν
863 457 975 517 ἔτος
1030 453 1220 526 ἐψξγς
1271 454 1372 508 ἀπὸ
1427 454 1486 509 δὲ
1545 464 1640 516 τῆς
1698 463 1836 513 τοῦλ

1914 458 2091 514 Severi
2132 474 2293 515 anno
2334 458 2575 530 incepit,
2611 458 2745 514 ﬁnis
2785 462 2985 515 autem
3036 460 3098 514 in
3146 460 3439 516 Valeriani
3488 467 3547 518 et

199 547 385 614 Κυρίου
454 545 594 606 θείας
657 550 939 615 γεννήσεως
1002 542 1372 598 διακοσιοστὸν
1440 550 1786 605 πεντηκοστὸν

1914 547 2119 603 ialieni
2152 547 2468 620 imperium
2496 547 2738 603 incidit:
2773 563 2934 603 anno
2965 564 3000 604 a
3031 549 3261 604 mundo
3304 551 3546 609 condito

195 628 372 703 ὄγδοον
404 631 712 707 ἐπεραίνετο.

1914 636 2217 708 [uinquies
2257 636 2575 692 millesimo
2602 637 3132 707 septingentesimo
3164 640 3544 709 sexagesimo

1896 726 2064 782 tertio
2116 726 2213 798 (l),
2265 742 2301 783 a
2339 726 2645 782 nativitate
2683 741 2824 782 vero
2870 725 3082 783 Christi
3133 726 3543 787 ducentesimo

1895 814 2399 887 quinquagesimo
2427 819 2658 871 octavo.

903 1265 1827 1384 ΝΙΚΗΦΟΡΟΥ
1903 1260 2796 1385 ΚΑΛΛΙΣΤΟΥ

1533 1491 1664 1539 ΤΟΥ
1698 1487 2205 1539 ΞΔΝΘΟΠΟΥΛΟΥ

799 1654 2154 1743 ΕΚΚΑΗΣΙΑΣΤΙΚΗΣ
2230 1654 2936 1744 ΙΣΤΟΡΙΑΣ

1613 1823 1978 1889 ΤΟΜΟΣ
2049 1818 2151 1902 ς’.

1090 2126 1891 2251 NICEPHORI
1983 2130 2152 2249 CA
2178 2130 2632 2252 LLISTI

1614 2354 2118 2432 XANTHOPULI

1174 2563 1977 2658 ECCLESIASTICJE
2033 2565 2527 2657 HISTORIJE

1704 2766 2007 2867 TOMUS
2051 2767 2142 2867 Vl

819 3143 1059 3193 ΚΕΦΑΛ.
1096 3135 1175 3194 A'.
1826 3140 1836 3195 Ι

2471 3142 2650 3215 339
2691 3145 2913 3200 CAPUT
2950 3144 2991 3199 1.

204 3242 653 3319 ΙΙροδιήγησις
706 3252 818 3297 τοῦ
847 3249 1071 3376 λτ’όᾈὶιου
1138 3243 1542 3318 ἁφηγουμένη
1597 3240 1796 3297 ἄδια-

888 3336 918 3376 η
987 3335 1146 3372 εται.

2186 3248 2474 3319 Praefatio
2496 3250 2637 3307 tomi
2664 3250 2917 3308 dicenda
2947 3266 3262 3320 exponens.

273 3424 330 3477 '0
379 3427 469 3498 μὶν
522 3420 591 3484 δὴ
650 3430 883 3499 πέμπτος
939 3427 1064 3498 ἡμῖν
1121 3426 1311 3497 τόμων,
1367 3421 1423 3475 ἐκ
1463 3431 1562 3475 τῶν
1593 3424 1796 3497 Ὠριγέ-

202 3533 320 3574 νους
376 3518 465 3567 καὶ
522 3521 631 3576 τοῖς
666 3519 784 3588 περὶ
841 3514 994 3566 αὐτὸν
1049 3516 1339 3585 γενομένοις
1376 3520 1448 3582 τῷ
1508 3512 1623 3564 κατ’
1670 3511 1797 3565 έκεῖ-

203 3624 286 3657 νον
309 3609 481 3677 χρόνῳ
535 3606 629 3667 τὰς
684 3603 806 3665 ὔλας
857 3612 951 3665 τῆς
1011 3603 1244 3676 ἱστορίας
1276 3604 1451 3662 ἱκανὰς
1480 3606 1793 3675 παρασχὼν,

204 3703 275 3766 τῷ
309 3696 498 3747 ἐκείνου
553 3693 684 3747 τέλει
735 3699 825 3746 καὶ
878 3692 1030 3754 αὐτὸς
1080 3691 1363 3763 καταλήγει
1392 3707 1405 3720 ·
1474 3695 1560 3743 τὸν
1614 3688 1665 3743 δ’
1713 3694 1798 3743 ἔκ-

202 3803 289 3837 τον
327 3802 417 3855 μοι
469 3780 536 3841 δὴ
589 3790 788 3851 τοῦτον,
821 3783 847 3835 ὁ
902 3788 1063 3855 μέγας
1111 3790 1206 3844 τῆς
1258 3776 1649 3855 Ἀλεξανδρείας
1683 3779 1797 3832 ἕπί-

204 3891 400 3934 σκοπος
457 3874 742 3938 Διονύσιος,
800 3870 873 3924 δι’
930 3872 998 3922 ὧν
1052 3869 1386 3922 καταλέλοιπε
1447 3870 1799 3942 συγγραμμά-

196 3982 319 4027 των,
372 3962 500 4026 ὗλας
553 3962 873 4036 ἁποχρὼσας
922 3968 984 4033 τῇ
1042 3962 1171 4032 μετὰ
1228 3966 1414 4031 χεῖρας
1463 3962 1800 4033 πραγματείᾳ

200 4049 437 4123 δαψιλῶς
492 4053 849 4126 χορηγούσας,
903 4055 1019 4112 ταῖς
1076 4045 1237 4109 ἰδίαις
1286 4052 1658 4105 συνεκπονήσει
1701 4069 1801 4120 φω-

196 4147 336 4203 ναῖς.
393 4146 554 4194 Δώσει
596 4147 870 4215 τοιγαροῦν
926 4141 993 4191 τὰ
1044 4140 1175 4211 μετὰ
1214 4141 1303 4189 τὸν
1356 4133 1589 4209 διωμγὸν
1638 4141 1801 4196 Σευή-

194 4249 320 4304 ραν,
370 4229 663 4302 Παξιμίνου
700 4247 755 4281 τε
805 4232 895 4280 καὶ
947 4230 1125 4280 Δεκίου
1179 4230 1487 4298 γεγενημένα
1518 4242 1531 4257 ·
1592 4225 1703 4277 ὃθεν
1748 4243 1803 4277 τε

190 4325 290 4373 καὶ
333 4326 573 4383 Nam;
633 4317 934 4394 ἀρξάμενος,
992 4324 1175 4376 καινῆς
1209 4317 1457 4389 αἱρέσεως
1503 4322 1602 4366 τῶν
1636 4317 1803 4368 Καθα-

188 4418 304 4484 ρῶν
359 4407 603 4481 ἀρχηγὸν
654 4406 835 4461 ἕαυτόν
884 4403 1076 4457 ἀνεῖπε.
1136 4408 1235 4457 Καὶ
1289 4406 1364 4455 ἔτι
1424 4406 1493 4465 ὡς
1555 4401 1805 4461 ἀπελήλα-

1977 3426 2231 3493 Quintus
2260 3427 2409 3484 liber
2424 3444 2518 3485 res
2549 3430 2837 3498 Origenis,
2863 3434 2920 3486 et
2940 3429 3089 3486 alias
3110 3434 3399 3501 praeterea
3415 3446 3552 3502 quas

1905 3522 2078 3572 astate
2124 3517 2253 3587 ejus
2278 3517 2566 3584 accidere,
2602 3519 2973 3589 complexus,
3013 3535 3133 3574 una
3184 3535 3321 3574 cum
3362 3524 3553 3575 morte

1907 3605 2035 3676 ejus
2078 3606 2259 3661 ﬁnem
2300 3622 2541 3678 quoque
2574 3624 2750 3662 suum
2791 3608 3038 3679 accepit.
3084 3609 3294 3663 Sextus
3326 3614 3551 3677 autem,

1906 3695 2009 3766 qui
2068 3694 2241 3750 nobis
2273 3701 2360 3750 est
2408 3696 2469 3751 in
2507 3697 2810 3762 manibus,
2853 3702 3275 3767 argumentum
3310 3696 3557 3753 habebit

1909 3798 2198 3853 magnum
2223 3783 2593 3839 Alexandriae
2618 3784 2966 3857 episcopum
3000 3785 3372 3856 Dionysium,
3415 3786 3556 3841 scri-

1908 3872 2023 3943 ptis
2057 3874 2185 3943 ejus
2232 3888 2365 3945 quae
2395 3880 2530 3944 post
2571 3889 2634 3929 se
2674 3873 2930 3945 reliquit,
2960 3889 3066 3945 per
3098 3874 3374 3945 proprias
3423 3875 3553 3944 ejus

1910 3977 2106 4027 voces,
2142 3961 2404 4016 materiai
2433 3961 2574 4017 satis
2601 3962 3148 4033 suppeditantibus.
3171 3962 3554 4033 Exponemus

1910 4066 2153 4122 quoque
2180 4050 2239 4104 in
2271 4066 2361 4115 eo,
2388 4066 2525 4122 quas
2555 4056 2689 4121 post
2720 4052 2935 4117 Severi,
2970 4052 3273 4107 Maximini
3314 4058 3370 4108 et
3401 4053 3555 4109 Decii

1911 4140 2372 4211 persecutiones,
2429 4140 2486 4195 in
2524 4139 2782 4196 Ecclesia
2830 4142 2944 4196 sint
2982 4146 3134 4197 acta.
3175 4139 3341 4196 Unde
3376 4142 3556 4198 etiam

1911 4229 2173 4287 Novatus
2191 4244 2559 4301 progressus,
2587 4230 2862 4302 seipsum
2876 4245 3046 4285 novae
3072 4230 3314 4285 haeresis
3346 4232 3556 4287 Catha-

1912 4333 2116 4374 rorum
2138 4318 2260 4372 sive
2275 4320 2561 4373 Purorum
2589 4318 2802 4373 ducem
2828 4318 3237 4390 promulgarit.
3270 4318 3559 4376 Praeterea

1914 4406 2222 4480 quomodo
2255 4407 2304 4461 is
2335 4407 2586 4477 rejectus
2616 4408 2708 4473 sit,
2742 4412 2796 4463 et
2835 4407 2912 4462 illi
2948 4408 3151 4479 potius
3180 4410 3281 4479 qui
3328 4410 3387 4464 in
3428 4424 3558 4480 per-

186 4517 311 4567 ται,
373 4503 463 4551 καὶ
518 4498 565 4549 οἱ
620 4497 675 4553 έν
725 4503 799 4569 τῷ
863 4490 1082 4566 διωγμῷ
1156 4495 1556 4566 παραπεσόντες,
1615 4492 1804 4565 μᾶλλον

1914 4497 2214 4553 secutione
2243 4494 2396 4567 lapsi
2427 4495 2676 4560 fuerant,
2706 4496 2764 4551 in
2792 4496 3114 4552 Ecclesiam
3143 4496 3379 4568 recepti.
3411 4498 3556 4554 Item

183 4582 527 4663 παραδοχῆς
583 4585 851 4648 ἠξίωνται.
882 4581 1000 4641 Ἔτι
1038 4577 1097 4635 δε
1134 4585 1224 4633 καὶ
1278 4586 1395 4655 περὶ
1426 4588 1517 4633 τοῦ
1564 4583 1695 4652 μετὰ
1718 4584 1805 4634 τὸν

184 4675 443 4750 διωγμὸν
496 4676 629 4728 θείου
688 4673 908 4748 λουτροῦ
939 4689 955 4703 ’
1029 4679 1128 4725 τῶν
1190 4689 1243 4723 τε
1314 4670 1475 4722 ἄλλων
1536 4672 1803 4745 αἱρέσεων.

182 4771 333 4841 Περί
372 4785 426 4819 τε
476 4773 576 4817 τῶν
635 4763 749 4816 κατ’
794 4765 1069 4834 Αἴγυπτον
1116 4764 1206 4814 καὶ
1258 4758 1609 4817 Παλαιστίνην
1658 4760 1808 4821 αὖθις

175 4865 311 4920 τοῖς
384 4854 641 4908 εἰσέπειτα
705 4848 1171 4926 διαπεπραγμένων
1226 4850 1515 4923 τυράννοις.
1575 4848 1678 4902 Καί
1732 4868 1809 4901 τι-

174 4966 297 4997 νων
364 4941 421 4998 δε
463 4944 687 5017 τεράτων
726 4941 1177 5013 ἐπιμνησθήσεται
1211 4958 1225 4971 ·
1278 4946 1381 4991 τῶν
1421 4956 1476 4989 τε
1534 4942 1804 4990 Διονυσίου

175 5033 512 5088 ἐπιστολῶν.
570 5034 704 5107 Πρὸς
755 5027 822 5088 δὴ
879 5032 1078 5089 τούτοις
1126 5032 1244 5100 περί
1294 5046 1348 5079 τε
1392 5030 1649 5091 Νέπωτος,
1719 5030 1808 5079 καὶ

171 5131 290 5176 τοῦ
332 5125 413 5176 ηἱκ
465 5128 780 5195 Σαμοσάτων
826 5118 1052 5182 Παύλου,
1089 5121 1178 5169 καὶ
1231 5123 1325 5177 τῆς
1357 5112 1657 5188 ἑτεροδόξου
1707 5124 1806 5168 τῶν

173 5216 522 5284 Μανιχαίων
567 5208 913 5282 διαστροφῆς.
970 5213 1072 5261 Καὶ
1125 5204 1266 5267 τέλος
1321 5209 1438 5277 περὶ
1489 5212 1588 5256 τῶν
1643 5224 1759 5263 τηνι
1791 5221 1803 5234 ’

170 5309 381 5355 καῦτα
435 5298 832 5375 διαπρεψάντων
897 5300 1041 5350 θείων
1095 5290 1299 5370 ἀνδρῶν
1353 5290 1686 5364 διαλήψεται,
1761 5294 1810 5347 οῖ

168 5396 289 5445 καὶ
329 5392 467 5466 ἄχρι
508 5399 603 5453 τῆς
647 5391 784 5443 κατὰ
813 5387 1175 5445 Διοκλητιανὸν
1222 5389 1311 5436 καὶ
1357 5382 1680 5455 Μαξιμιανὸν
1710 5391 1809 5436 τῶν

166 5480 330 5541 ἓκλη
342 5490 466 5534 σιῶν
490 5480 791 5553 πολιορκίας
809 5480 1140 5554 παρέμειναν.
1170 5471 1431 5547 Ἃρξομαι
1458 5468 1517 5525 δὲ
1549 5472 1791 5527 ἐντεῦθεν.

271 5617 367 5692 (1)
410 5616 750 5675 Secundum
772 5614 1086 5680 chronicos
1114 5615 1353 5670 nostros
1367 5610 1525 5669 4236.

1913 4585 1988 4641 de
2026 4585 2230 4640 divino
2267 4583 2527 4649 lavacro,
2552 4585 2719 4657 quod
2745 4585 3016 4640 nonnulli
3048 4592 3179 4656 post
3201 4586 3559 4657 persecutio-

1915 4690 2051 4729 nem
2106 4673 2488 4737 inducebant,
2534 4680 2590 4728 et
2635 4676 2709 4729 de
2757 4674 2869 4729 illis
2908 4674 3253 4729 haeresibus.
3285 4678 3427 4730 Item
3485 4676 3559 4730 de

1916 4768 2309 4834 tyrannorum
2334 4763 2565 4833 Egypti
2587 4769 2642 4817 et
2663 4764 2983 4818 Palmstinaa
3010 4763 3180 4819 actis.
3200 4763 3558 4820 Mentionem

1915 4866 2157 4924 quoque
2177 4850 2466 4906 faciemus
2492 4852 2897 4921 quorumdam
2930 4851 3337 4922 prodigiorum
3373 4870 3388 4921 ;
3416 4852 3557 4909 item

1919 4940 2183 5012 Dionysii
2206 4938 2594 5010 epistolarum
2611 4958 2621 4994 :
2641 4939 2867 4995 adhaec.
2883 4941 3144 5011 Nepotis,
3172 4940 3335 4995 Pauli
3360 4942 3564 4997 Samo-

1917 5029 2128 5095 sateni,
2162 5033 2216 5084 et
2244 5044 2539 5099 perversaa
2557 5028 3013 5085 Manichazorum
3031 5028 3352 5100 opinionis.
3386 5029 3565 5101 39o

1918 5118 2223 5172 Postremo
2251 5116 2485 5171 divinos
2517 5116 2958 5171 recensebimus
2992 5117 3162 5182 viros,
3190 5118 3293 5188 qui
3319 5133 3390 5172 ea
3423 5125 3565 5172 tem-

1920 5210 2145 5277 pestate
2164 5205 2439 5276 usquead
2456 5204 2884 5260 Diocletianum
2909 5212 2964 5260 et
2999 5206 3442 5272 Maximianum,
3459 5206 3566 5277 qui

1919 5294 2165 5366 quidem
2204 5292 2589 5349 acerbissime
2641 5292 2922 5349 ecclesias
2958 5299 3413 5365 oppugnarunt,
3447 5295 3567 5352 eni-

1920 5389 2102 5439 tuere.
2137 5382 2371 5439 Initium
2399 5387 2599 5441 autem
2631 5382 2768 5439 inde
2799 5383 3182 5441 sumendum.
