4036 6288
619 345 756 402 1135

1264 469 1489 528 CAPUT
1527 470 1598 525 II.

599 577 671 634 Ut
693 577 972 648 episcopi,
1003 578 1105 648 qui
1130 583 1255 633 tum
1287 575 1544 634 ecclesiis
1580 576 1978 648 praefuerunt,
2009 588 2102 630 eos
2136 574 2240 644 qui

663 646 771 704 sub
801 649 974 704 Decio
1011 646 1081 704 in
1125 650 1532 718 persecutione
1581 647 1734 715 lapsi
1788 646 2054 718 fuerant,
2109 653 2239 714 post

651 722 884 790 justam
905 717 1314 790 paenitentiam
1340 720 1405 774 in
1431 718 1760 776 Ecclesiam
1789 717 2140 786 receperint.

655 827 718 882 In
777 827 1309 898 persecutionibus,
1369 843 1520 899 quas
1573 824 2009 894 recensuimus,
2070 821 2238 878 multi

588 915 1055 973 Christianorum
1097 916 1322 973 fortiter
1346 931 1451 988 per
1480 914 1770 985 martyria
1797 929 1934 968 cum
1965 911 2236 968 hostibus

585 1007 911 1075 congressi,
925 1006 1198 1062 debitum
1215 1006 1474 1062 victoriae
1488 1004 1806 1076 praemium
1832 1005 2234 1074 reportarunt.

587 1093 828 1150 Plurimi
877 1100 1035 1150 etam
1077 1101 1320 1167 propter
1367 1093 1712 1150 animorum
1766 1091 2234 1156 imbecilitatem,

583 1181 828 1239 obviam
860 1184 1106 1256 quidem
1152 1184 1232 1239 illi
1282 1182 1558 1255 periculis
1608 1187 1745 1236 sunt
1775 1180 2096 1253 progressi,
2130 1179 2234 1234 sed

582 1287 722 1327 cum
751 1288 822 1327 ea
850 1272 1110 1343 perferre
1141 1288 1260 1329 non
1293 1276 1559 1344 possent,
1588 1269 1769 1326 simul
1785 1268 2032 1325 etidolis
2059 1269 2235 1324 sacri-

581 1360 857 1427 ﬁcarunt,
899 1367 955 1417 et
1001 1378 1158 1417 verte
1213 1361 1452 1432 pietatis
1497 1360 1725 1416 cultum
1780 1359 2154 1428 abjurarunt.
2196 1356 2235 1412 li

581 1465 744 1518 vero,
765 1452 1195 1521 persecutionis
1213 1457 1378 1506 motu
1394 1456 1446 1506 et
1463 1465 1734 1506 (erumna
1747 1448 2229 1520 conquiescente,

583 1554 722 1594 cum
766 1539 826 1594 in
876 1539 1091 1595 animis
1117 1555 1322 1595 secum
1350 1540 1462 1610 ipsi
1501 1539 1623 1594 suis
1669 1553 1939 1609 quonam
1983 1536 2234 1591 miserias

583 1627 937 1684 calamitatis
986 1629 1420 1700 pervenissent,
1476 1627 1928 1700 perpenderent,
1977 1624 2234 1694 graviter

582 1715 817 1773 afﬂictis
869 1717 1193 1772 vehemens
1253 1719 1494 1773 incessit
1539 1716 1712 1772 dolor
1757 1722 1813 1771 et
1864 1713 2230 1787 paenitentia.

585 1809 790 1878 Itaque
822 1806 900 1861 ad
943 1806 1332 1862 ecclesiarum
1363 1806 1496 1876 ejus
1538 1805 1820 1876 temporis
1853 1803 2141 1859 antistites
2172 1819 2234 1858 se

583 1897 979 1960 contulerunt,
1011 1895 1295 1966 poenitere
1332 1911 1393 1950 se
1425 1899 1604 1966 atque
1635 1893 2007 1965 resipiscere,
2053 1908 2232 1964 para-

582 1987 796 2055 tosque
827 2000 958 2039 esse
985 1984 1281 2058 quidquid
1310 1985 1423 2039 illis
1465 1984 1824 2054 imperatum
1857 1997 1986 2037 esse
2017 1980 2230 2048 facere,

581 2073 946 2144 proﬁtentes.
984 2076 1160 2129 Porro
1190 2073 1373 2129 divini
1417 2072 1497 2128 illi
1538 2072 1669 2136 viri,
1710 2071 2146 2127 humanitatem
2177 2077 2235 2126 et

581 2161 959 2217 clementiam
991 2164 1088 2218 Dei
1118 2163 1348 2231 imitati,
1390 2177 1512 2217 non
1542 2166 1784 2232 gravate
1817 2175 1922 2215 eos
1953 2175 2233 2231 suscepe-

583 2257 723 2305 runt
779 2257 833 2306 et
891 2251 1183 2322 complexi
1237 2257 1396 2316 sunt,
1453 2257 1509 2306 et
1558 2267 1693 2305 cum
1744 2249 2010 2318 legitima
2053 2254 2234 2320 atque

581 2341 940 2410 competenti
974 2341 1323 2410 poenitentia
1351 2340 1631 2395 invitatos
1651 2340 1711 2393 in
1739 2338 2060 2394 Ecclesiam
2101 2353 2233 2408 pro-

580 2428 900 2494 duxerunt,
941 2433 1067 2484 tum
1107 2433 1374 2499 tempore
1405 2444 1648 2500 quoque
1681 2443 1792 2483 suo
1826 2425 2142 2482 stationem
2177 2429 2234 2480 et

579 2517 780 2573 locum
794 2519 878 2572 eis
901 2517 1051 2572 inter
1064 2517 1269 2572 ﬁdeles
1287 2518 1387 2588 (l),
1409 2516 1834 2572 interveniente
1848 2515 2232 2571 solummodo

582 2606 872 2671 oratione,
890 2622 1009 2661 una
1023 2622 1158 2660 cum
1178 2622 1467 2662 manuum
1486 2605 1892 2677 impositione,
1907 2604 2228 2660 dederunt:

579 2695 642 2751 id
690 2695 855 2767 quod
894 2696 973 2751 ita
1033 2711 1104 2750 ex
1155 2694 1587 2750 consuetudine
1623 2693 1806 2763 longa
1860 2693 1921 2748 in
1977 2692 2235 2748 Ecclesia

581 2783 1030 2839 observabatur.
1066 2785 1258 2849 Quam
1301 2783 1798 2840 consuetudinem
1839 2781 2072 2853 primus
2124 2782 2236 2854 Cy-

1930 338 2317 396 NICEPHORI
2355 339 2670 396 CALLISTI
3751 347 3833 402 H36

3003 469 3245 519 ΚΕΦΔΛ.
3287 462 3366 520 B'.

2348 570 2450 634 Ὠς
2499 574 2562 625 οἱ
2607 576 2751 625 τότε
2801 581 2918 625 τῶν
2966 571 3324 645 ἐκκλησίῶν
3361 573 3635 645 ἡγεμόνες
3666 578 3838 637 τούςὶν

2425 652 2510 718 τῶ
2541 647 2708 718 κατά
2737 649 2955 698 Δέκιον
2987 640 3254 716 διωγμῷ
3292 640 3732 717 παραπεσόντας
3757 651 3838 718 μετ’

2421 715 2767 788 ἀξιολόγου
2819 715 3173 788 μετανοίας
3204 715 3559 789 προσίεντο.

2421 823 2625 876 Πολλῶν
2687 826 2736 876 έν
2791 832 2897 885 τοῖς
2949 821 3300 896 προλαϐοῦσιν
3359 819 3394 875 δ
3399 831 3609 896 ιγωμοίς,
3663 833 3738 876 τῶν

2345 921 2586 984 γεννικῶς
2652 914 3110 989 παραταξαμένων,
3191 915 3278 965 καὶ
3338 915 3396 964 τὸ
3448 921 3532 972 τῆς
3575 918 3697 975 νίκης
3750 911 3843 986 βρε-

2347 1001 2479 1055 ϐεῖον
2517 1004 2950 1078 κληρωσαμένων,
3009 1009 3108 1053 τῶν
3148 998 3208 1053 δὲ
3252 1005 3342 1054 καὶ
3396 1001 3624 1054 πλείστων
3664 1000 3720 1073 τῷ
3745 1005 3844 1073 ἀγεν-

2344 1097 2417 1142 νεῖ
2467 1099 2556 1152 τῆς
2610 1091 2794 1164 ψυχῆς
2854 1092 3014 1162 ὁμόσε
3071 1093 3160 1162 μὲν
3215 1097 3325 1151 τοῖς
3396 1085 3631 1150 κινδύνοις
3677 1095 3844 1162 χωρούν-

2342 1198 2464 1246 των,
2524 1179 2617 1232 ούκ
2665 1180 2884 1233 εἰσάπαν
2938 1175 2998 1232 δε
3050 1198 3215 1252 φερειν
3267 1179 3387 1231 οἴων
3415 1197 3468 1231 τε
3502 1183 3654 1240 ὄντων,
3697 1185 3763 1231 καὶ
3785 1175 3845 1232 διὰ

2341 1276 2494 1322 τοῦτο
2549 1269 2881 1338 έπιθυόντων,
2929 1273 3021 1341 καὶ
3077 1272 3134 1320 τό
3194 1270 3326 1321 θεῖον
3384 1267 3526 1328 σέϐας
3561 1268 3841 1340 ἓξομνυμένυν,

2340 1356 2670 1429 λωφήσαντος
2711 1365 2803 1410 τοῦ
2847 1353 3036 1421 δεινοῦ,
3097 1357 3152 1409 οἵ
3201 1363 3368 1408 κακοῦ
3415 1361 3620 1427 γένοιντο
3669 1352 3841 1424 dir/viv-

2341 1466 2439 1512 τες,
2493 1444 2673 1509 δεινῶς
2725 1466 2778 1500 τε
2830 1445 3160 1512 ἔπληττοντο,
3213 1451 3302 1498 καὶ
3357 1445 3519 1516 πολλῷ
3574 1446 3761 1519 ἐχρῶντο
3799 1454 3844 1515 τῷ

2341 1537 2625 1609 μεταμέλῳ.
2680 1535 2852 1590 Ἔνθεν
2908 1555 2989 1588 τοι
3037 1542 3126 1588 καὶ
3179 1544 3282 1596 τοίς
3337 1531 3574 1594 τηνικὰδὲ
3611 1554 3695 1587 των
3725 1533 3846 1591 fulu-

2345 1635 2468 1678 σιῶν
2515 1627 2741 1698 ἡγεμόσι
2780 1629 3102 1698 προσιόντες,
3153 1632 3414 1697 μετανοεῖν
3469 1626 3643 1696 ἔλεγον,
3687 1629 3754 1676 καὶ
3780 1629 3846 1674 πᾶν

2340 1717 2510 1767 ὁτιοῦν
2553 1716 2795 1789 πράττειν
2846 1713 2896 1766 έν
2938 1714 3126 1786 ἑτοίμῳ
3183 1717 3326 1786 ἔχειν
3372 1716 3572 1767 ἀνύσαι.
3611 1715 3764 1784 Οἱ
3789 1708 3845 1764 οὖν

2343 1813 2476 1859 Θεοῦ
2541 1805 2925 1878 φιλανθρωπίαν
2999 1807 3331 1877 μιμούμενοι,
3377 1808 3466 1856 καὶ
3528 1807 3721 1875 γνησίως
3756 1802 3847 1873 μελε

2339 1897 2612 1965 προσίεντο
2663 1898 2752 1946 καὶ
2804 1893 3107 1954 ἠσπάζοντο
3141 1911 3154 1924 °
3209 1899 3300 1946 καὶ
3354 1893 3578 1965 ἀναλόγῳ
3639 1899 3691 1964 τῇ
3745 1910 3848 1964 μετε-

2339 1987 2454 2054 νοίᾳ
2501 1982 2892 2035 εἰσεκαλοῦντο·
2937 1988 3028 2035 καὶ
3087 1985 3224 2035 κατά
3279 1985 3363 2035 τὸν
3430 1986 3727 2055 προσήκοντα
3768 1985 3848 2052 χρό-

2339 2089 2422 2122 νον
2475 2075 2566 2123 καὶ
2630 2079 2726 2132 τῆς
2768 2073 2900 2144 μετά
2950 2079 3048 2123 τῶν
3101 2079 3302 2124 πιστῶν
3372 2073 3595 2133 στάσεως
3644 2069 3843 2131 atmiis»

2338 2167 2399 2232 τῇ
2434 2155 2529 2212 διὰ
2579 2163 2768 2234 χειρὸς
2813 2179 2940 2236 μονη
2997 2161 3156 2234 εὐχῇ.
3200 2159 3350 2221 Ἐθος
3392 2160 3533 2214 τοῦθ’
3567 2159 3617 2211 έκ
3640 2157 3845 2233 μακροῦὴ

2341 2246 2626 2320 Ἐκκλησίᾲ
2685 2253 2986 2322 μεμενηκὸς,
3053 2252 3079 2302 ὃ
3139 2246 3207 2308 δὴ
3258 2257 3464 2322 πρῶτος
3545 2251 3784 2321 Κυπριανὸς
3829 2248 3843 2294 ὁ

2339 2345 2435 2399 τῆς
2503 2333 2886 2409 Καρχηδονίων
2936 2342 3132 2410 ποιμὴν
3205 2337 3520 2390 ἐναλλάττειν
3599 2341 3706 2408 ᾤετο
3754 2332 3843 2386 δεῖν·

2339 2431 2431 2477 καὶ
2483 2423 2612 2498 μηδ’
2663 2426 2824 2488 ἄλλως
2869 2429 2900 2487 ἦ
2935 2424 3031 2480 διά
3083 2427 3302 2500 λουτροῦ
3363 2433 3459 2486 τὴν
3513 2426 3686 2484 πλάνην
3725 2423 3841 2475 ἀπαε-

2344 2517 2698 2589 θαιρομένους,
2755 2521 2844 2568 καὶ
2895 2519 3015 2578 τοὺς
3069 2515 3124 2578 ἐξ
3177 2513 3630 2573 όποιασδηποτοῦν
3685 2516 3838 2586 αἱρέσεις

2340 2608 2656 2678 προσιόντας
2695 2601 3063 2677 εἰσδέχεσθαι.
3097 2610 3196 2658 Καὶ
3225 2607 3276 2657 οἰ
3323 2607 3415 2677 μὲν
3443 2605 3596 2666 οὕτως
3624 2601 3741 2674 εἶχον
3765 2619 3831 2649 ἀ

2340 2694 2672 2751 καθεκοίστην
2765 2689 2928 2756 ἀδεῶς
3005 2698 3127 2757 τοὺς
3219 2691 3538 2753 ὀθενδήποτε
3628 2707 3835 2767 προσιόντες

2345 2781 2578 2854 ἀσμένως
2604 2778 2869 2854 ἐδέχοντο.

579 2871 830 2944 prianus
853 2871 1340 2942 Carthaginensis
1368 2877 1573 2943 pastor
1599 2870 1954 2927 mutandam
1983 2886 2115 2925 esse
2137 2869 2367 2926 censuit
2405 2870 2505 2942 (2),
2552 2887 2674 2926 non
2702 2871 2870 2928 aliter
2900 2875 2959 2926 et
2990 2871 3216 2944 lapsos,
3265 2887 3458 2945 quam
3488 2887 3589 2944 per
3635 2870 3838 2926 lavacrum

579 2959 959 3031 exipiandos,
993 2966 1050 3015 et
1079 2976 1475 3033 quoscunque
1501 2976 1575 3016 ex
1605 2959 2015 3032 qualicunque
2053 2958 2271 3014 heresi
2299 2960 2738 3030 resipiscentes,
2781 2959 3188 3016 admittendos
3212 2976 3342 3016 esse
3381 2961 3702 3017 arbitratus.
3722 2960 3829 3026 Atque

583 3049 974 3105 ecclesiarum
1004 3049 1250 3121 quidem
1291 3049 1557 3122 episcopi
1590 3050 1670 3105 ita
1723 3064 1787 3104 se
1831 3048 2139 3119 gerebant,
2179 3053 2236 3104 et
2274 3048 2538 3121 quotidie
2569 3049 2887 3122 propalam
2925 3049 3285 3122 perlibenter
3328 3062 3708 3122 quoscunque
3725 3056 3824 3101 mret-

586 3142 775 3194 tentes
807 3138 1238 3209 suscipiebant.

1129 3262 1302 3334 391
1349 3263 1570 3319 CAPUT
1602 3262 1695 3318 111.

581 3371 668 3428 De
695 3369 931 3442 impuro
960 3370 1212 3436 Novato,
1238 3370 1528 3442 rebusque
1556 3371 1684 3442 ejus
1712 3370 2004 3435 narratio,
2021 3374 2076 3426 et
2100 3383 2232 3441 quae

1082 3445 1209 3512 ejus
1227 3443 1421 3511 fuerit
1449 3441 1745 3498 doctrina.
2070 3465 2078 3473 -

653 3551 856 3606 Romae
883 3552 1085 3604 autem
1114 3548 1198 3603 eis
1230 3547 1603 3620 temporibus
1628 3546 1939 3620 presbyter
1969 3553 2094 3603 erat
2116 3549 2232 3604 No-

579 3642 758 3694 vatus
791 3637 1053 3693 nomine.
1085 3640 1137 3692 ls
1175 3637 1332 3692 fastu
1361 3643 1416 3692 et
1433 3637 1727 3708 jactantia
1748 3637 1911 3692 inani
1936 3635 2228 3703 sublatus,

575 3743 822 3783 omnem
863 3728 947 3796 (ut
980 3728 1038 3781 in
1070 3726 1389 3798 proverbio
1419 3727 1527 3797 est)
1559 3732 1828 3782 moverat
1851 3726 2134 3797 lapidem,
2168 3730 2233 3781 ut

573 3818 860 3871 Romanae
901 3815 1174 3870 Ecclesiae
1215 3815 1714 3884 gubernationem
1745 3821 2228 3886 consequeretur.

576 3905 684 3962 Ubi
731 3910 932 3960 autem
963 3905 1170 3960 omnia
1216 3909 1512 3976 expertus,
1549 3904 1697 3960 nihil
1725 3905 1847 3974 egit
1883 3904 2032 3975 (erat
2069 3903 2228 3958 enim

577 3998 829 4057 tumore,
859 3992 1209 4058 ambitione,
1242 3997 1298 4048 et
1337 3993 1541 4062 glorias
1581 3993 1902 4064 cupiditate
1932 3994 2233 4048 immensa

573 4082 928 4153 correptus),
973 4082 1030 4137 in
1090 4082 1568 4152 desperationem
1617 4082 1866 4137 incidit:
1903 4087 1958 4137 et
1988 4081 2232 4138 tandem

575 4171 733 4228 aliud
784 4170 950 4243 quod
997 4170 1219 4226 faceret
1272 4186 1394 4226 non
1421 4171 1672 4238 habens,
1704 4170 1782 4225 ab
1834 4169 2091 4226 Ecclesia
2138 4186 2233 4226 se-

573 4260 774 4331 ipsum
807 4275 1151 4330 segregans,
1168 4261 1442 4330 proprios
1461 4263 1647 4314 coetus
1672 4273 1904 4327 cogere,
1936 4265 2232 4316 etnovam

572 4350 910 4421 quamdam
933 4347 1212 4403 haeresim
1240 4364 1345 4418 per
1366 4347 1762 4403 defectionem
1786 4349 2094 4403 instituere
2119 4365 2232 4404 cce-

572 4444 658 4510 ptt
699 4437 1089 4493 :secessionis
1135 4452 1258 4491 suae
1307 4436 1618 4492 obtentum
1662 4435 1827 4492 illum
1875 4443 2228 4509 praetexens.

573 4527 740 4600 quod
781 4526 1050 4597 episcopi
1095 4541 1199 4581 eos
1239 4526 1344 4597 qui
1379 4526 1634 4582 Deciana
1673 4527 2084 4596 persecutione
2118 4525 2230 4581 diis

575 4616 1034 4679 sacriﬁcassent,
1065 4629 1169 4686 per
1195 4614 1560 4684 condignam
1577 4615 1990 4686 paenitentiam
2013 4615 2072 4670 in
2096 4631 2233 4684 gra-
2263 4607 2309 4664 D

573 4705 718 4761 tiam
749 4704 1130 4775 recepissent.
1179 4704 1348 4759 Brevi
1394 4719 1540 4760 sane
1599 4710 1865 4774 tempore
1923 4704 2231 4776 permultis

574 4794 858 4859 seductis,
892 4809 1070 4849 suum
1110 4792 1226 4849 sibi
1277 4794 1580 4848 constituit
1619 4793 2140 4852 conventiculum:
2175 4799 2234 4850 et

574 4899 785 4939 eorum
829 4883 932 4954 qui
989 4887 1233 4953 propter
1275 4881 1476 4938 sordes
1527 4880 1763 4938 Cathari
1805 4882 1926 4938 sive
1973 4884 2104 4953 puri
2151 4883 2229 4954 (3)

573 4971 989 5040 nominantur,
1023 4970 1239 5026 ducem
1263 4986 1327 5026 se
1355 4969 1510 5027 fecit.
1543 4971 1690 5026 Cum
1711 4973 1912 5027 autem
1943 4987 2080 5027 eum
2111 4973 2232 5044 epi-

675 5099 728 5166 1)
762 5095 1181 5164 Exomologesi
1224 5100 1465 5166 peracta
1489 5094 1729 5151 scilicet.

675 5099 695 5150 l
762 5099 1181 5164 Exomologesi
1224 5100 1465 5166 peracta
1489 5099 1729 5151 scilicet.

647 5099 981 5240 l2lPlacuit
1009 5167 1124 5222 hoc
1153 5169 1334 5224 etiam
1357 5167 1655 5238 plerisque
1681 5166 1966 5240 omnibus
1997 5167 2226 5233 Africae,

577 5238 892 5303 Numidiae,
933 5240 1416 5310 Mauritaniaeque
1465 5239 1748 5310 epicopis.
1800 5239 2008 5310 Ipsum
2041 5241 2228 5310 etiam

577 5255 892 5303 ﬂuminum,
933 5255 1416 5310 mauritamaeque
1465 5255 1494 5293 e
1542 5255 1748 5310 icopis.
1800 5255 2008 5310 ipsum
2049 5255 2226 5295 etiam

576 5311 819 5367 beatum
845 5311 1128 5365 Hilarium
1149 5310 1475 5380 aliquando
1499 5255 1680 5380 Eujus
1697 5309 2004 5366 sententiae
2025 5309 2226 5376 fuisse,

580 5388 641 5437 ut
681 5382 758 5438 ab
781 5382 1018 5454 ,Arianis
1045 5381 1372 5454 baptizatos
1393 5397 1511 5436 non
1541 5381 1847 5454 reciperet,
1876 5382 1991 5454 nisi
2021 5398 2228 5454 rursus

579 5454 657 5508 ab
686 5453 1032 5509 orthodoxis
1061 5451 1526 5523 baptizarentur,
1570 5451 1771 5523 palam
1805 5453 2008 5507 scribit
2033 5453 2222 5509 Hiero

575 5539 820 5596 nymus.
853 5525 940 5579 Ab
970 5524 1084 5596 hoc
1121 5524 1403 5596 dogmate
1436 5524 1610 5596 hodie
1639 5524 2224 5596 dissentitiEcclesia,

579 5594 1025 5668 etiterationem
1059 5595 1342 5668 baptismi
1377 5594 1695 5665 prohibent
1722 5595 2064 5668 imperiales
2091 5612 2227 5652 con-

573 5665 925 5727 stitutiones.
967 5669 1083 5724 Nec
1124 5665 1265 5724 satis
1296 5670 1454 5723 esset
1482 5671 1681 5724 tutum
1712 5665 1850 5725 eam
1883 5667 2113 5741 aperire
2150 5668 2227 5726 de

2971 3227 3224 3319 πω.
3256 3260 3335 3320 r'.

2342 3372 2497 3443 Περὶ
2534 3371 2838 3443 Ναυοίτου
2877 3377 2989 3423 τοῦ
3045 3369 3604 3443 ἀκαθάρτουπκαὶ
3638 3359 3841 3443 tingui

2412 3435 2602 3495 αὐτόν
2667 3439 2991 3512 διήγησις
3045 3458 3059 3472 ⁶
3135 3435 3275 3496 καὶ’
3317 3447 3383 3496 τί
3433 3435 3802 3513 ⁷ἔδογριοὶτιζι-

2412 3547 2507 3601 Ἦν
2561 3544 2621 3601 δί
2667 3567 2748 3609 τις
2800 3548 2916 3602 κατ’
2973 3546 3132 3602 έκεῖνο
3184 3556 3376 3623 καιροῦ
3423 3557 3486 3623 τῇ
3530 3549 3681 3620 Ῥώμῃ
3717 3540 3844 3610 διατρί’

2341 3636 2441 3691 ϐων
2495 3636 2839 3712 πρεσϐύτερος
2867 3677 2879 3689 .
2940 3644 3180 3700 Ναυᾶτος
3232 3639 3397 3710 ὄνομα
3449 3647 3524 3710 τῷ
3565 3633 3732 3709 ἀνδρί·
3757 3631 3840 3684 οὔτις

2340 3731 2507 3780 τοίνυν
2593 3730 2736 3798 τύφῳ
2834 3733 2922 3780 καὶ
3001 3725 3224 3799 διακένῳ
3310 3730 3611 3801 φρυάγματι
3669 3722 3835 3794 ἔπαρσάς.

2339 3819 2512 3870 πάντα
2563 3816 2752 3884 κοίλων,
2814 3820 2873 3870 τὸ
2924 3824 3017 3870 τοῦ
3067 3817 3246 3888 λόγου,
3301 3815 3462 3871 έκίνει
3513 3824 3600 3878 τῆς
3641 3813 3748 3867 κατὰ
3775 3808 3840 3860 Ῥε-

2339 3925 2442 3978 μην
2492 3905 2806 3967 Ἐκκλησίας
2845 3907 3177 3976 ἡγήσασθαι.
3241 3905 3385 3959 Ἐπεὶ
3446 3902 3504 3959 δε
3549 3907 3698 3958 πάντα
3748 3897 3844 3968 κρέε-

2338 4015 2439 4047 των
2485 4003 2577 4047 τοῦ
2622 4002 2822 4048 σκοποῦ
2879 3991 3224 4069 διημάρτανε,
3280 3997 3428 4068 τύφῳ
3473 3996 3569 4070 γὰρ
3612 3996 3689 4046 καὶ
3711 3981 3843 4061 φιλοδν

2340 4083 2450 4146 ξίας
2501 4086 2648 4156 ἔρωτι
2701 4082 2906 4157 ἀμέτρῳ
2967 4085 3296 4157 κατάσχετος
3349 4085 3441 4150 ῶν,
3497 4085 3566 4146 εἰς
3614 4080 3843 4148 κατάγουσα

2336 4175 2614 4244 προῦκειτο
2648 4189 2661 4203 ⁸
2730 4173 2870 4235 τέλος
2917 4178 2988 4245 μή
3044 4193 3097 4226 τι
3152 4175 3402 4248 πράττειν
3464 4176 3616 4246 ἔχων,
3661 4177 3735 4229 τῆς
3768 4161 3841 4217 ’Βι-

2338 4261 2563 4323 κλησίας
2627 4261 2809 4314 ἑαυτὸν
2856 4259 3176 4337 ἀπορρήξας,
3238 4259 3356 4335 ἰδίᾳ
3406 4262 3673 4320 ἆκκλησίαν
3705 4261 3842 4319 συνῆγεν

2337 4356 2428 4404 καὶ
2483 4355 2666 4410 καινήν
2710 4370 2826 4404 τινα
2876 4351 3287 4428 ἐπικαινουργείν
3348 4352 3548 4426 αἵρεσιν
3601 4346 3738 4408 ἤθελε.
3770 4338 3843 4410 πρό·

2341 4459 2534 4512 σχημα
2589 4436 2745 4499 δῆθεν
2808 4442 2944 4513 ἔχων
2999 4449 3096 4502 τῆς
3161 4437 3518 4506 διαστάσεως,
3587 4440 3732 4508 ὅτιπερ
3772 4433 3843 4482 τσὺς

2339 4527 2690 4591 έπιθύσαντας
2740 4531 2790 4581 ἂν
2841 4537 2914 4601 τῷ
2957 4532 3094 4584 κατά
3144 4534 3318 4584 Δέκιον
3374 4527 3596 4603 διωγμῷ
3638 4523 3714 4578 διὰ
3749 4534 3842 4590 id?"

2338 4623 2472 4680 νοίας
2526 4618 2801 4690 ἀξιολόγου
2853 4623 3152 4693 προσίεντο.
3182 4621 3272 4676 Ἐν
3323 4619 3482 4692 ὀλίγῳ
3515 4617 3573 4673 δί
3620 4619 3748 4686 adp.)
3766 4604 3836 4658 πὶ.

2338 4707 2458 4769 λούς
2499 4706 2799 4778 ἀπατήσας,
2867 4709 2949 4780 ὑφ’
3005 4707 3185 4762 ἑαυτὸν
3240 4713 3463 4767 συνίστη
3527 4702 3752 4778 συνέδρια
3784 4693 3833 4742 πεί

2340 4805 2438 4849 τῶν
2514 4794 2608 4850 διὰ
2668 4796 2927 4872 ῥυπαρίαν
3001 4800 3252 4873 Καθαρῶν
3335 4799 3703 4870 ὀνομασθέντων
3747 4784 3838 4873 εξε-

2341 4905 2500 4939 στατο
2551 4871 2808 4960 ἀρχὴγός.
2865 4885 3005 4940 Ἐπεὶ
3071 4871 3260 4940 δεκαὶ
3311 4895 3407 4949 τῆς
3457 4889 3517 4939 εκ
3554 4883 3714 4938 πολλοῦ
3754 4871 3843 4946 fit“

2342 4977 2622 5048 ἱερωσύνης
2679 4975 2822 5047 αὐτῷ
2859 4980 3097 5049 μετέχειν
3154 4976 3338 5049 έχρῆν,
3372 4973 3472 5030 δύο
3523 4983 3618 5028 τῶν
3657 4962 3846 5025 rami”

2340 5101 2524 5155 sacris
2548 5100 2921 5156 caeremoniis
2949 5099 3292 5166 fenestram,
3328 5106 3386 5157 ut
3419 5086 3841 5166 sacerdoti!!!le

2339 5171 2486 5244 nihil
2512 5186 2687 5244 agere
2724 5171 3022 5227 credatur.
3048 5173 3240 5244 Quam
3265 5165 3606 5244 opinionem
3629 5165 3839 5244 oblitine:e

2339 5238 2673 5302 Donatistis.
2703 5245 2810 5298 sed
2839 5245 3000 5298 enim
3018 5244 3078 5298 in
3096 5238 3344 5299 Polonia
3372 5258 3535 5299 nunc
3563 5238 3839 5311 ιιιιοιξιιθθβΡ

2341 5315 2526 5386 scopi,
2548 5313 2829 5370 homines
2843 5314 2921 5370 ab
2944 5314 3341 5386 Orientalibus
3362 5309 3742 5386 sacerdotibus
3755 5311 3836 5386 ‘1???

2339 5385 2424 5440 les
2449 5375 2594 5440 sunt
2631 5385 2690 5440 in
2722 5385 3014 5442 Moscovia
3065 5392 3122 5442 et
3151 5387 3360 5442 Russia
3388 5383 3552 5441 omni
3601 5375 3834 5449 baptizata!

2340 5455 2540 5528 denuo
2598 5456 2852 5528 tingunt,
2904 5456 3017 5513 illis
3046 5456 3295 5528 adjectis
3353 5455 3566 5528 verbis,
3615 5452 3676 5508 Si

2341 5518 2718 5670 gggttgatus.‘
2727 5518 2902 5584 Adfui
2939 5530 3072 5600 ipse
3102 5518 3386 5585 ablutioni
3435 5518 3747 5598 hujusmodi
3767 5524 3827 5568 σω·

2407 5665 2492 5746 ῙΒ)
2525 5670 2628 5729 Ροι·
2653 5665 3026 5744 antiphrasin
3054 5667 3345 5729 videlicet.
