4036 6288
210 272 354 328 H37

1248 268 1828 328 ECCLESIASTICE
1869 271 2236 328 HISTORUE
2277 272 2416 329 LIB.
2457 273 2552 329 Vl.

3445 277 3582 332 H38

200 401 304 448 τοῦ
357 392 665 456 ἀποστείλας
727 399 946 466 πάμπαν
997 397 1088 452 τῆς
1160 389 1354 444 ἑαυτῶν
1410 398 1670 468 σωτηρίας
1717 394 1813 447 ἀπ-

1927 396 2153 469 scopali
2178 397 2486 466 dignitate,
2512 411 2696 469 quam
2725 399 3035 469 tantopere
3066 397 3297 455 dudum
3339 402 3586 456 adama-

202 489 516 556 εγνωκότας,
600 491 733 558 τρεῖς
789 482 842 546 ἐξ
903 479 1129 543 Ἰταλίας
1198 479 1408 553 ἀφανεῖς
1461 483 1815 555 μετεστελλετο

201 575 536 635 ἐπισκόπους
566 573 634 633 εἰς
678 572 900 643 Ῥώμην,
956 568 1253 630 ἀπλάστους
1282 572 1445 629 πάντη
1503 576 1593 624 καὶ
1641 571 1817 646 ἀγροι-

201 668 302 736 κίᾳ
359 664 628 725 συζῶντας
662 681 674 694 ο
722 665 812 714 καὶ
870 663 902 719 ἡ
954 665 1215 734 πρόφασις
1263 659 1490 732 εὔλογος,
1535 665 1598 722 ὡς
1643 663 1704 714 ἄν
1733 683 1812 734 γε,

203 757 364 826 φησὶ,
421 757 517 811 τὴν
583 750 776 824 μεταξὺ
843 747 1036 802 ἐκείνου
1101 754 1190 801 καὶ
1245 757 1343 800 τῶν
1401 749 1696 803 ἐπισκόπων
1762 755 1816 805 ἒκ

199 841 438 895 παλαιοῦ
497 837 826 893 διαλύσωσιν
883 840 1080 912 ἔχθραν
1119 844 1333 910 μεσῖται
1388 843 1670 912 γενόμενοι.
1711 841 1816 896 Καὶ

200 932 255 983 οἱ
296 933 390 1002 μεν
446 929 572 988 ἧκον
602 927 860 986 ἁπλότητι
910 931 1122 999 γνώμης
1168 931 1240 999 μή
1281 945 1332 978 τι
1385 935 1484 978 τῶν
1533 936 1624 980 τοῦ
1652 929 1817 982 πλάσ-

195 1038 374 1091 ματος
422 1017 470 1071 έν
526 1019 595 1088 νῷ
632 1019 852 1090 θέμενοι.
901 1015 1314 1087 Ἐγκλεισθεῖσιν
1368 1013 1454 1068 οὖν
1511 1014 1631 1089 βίαν
1688 1021 1812 1078 ἐπῆ-

194 1113 298 1180 γόν
353 1127 484 1168 τινες
533 1114 626 1168 τῆς
680 1105 874 1158 ἐκείνου
956 1110 1274 1177 συμμορίας,
1335 1107 1465 1178 μέθῃ
1524 1111 1614 1158 καὶ
1667 1126 1813 1180 κραι·

191 1197 344 1272 πάλῃ
426 1199 793 1268 κεκαρωμένοι,
867 1202 1062 1269 χειρῶν
1132 1193 1350 1266 εἰκονινῇ
1410 1193 1639 1247 έπιθέσει
1707 1198 1816 1247 ἑπι-

206 1295 424 1348 σκοπῆς
481 1284 654 1356 ἐκείνῳ
707 1287 956 1357 παρέχειν
1039 1282 1262 1355 ἀξίωμα.
1322 1285 1388 1335 Οἱ
1449 1285 1540 1354 μὲν
1590 1280 1676 1335 οὖν
1724 1287 1814 1335 καὶ

202 1377 428 1437 ἄκοντες
499 1371 704 1448 σφόδρα
785 1371 1194 1444 ἓκϐεϐιασμένοι,
1252 1373 1347 1434 τὰς
1400 1379 1585 1446 χεῖρας
1642 1372 1814 1443 ἐκείνῳ

205 1467 498 1518 ἐπέθεντο·
530 1467 626 1522 τὴν
677 1464 840 1537 χάριν
907 1458 957 1514 δ’
1034 1457 1183 1522 οὗτος
1239 1464 1308 1521 ὡς
1363 1457 1534 1513 έδόκει
1595 1460 1815 1524 ἀνοσίως

199 1553 404 1620 λαϐὼν,
447 1551 762 1605 ἀντεποιεῖτο
791 1553 1005 1621 ταύτης,
1062 1555 1152 1603 καὶ
1191 1546 1477 1603 διεκδικείν
1512 1549 1752 1622 έπειρᾶτο
1791 1566 1804 1578 ·

198 1644 497 1719 ἄνθρωπος,
625 1645 715 1694 καὶ
761 1644 820 1692 τὸ
874 1639 941 1700 εἰς
983 1641 1217 1712 Χριστὸν
1274 1647 1558 1692 πιστεῦσαι
1611 1644 1815 1713 πρόφα-

1923 485 2290 557 verat‘,potiri
2318 490 2636 556 oporteret,
2652 501 2758 557 per
2781 486 2935 542 duos
2949 486 3248 558 quosdam
3273 497 3447 543 sectae
3459 505 3581 544 suae

1924 575 2217 640 homines,
2252 575 2354 646 qui
2386 574 2644 630 salutam
2673 591 2844 630 suam
2871 590 3119 646 prorsus
3145 576 3273 648 jam
3305 577 3582 649 despera-

1923 669 2075 735 rant,
2109 670 2225 719 tres
2258 663 2336 718 ad
2364 679 2427 719 se
2465 666 2715 720 Romam
2747 663 2984 720 obscuri
3013 665 3273 721 nominis
3304 682 3375 721 ex
3411 665 3579 723 Italia

1925 754 2261 824 episcopos,
2283 769 2506 825 eosque
2531 752 2902 824 simplicibus
2939 761 3116 825 atque
3147 755 3300 810 adeo
3341 755 3578 811 rusticis

1924 843 2212 908 moribus,
2229 842 2306 898 ad
2334 842 2748 897 simulandum
2767 846 2824 896 et
2838 842 3342 899 dissimulandum
3357 845 3580 900 scilicet

1924 931 2170 987 minime
2222 931 2491 997 idoneos,
2553 930 2838 1003 pertrahit
2870 947 2882 985 :
2918 931 3018 986 illo
3069 931 3384 1003 splendido
3425 950 3580 1006 prae-

1923 1024 2082 1075 textu
2104 1036 2267 1084 usus,
2311 1024 2373 1074 ut
2402 1018 2535 1090 ipsi,
2577 1019 2848 1090 partibus
2881 1021 3003 1074 suis
3034 1021 3421 1092 interpositis,
3456 1037 3581 1078 me-

1923 1107 2181 1162 diatores
2230 1106 2380 1163 inter
2414 1122 2476 1162 se
2521 1110 2576 1162 et
2622 1106 2959 1179 episcopos,
2989 1113 3214 1163 veteres
3253 1109 3585 1165 simultates

1923 1200 1981 1253 et
1999 1195 2337 1252 inimicitias
2358 1201 2808 1268 componerent.
2837 1195 2917 1251 Illi
2945 1212 3145 1268 porro,
3178 1202 3420 1270 propter
3458 1199 3580 1254 ani-

1922 1300 2161 1341 morum
2192 1284 2632 1356 simplicitatem
2676 1284 2821 1340 nihil
2843 1285 2957 1341 tale
2980 1286 3167 1355 veriti,
3200 1287 3278 1342 ad
3308 1303 3448 1343 eum
3475 1304 3576 1343 ve-

1924 1389 2084 1429 nere.
2119 1373 2200 1429 lbi
2219 1374 2303 1428 eis
2335 1374 2394 1428 in
2418 1372 2688 1429 conclavi
2721 1373 3022 1430 conclusis
3053 1375 3306 1448 quidam
3340 1391 3412 1431 ex
3445 1377 3573 1447 ejus

1923 1461 2255 1527 sodalitate,
2281 1477 2385 1532 per
2409 1462 2751 1517 animorum
2775 1462 3034 1534 crapulae
3056 1467 3113 1518 et
3128 1462 3428 1520 ebrietatis
3450 1480 3580 1533 gra-

1921 1552 2223 1616 vedinem,
2247 1551 2368 1605 vim
2390 1548 2666 1614 afferunt,
2686 1556 2742 1606 et
2763 1551 3124 1620 imaginaria
3151 1568 3441 1608 manuum
3466 1555 3572 1610 im-

1920 1641 2218 1714 positione
2242 1639 2647 1712 episcopalem
2665 1639 3017 1708 dignitatem
3040 1641 3268 1696 homini
3296 1642 3564 1699 conferre

198 1751 297 1794 σις
337 1733 364 1784 ό
413 1737 636 1791 Σατανᾶς
684 1726 745 1788 ἧν
795 1731 1126 1789 ένσκηνώσας
1184 1729 1344 1798 αύτῷ.
1408 1730 1813 1800 Κατηχούμενος

1924 1736 2162 1800 cogunt.
2215 1729 2382 1795 Quod
2403 1744 2546 1784 sane
2569 1727 2671 1795 illi,
2706 1727 2797 1784 vel
2843 1730 3031 1795 inviti,
3066 1730 3121 1784 vi
3155 1737 3334 1802 atque
3372 1748 3571 1788 neces-

198 1824 312 1894 γάρ
374 1821 476 1874 ὑπὸ
523 1827 624 1872 τῶν
675 1818 999 1892 ἑπορκιστῶν
1037 1821 1174 1889 νόσῳ
1235 1821 1505 1890 περιέπεσε
1554 1817 1760 1889 χαλεπῇ
1796 1834 1808 1847 ·

199 1911 332 1963 ὥστ’
389 1907 766 1962 ἀποθανεῖσθαι
818 1902 1181 1981 προσδόκιμον
1236 1910 1376 1973 ὄντα,
1418 1909 1476 1959 τό
1538 1903 1682 1978 ὕδωρ
1736 1905 1815 1958 αἰ-

199 2006 372 2056 τῆσαι
399 1995 571 2050 λαϐεῖν
607 2015 618 2027 ·
676 1997 702 2048 ὃ
750 2001 841 2048 καὶ
900 1994 948 2047 έν
1003 1995 1134 2068 αὐτῇ
1189 2001 1250 2068 τῇ
1285 1995 1495 2068 κλίνηῇ
1545 1998 1706 2048 ἔκειτο
1733 2013 1815 2048 πε-

202 2090 448 2165 ριχυθὲν,
522 2084 680 2146 δῆθεν
747 2085 1018 2147 ἐϐάπτιζεν
1053 2101 1071 2116 ·
1126 2088 1227 2156 εῖγε
1291 2089 1402 2157 χρή
1468 2088 1528 2137 τὸ
1580 2091 1813 2138 τοιοῦτον

215 2175 504 2249 βάπτισμα
560 2174 818 2246 ὀνομάσαι
848 2191 861 2204 ·
929 2174 956 2226 ὃ
1006 2192 1067 2245 γε
1114 2169 1238 2226 οὐδὲ
1297 2181 1398 2224 τῶν
1462 2173 1653 2226 λοιπῶν
1721 2180 1813 2234 τῆς

206 2265 538 2324 Ἐκκλησίας
579 2260 850 2335 συμϐόλων
890 2261 1105 2325 ἠξίωτο.
1145 2261 1212 2312 ὧν
1249 2266 1420 2336 χρεὼν
1469 2265 1597 2324 τοὺς
1641 2264 1811 2314 τοιού-

203 2367 332 2416 τους
388 2351 800 2426 μεταλαμϐάνειν
858 2353 995 2404 κατὰ
1035 2354 1122 2402 τόν
1179 2358 1274 2412 τῆς
1333 2349 1647 2413 Ἐκκλησίας
1700 2351 1814 2403 θεσ.

203 2447 320 2515 μόν.
353 2441 496 2496 Ἀλλ’
528 2437 653 2494 ούδὲ
706 2441 807 2492 ὑπὸ
838 2442 1158 2508 ἱπισκόπων,
1201 2443 1295 2498 τὴν
1325 2443 1476 2492 νόσον
1520 2435 1555 2492 δ
1560 2444 1806 2511 ιαφυγών,

211 2533 542 2608 ἓσφραγίσθη
618 2529 668 2591 ἐς
727 2530 963 2602 ὕστερον.
1023 2531 1229 2582 Τούτων
1285 2525 1343 2581 δὲ
1395 2537 1493 2582 τῶν
1547 2536 1813 2602 μυστικῶν

212 2625 284 2693 μὴ
333 2624 535 2693 τυχὼν,
591 2627 700 2681 πῶς
755 2617 814 2670 ἂν
860 2618 1012 2690 ἁγίου
1067 2621 1366 2690 Πνεύματος
1399 2620 1583 2690 ἔτυχεν
1596 2634 1614 2684 ;
1657 2617 1814 2671 Ἀλλὰ

214 2708 310 2762 κάν
356 2717 425 2779 τῷ
455 2715 622 2782 καιρῷ
651 2714 744 2760 τοῦ
794 2703 1030 2778 διωγμοῦ
1073 2703 1246 2779 δειλίᾳ
1284 2709 1514 2779 σχεθεὶς,
1557 2707 1814 2777 ἐξώμνυτο

217 2802 312 2856 τὴν
357 2806 442 2851 τοῦ
495 2795 855 2872 πρεσϐυτέρου
914 2799 1093 2868 τιμήν.
1148 2795 1271 2849 ’Υπό
1329 2800 1430 2872 γαρ
1479 2804 1576 2849 τῶν
1630 2793 1813 2848 διακό-

221 2908 313 2940 νων
380 2886 701 2960 ἀξιούμενος,
752 2888 852 2938 ὅσα
910 2887 1051 2958 θέμις
1115 2887 1240 2958 ἱερεῖ
1289 2883 1502 2958 βοηθεῖν
1551 2881 1810 2955 ἀδελφοῖς,

214 2979 264 3029 ἓν
326 2984 490 3051 καιρῷ
555 2983 629 3047 τῷ
709 2983 809 3027 τῶν
887 2971 1134 3046 διωγμῶν
1216 2976 1510 3046 ἐπικουρίας
1583 2974 1816 3046 μάλιστα

207 3066 500 3139 χρὴζουσι,
549 3071 799 3118 τοσοῦτον
853 3063 1062 3135 ἀπέσχε
1117 3065 1510 3138 πειθαρχῆσαι,
1583 3067 1652 3125 ὡς
1723 3068 1813 3116 καὶ

208 3155 592 3227 χαλεπαίνοντα
675 3152 1117 3218 ἀπαλλάττεσθαι,
1173 3158 1262 3206 καὶ
1319 3157 1391 3226 μὴ
1481 3161 1573 3206 τοῦ
1625 3152 1812 3206 λοιποῦ

206 3243 554 3318 πρεσϐύτερον
612 3241 797 3295 έθέλειν
861 3239 1013 3307 εἶναι,
1076 3241 1222 3316 ἑτέρᾳ
1262 3242 1540 3316 φιλοσοφίᾳ
1585 3246 1652 3296 τά
1696 3253 1812 3294 κατ’

205 3332 362 3386 αὐτόν
411 3330 782 3408 ἐπιτρέψαντα.
837 3337 938 3385 Καὶ
989 3329 1112 3384 ἄλλο
1161 3327 1221 3384 δέ
1274 3350 1326 3384 τι
1371 3328 1574 3402 ἀπᾷδον
1620 3333 1814 3384 παντά-

211 3439 346 3475 πασι
404 3419 764 3495 διεπράττετο.
824 3426 990 3474 Ποιῶν
1043 3422 1142 3494 γὰρ
1218 3423 1541 3496 προσφορὰς,
1587 3423 1650 3480 ὡς
1700 3423 1812 3482 ἔθος

210 3515 402 3586 ἱερεῦσι
449 3517 634 3577 ποιεῖν,
669 3507 779 3564 εἶτα
836 3512 966 3583 πρὸς
1027 3515 1121 3568 την
1167 3518 1258 3562 τοῦ
1314 3511 1475 3585 ἄρτου
1527 3506 1811 3583 μετάδοσιν

205 3605 484 3673 γινόμενος,
525 3595 804 3660 ἐπιδιδούς
856 3597 1060 3670 ἑκάστῳ
1117 3601 1177 3651 τὸ
1227 3603 1401 3672 μέρος,
1462 3599 1668 3671 ὀμνύειν
1699 3603 1813 3660 τοὺς

208 3689 568 3762 ταλαιπώρους
617 3688 930 3762 ἠνάγκαζεν,
988 3686 1102 3741 ἀντὶ
1157 3695 1249 3740 τοῦ
1307 3688 1413 3762 μετ’
1467 3688 1814 3761 εὐχαριστίας

206 3777 522 3850 λαμϐάνειν⁶
566 3781 805 3849 κατέχων
857 3779 958 3852 γὰρ
1019 3781 1109 3830 καὶ
1151 3777 1304 3850 ἄμφω
1356 3780 1448 3839 τὰς
1493 3785 1674 3851 χεῖρας
1721 3783 1812 3830 τοῦ

205 3865 470 3934 λαϐόντος,
535 3866 594 3919 οὐ
651 3870 896 3940 πρότερον
957 3863 1086 3918 ἀνίει
1152 3867 1246 3928 ἔως
1296 3866 1761 3938 ταῦτα’ὀμόσαιεν
1796 3884 1808 3898 ο

211 3963 494 4030 χρήσομαι
547 3958 649 4030 γὰρ
699 3963 806 4016 τοῖς
859 3959 1053 4008 ἐκείνου
1105 3956 1375 4031 ῥήμασιν’
1439 3955 1672 4026 Ὀμοσόν
1724 3975 1810 4028 μοι

214 4048 352 4099 κατὰ
398 4052 490 4098 τοῦ
553 4046 775 4116 αἳματος
839 4050 926 4097 καὶ
980 4051 1073 4097 τοῦ
1143 4051 1384 4118 σώματος
1468 4053 1558 4098 τοῦ
1618 4051 1812 4119 Κυρίου

216 4137 364 4208 ἡμῶν
401 4133 581 4192 Ἰησοῦ
635 4141 893 4208 Χριστοῦ,
933 4153 1004 4206 μη
1039 4129 1223 4186 δέποτέ
1277 4154 1339 4207 με
1377 4133 1670 4187 καταλιπεῖν
1724 4140 1814 4188 καὶ

216 4224 532 4297 ἐπιστρέψαι
582 4226 712 4297 πρὸς
772 4223 1052 4296 Κορνήλιον
1086 4240 1099 4252 ο
1151 4222 1352 4296 Ῥώμης
1405 4220 1456 4276 δ’
1508 4224 1652 4284 οὗτος
1709 4223 1814 4276 ἐπί-

214 4333 432 4376 σκοπος.
501 4315 567 4366 Οἱ
646 4309 705 4365 δὲ
761 4312 932 4365 ἄθλιοι
1005 4311 1206 4380 ἐκεῖνοι,
1282 4313 1339 4366 οὗ
1395 4316 1639 4386 πρότερον
1696 4311 1816 4365 ἀπε-

209 4406 445 4476 γεύοντο,
499 4401 542 4455 εἰ
589 4405 661 4474 μὴ
720 4405 964 4477 πρότερον
1021 4400 1191 4472 ἐκείνῳ
1247 4397 1620 4476 δὴκατηρῶντο
1673 4421 1684 4434 ·
1726 4406 1816 4454 καὶ

1922 1820 2093 1875 sitate
2122 1817 2386 1877 adducti.
2422 1816 2630 1873 fecere.
2676 1819 2741 1873 Et
2786 1819 3048 1874 Novatus
3077 1818 3371 1875 honorem
3409 1837 3570 1885 eum,

1920 1925 2098 1980 quem
2159 1913 2285 1963 tam
2332 1905 2637 1974 scelerate,
2696 1911 2762 1962 ut
2819 1905 3154 1976 videbatur,
3213 1915 3570 1966 consecutus

1922 1996 2492 2069 fuerat,usurpabat,
2510 1996 2913 2068 eamdemque
2927 2001 3136 2052 contra
3148 1998 3573 2056 obtrectatores

1921 2086 2239 2143 defendere
2276 2085 2530 2156 parabat
2556 2103 2569 2140 :
2595 2084 2800 2147 homo,
2831 2085 2889 2138 in
2927 2100 3049 2156 quo
3079 2085 3335 2143 Satanas
3385 2087 3583 2144 domi-

1922 2176 2123 2233 cilium
2153 2175 2406 2238 habens,
2440 2173 2654 2229 Christi
2677 2188 2900 2228 nomen
2925 2178 2981 2228 et
3012 2173 3193 2230 ﬁdem
3221 2176 3298 2231 ad
3326 2182 3573 2246 praetex-

1921 2273 2068 2330 tum,
2101 2264 2314 2320 saltem
2351 2267 2607 2318 uteretur
2640 2262 2740 2333 (I).
2785 2263 2932 2317 Cum
2967 2263 3126 2317 enim
3163 2265 3241 2318 ab
3269 2266 3582 2321 exorcistis

1920 2353 1996 2410 de
2027 2352 2144 2408 ﬁde
2182 2353 2602 2416 institueretur,
2628 2349 2845 2406 morbo
2891 2355 2980 2405 est
3007 2359 3319 2423 correptus
3362 2354 3533 2423 gravi
3570 2370 3582 2408 :

1921 2457 2181 2514 cumque
2201 2441 2328 2511 jam
2351 2439 2409 2494 in
2441 2440 2884 2511 exspectatione
2909 2440 3117 2495 mortis
3146 2447 3317 2506 esset,
3354 2458 3580 2514 aquam

1920 2531 2234 2604 petiit,qua
2269 2529 2328 2584 in
2359 2529 2490 2600 ipso
2518 2528 2688 2593 lecto,
2729 2528 2809 2584 ita
2835 2535 2895 2585 ut
2936 2529 3361 2596 decumbebat,
3387 2531 3586 2601 perfu-

1922 2637 2043 2687 sus,
2074 2619 2408 2690 baptizatus
2452 2617 2671 2672 scilicet
2701 2618 2900 2674 est:si
2944 2618 3190 2690 quidem
3231 2619 3581 2675 tinctionem

1921 2707 2268 2778 hujusmodi
2300 2707 2670 2778 baptismum
2691 2722 2900 2764 vocare
2915 2707 3068 2763 licet.
3093 2707 3270 2779 392
3302 2708 3584 2764 Sedenim

1921 2797 2015 2854 ille
2044 2801 2252 2869 postea
2275 2795 2519 2868 reliquis
2561 2795 2833 2852 Ecclesia
2867 2796 3162 2868 symbolis
3194 2803 3373 2868 atque
3407 2812 3585 2854 caere-

1921 2887 2140 2943 moniis
2160 2885 2260 2958 (2),
2283 2885 2504 2958 quibus
2531 2884 2608 2941 ad
2639 2901 2778 2941 eum
2813 2885 3062 2941 modum
3089 2887 3247 2941 tincti
3270 2886 3445 2957 juxta
3471 2889 3576 2941 Ec-

1922 2975 2114 3032 clesim
2168 2975 2508 3031 sanctiones
2553 2973 2632 3029 uti
2673 2974 2887 3040 solent,
2919 2974 3163 3030 minime
3210 2975 3430 3046 dignus
3484 2981 3575 3030 est

1921 3065 2164 3121 habitus
2190 3082 2210 3120 :
2241 3079 2436 3136 neque
2466 3078 2604 3118 cum
2637 3063 3052 3130 convaluisset.
3089 3064 3467 3134 signaculum
3500 3063 3578 3120 ab

1921 3155 2206 3228 episcopo
2258 3152 2475 3209 deinde
2528 3152 2747 3224 recepit
2797 3152 2901 3224 (3).
2930 3154 3105 3208 Porro
3159 3169 3296 3208 cum
3325 3153 3581 3225 mystica

1921 3242 2269 3315 hujnsmodi
2300 3242 2577 3314 symbola
2615 3257 2737 3297 non
2772 3240 2846 3296 sit
2873 3242 3114 3298 sortitus
3142 3242 3238 3314 (4),
3269 3243 3580 3314 quomodo

1924 3333 2203 3406 Spiritum
2237 3337 2513 3387 sanctum
2541 3335 2628 3386 est
2656 3334 2970 3386 assecutus
3000 3330 3029 3388 ?
3063 3330 3175 3386 Sed
3216 3335 3272 3386 et
3300 3346 3577 3402 persecu-

1922 3422 2098 3483 tionis
2134 3419 2523 3492 temporibus,
2548 3435 2654 3490 per
2685 3419 3082 3483 timiditatem,
3118 3419 3454 3491 presbyteri
3470 3419 3588 3476 ho-

1921 3525 2131 3567 norem
2143 3509 2786 3578 abjuravit.Postquam
2806 3509 2966 3564 enim
2987 3524 3022 3564 a
3043 3507 3312 3563 diaconis
3337 3514 3583 3577 rogatus

1921 3605 2031 3667 est,
2070 3604 2132 3654 ut
2182 3595 2654 3670 periclitantibus
2705 3597 3008 3665 fratribus,
3040 3597 3099 3651 in
3148 3601 3579 3652 tormentorum

1921 3688 2260 3744 discrimine
2295 3686 2553 3742 maxime
2586 3684 2808 3742 auxilio
2841 3685 3272 3757 indigentibus,
3300 3687 3380 3741 ita
3407 3692 3469 3741 ut
3490 3702 3579 3742 sa-

1923 3777 2223 3832 cerdotem
2277 3774 2532 3839 deceret,
2573 3780 2790 3844 praesto
2830 3773 3071 3829 adesset
3104 3791 3117 3829 :
3149 3778 3380 3830 tantum
3417 3773 3580 3830 abest

1923 3871 1988 3921 ut
2017 3865 2130 3921 illis
2155 3864 2228 3919 sit
2265 3863 2608 3929 obsecutus,
2643 3867 2705 3918 ut
2743 3879 2881 3918 cum
2920 3863 3331 3933 indignatione
3359 3879 3582 3934 magna

1923 3969 1985 4009 se
2015 3951 2380 4015 subduxerit,
2407 3951 2557 4007 etde
2613 3955 2827 4007 caetero
2878 3951 3186 4024 presbyter
3235 3968 3367 4007 esse
3399 3952 3577 4008 nolu-

1923 4041 2217 4109 erit,aliud
2246 4041 2468 4096 scilicet
2497 4039 2895 4113 philosophias
2915 4055 3102 4111 genus
3117 4043 3581 4098 secutus.Aliam

1922 4146 2166 4204 quoque
2201 4129 2533 4186 absurdam
2578 4128 2910 4185 admodum
2955 4145 3079 4184 rem
3116 4131 3176 4185 in
3200 4147 3262 4184 se
3306 4131 3571 4186 admisit.

1924 4222 2071 4276 Cum
2097 4219 2257 4276 enim
2271 4219 2604 4275 oblationes
2621 4218 2873 4290 offerret,
2899 4219 3002 4291 qui
3020 4235 3152 4274 mos
3172 4220 3582 4276 sacerdotibus

1925 4314 2032 4374 est,
2067 4314 2121 4364 et
2149 4310 2277 4379 jam
2326 4308 2400 4364 ad
2443 4308 2928 4364 distributionem
2972 4309 3147 4380 panis
3184 4309 3572 4380 pervenisset.

1925 4399 2066 4455 data
2091 4397 2334 4454 cuilibet
2379 4401 2545 4469 parte
2577 4413 2706 4463 sua,
2735 4413 2843 4468 pro
2874 4413 2944 4452 eo
3002 4397 3171 4469 quod
3201 4414 3336 4453 eum
3367 4399 3583 4469 gratia-

212 4491 334 4544 ἀντὶ
412 4498 505 4544 τοῦ
571 4489 741 4563 Ἀμήν
815 4490 991 4556 εἰπεῖν,
1050 4493 1109 4543 τὸ
1163 4495 1232 4562 μὴ
1293 4490 1562 4549 ἐπανήκειν
1625 4490 1813 4562 ἔλεγον.

1925 4504 2061 4544 rum
2093 4502 2226 4542 eam
2250 4485 2481 4542 actione
2515 4486 2812 4556 percipere
2844 4485 3384 4557 debebant,jurare
3407 4487 3583 4542 mise-

207 4583 413 4636 Τούτου
468 4583 564 4639 τὴν
612 4583 798 4632 κακίαν
858 4584 944 4632 καὶ
987 4581 1044 4632 τό
1102 4581 1356 4642 κακόηθες
1403 4588 1498 4640 τῆς
1553 4581 1814 4651 αἱρέσεως,

208 4668 458 4742 Μάξιμος
523 4666 877 4744 πρεσϐύτερος
923 4671 1009 4720 καὶ
1054 4667 1340 4741 Ούρϐανὸς,
1396 4665 1482 4728 δὶς
1536 4669 1622 4718 τόν
1684 4675 1816 4741 Χρι-

211 4761 343 4812 στὸν
399 4756 912 4832 παῤῥησιασάμενοι,
955 4752 1112 4820 δόξαν
1161 4776 1212 4809 τε
1271 4757 1364 4808 οὐκ
1423 4755 1710 4828 ἐλαχίστην
1763 4754 1817 4808 ἐκ

205 4856 307 4902 τοῦ
367 4847 695 4919 ὁμολογῆσαι
741 4849 1164 4920 καρπωσάμενοι,
1221 4848 1296 4898 ἔτι
1347 4842 1405 4898 δε
1465 4841 1713 4906 Σιδώνιός
1765 4863 1818 4897 τε

205 4942 308 4991 καὶ
390 4936 654 5010 Κελερίνος
707 4941 797 4989 καὶ
848 4934 994 4989 αὐτοὶ
1048 4939 1134 4988 τόν
1188 4937 1300 4988 ἴσον
1361 4935 1536 5006 ἀγῶνα
1596 4930 1819 5008 διαδρα-

213 5032 425 5100 μόντες,
518 5034 716 5101 πρῶτοι
798 5027 1140 5097 φωράσαντες,
1225 5031 1421 5099 πρῶτοι
1499 5028 1816 5097 προσιόντες,

208 5117 264 5180 ές
321 5113 570 5189 θρίαμϐον
643 5112 726 5166 έπὶ
775 5117 938 5186 μέσου
1000 5121 1090 5173 τῆς
1143 5111 1421 5176 ἐκκλησίας
1483 5111 1815 5186 προύτίθουν.

207 5212 330 5260 Τῶν
398 5200 456 5257 δὲ
507 5203 992 5278 χειροτονησάντων
1050 5201 1184 5256 αὐτὰ
1232 5203 1298 5264 εἷς
1358 5202 1451 5255 ούκ
1499 5201 1571 5263 εἰς
1615 5203 1819 5277 μακρὰν

291 5361 372 5434 (1)
408 5361 582 5434 Tales
596 5360 740 5434 olim
773 5360 977 5417 Clinici
995 5359 1162 5416 dicti.

295 5433 373 5507 (2)
416 5433 633 5507 Euseb.
663 5433 770 5507 lib.
820 5435 905 5499 vi,
946 5448 1080 5507 cap.
1107 5435 1202 5489 43.

294 5504 376 5577 (3)
415 5504 942 5577 Conﬁrmationem
967 5505 1082 5561 hoc
1114 5519 1270 5577 nunc
1302 5517 1615 5577 vocamus.

296 5573 370 5647 (4)
410 5578 603 5631 Τούτου
633 5573 692 5630 δε
729 5579 800 5648 μή
852 5579 1052 5648 τυχὼν,
1087 5584 1197 5636 πῶς
1225 5573 1285 5627 ἀν
1332 5581 1428 5627 τοῦ
1471 5573 1622 5646 ἀγίου
1667 5575 1824 5628 Πνεύ-

1926 4592 2024 4633 ros
2040 4576 2266 4645 coegit:
2301 4579 2615 4646 utramque
2638 4575 2798 4630 enim
2849 4575 3304 4646 percipientium
3332 4589 3583 4632 manum

1927 4666 2334 4737 comprimens
2401 4665 2500 4735 (5),
2568 4679 2688 4718 non
2743 4664 2909 4736 prius
2976 4680 3078 4718 eas
3107 4664 3350 4729 remisit,
3397 4679 3584 4736 quam

1923 4755 2189 4825 juratum
2209 4753 2286 4808 ab
2325 4752 2408 4808 eis
2449 4759 2604 4807 esset
2645 4752 2800 4823 (utar
2830 4758 3032 4808 autem
3063 4752 3256 4808 verbis
3287 4754 3415 4823 ejus
3447 4768 3586 4809 con-

1927 4841 2536 4914 ceptis):Adjuramihi
2551 4857 2656 4912 per
2675 4843 3037 4910 sanguinem
3051 4848 3335 4913 etcorpus
3352 4841 3583 4898 Domini

1926 4931 2115 4988 nostri
2143 4932 2286 4987 Jesu
2304 4929 2856 5001 Christi,nunquam
2889 4935 2944 4985 te
2963 4948 2998 4985 a
3030 4946 3126 4985 me
3147 4930 3579 4986 discessurum.

1927 5026 1984 5077 et
2033 5020 2110 5076 ad
2159 5018 2495 5075 Cornelium
2551 5018 2879 5088 (Romanus
2927 5019 3022 5075 hic
3079 5019 3187 5075 fuit
3237 5019 3582 5091 episcopus)

1927 5109 2257 5166 rediturum
2305 5124 2455 5163 esse.
2499 5107 2686 5163 Miseri
2735 5113 2932 5164 autem
2970 5108 3051 5164 illi
3071 5124 3193 5164 non
3220 5109 3385 5181 prius
3412 5108 3578 5180 quod

1929 5201 2304 5270 acceperant,
2327 5195 2736 5268 degustarunt,
2765 5213 2950 5269 quam
2981 5213 3041 5253 se
3069 5196 3149 5253 illi
3181 5198 3582 5254 devoverunt:

1932 5377 2096 5434 ματος
2125 5361 2354 5434 ἓτυχεη
2396 5356 2710 5434 Eusebius.

2005 5432 2086 5501 (5)
2125 5428 2596 5502 Eatempestate
2659 5428 2829 5502 laicis
2882 5429 3064 5486 etiam
3119 5429 3479 5502 eucharistia
3525 5431 3588 5487 in

1934 5518 2150 5630 manus
2183 5500 2442 5558 dabatur
2469 5521 2482 5555 :
2514 5500 2680 5573 quod
2710 5504 2921 5573 postea
2946 5501 3007 5558 in
3049 5501 3304 5558 Ecclesia
3332 5506 3421 5558 est
3453 5518 3589 5559 mu-

1962 5590 1996 5630 a
2025 5589 2147 5629 um.
