4036 6288
538 228 556 281 ι
574 225 673 280 139
1810 223 2197 280 NICEPHORI
2239 222 2560 280 CALLISTI
3693 232 3787 287 1140

530 354 584 405 et
624 364 733 420 pro
775 363 846 405 eo
873 346 1038 421 quod
1068 344 1274 413 Amen,
1314 362 1658 403 reversuros
1712 347 1935 403 scilicet
1974 363 2037 402 se
2092 346 2172 402 ad

2296 344 2547 405 ἐπανήκων
2608 354 2669 420 τῇ
2747 346 3031 420 Ἐκκλησία
3076 349 3136 401 τό
3205 346 3436 422 ἔγκλημα
3507 347 3792 427 ἀπωδύρετο.

528 438 867 494 Cornelium
921 436 1279 509 proﬁtentes,
1327 436 1521 491 dicere
1565 436 1890 501 debebant,
1947 436 2175 492 minine

2296 440 2374 486 ιαὶ
2437 432 2718 507 εἰσεδέχθη
2776 437 2958 489 λαῖκοῦ
3008 444 3193 510 χώραν
3245 434 3443 499 δούσης
3482 439 3623 511 αὐτῷ.
3665 442 3733 504 Εἰς
3755 440 3795 496 δέ

527 543 590 584 se
620 528 914 584 redituros
962 526 1260 581 dixerunt.
1293 525 1475 596 Hujus
1515 524 1812 592 fraudem,
1846 524 2177 597 malignita-

2296 528 2407 585 τοὺς
2461 527 2651 588 τόπους
2707 533 2806 578 τῶν
2864 525 3160 580 ἐπισκόπων
3206 526 3386 588 ἄλλους
3447 532 3800 603 χειροθετήσασα

528 623 672 682 tem,
703 624 758 672 et
778 614 1086 673 cacoethes
1138 613 1402 670 haeresis.
1432 615 1723 670 Maximus
1746 614 2080 687 presbyter,
2120 618 2178 669 et
2286 612 2505 666 ἔστελλε.

529 706 830 773 Urbanus,
850 704 1058 777 quibis
1084 703 1384 759 liberrime
1418 718 1526 776 pro
1560 703 1792 760 Christo
1824 704 2223 770 decertarunt,
2262 706 2318 758 et
2356 702 2657 773 ingentem
2695 703 2947 774 gloriam
2974 721 3047 760 ex
3075 704 3451 762 confessione
3478 710 3803 777 reportarunt,

528 799 815 867 praeterea
837 792 1117 848 Sidonius
1137 799 1191 847 et
1209 792 1644 864 Celerinus,qui
1665 792 1727 846 in
1752 791 1966 847 eodem
1984 791 2175 847 stadio
2205 789 2614 856 decurrerunt,
2637 793 2813 864 primi
2844 793 3401 866 deprehenderunt:
3425 794 3806 868 primiquecum

527 899 599 940 eo
625 884 950 954 congressi,
976 881 1052 937 de
1090 896 1161 936 eo
1196 881 1566 951 triumphum
1624 880 1682 936 in
1738 879 1996 936 Ecclesia
2045 882 2314 949 egerunt.
2356 880 2435 935 Ex
2488 879 2573 935 eis
2617 886 2816 937 autem
2865 884 2968 955 qui
3025 882 3312 953 suﬂragio
3350 889 3407 940 et
3435 886 3807 942 consecratione

526 989 640 1029 sua
680 975 979 1029 Novatum
1029 972 1381 1042 episcOpum
1428 970 1799 1034 ordinarant,
1852 985 2008 1024 unus
2058 983 2181 1024 non
2201 968 2380 1039 longe
2425 975 2563 1040 post
2602 969 2680 1026 ad
2720 970 2977 1027 Ecelesia
3026 988 3324 1039 reversus,
3355 972 3591 1029 crimine
3612 990 3700 1045 per
3722 990 3811 1047 pa:-

526 1062 836 1119 nitentiam
857 1066 913 1116 et
937 1060 1165 1116 luctum
1187 1059 1719 1131 abolito,receptus
1745 1057 2015 1131 quidem,
2049 1056 2152 1112 sed
2198 1056 2313 1114 laci
2342 1060 2574 1114 tantum
2619 1058 2673 1115 ei
2721 1075 3011 1117 concessa
3053 1075 3183 1117 sors
3223 1066 3332 1127 est,
3373 1076 3443 1118 ac
3473 1061 3532 1117 in
3566 1062 3812 1135 episcopo-

527 1167 663 1209 rum
702 1166 912 1208 eorum
940 1149 1142 1207 locum
1176 1148 1277 1205 alii
1308 1152 1447 1204 sunt
1476 1146 1732 1205 suffecti.

1075 1312 1249 1384 393
1280 1310 1510 1368 CAPUT
1550 1313 1637 1368 ιν.

534 1438 833 1507 Quomodo
858 1438 1179 1508 Dionysius
1205 1438 1508 1506 lapsorum
1525 1436 1777 1492 suaserit
1798 1435 2181 1503 receptum,et

926 1510 1177 1580 epistola
1203 1509 1324 1579 ejus
1362 1508 1444 1565 ad
1469 1509 1786 1565 Novatum.

604 1690 821 1746 Haeresi
852 1705 922 1745 ea
941 1688 1118 1759 longe
1147 1688 1383 1761 lateque
1412 1687 1675 1758 vulgata,
1707 1686 1917 1757 ingens
1943 1688 2068 1741 erat
2094 1688 2177 1739 tu-

528 1780 754 1837 multus
782 1796 794 1835 :
825 1783 880 1835 et
910 1778 1076 1834 multi
1115 1778 1486 1834 orationibus
1517 1778 1771 1850 scriptis,
1803 1775 1974 1832 multi
2004 1774 2181 1830 etiam

529 1869 661 1925 aliis
691 1868 888 1924 modis
921 1868 1187 1938 aggressi
1212 1872 1353 1923 sunt
1384 1866 1778 1922 fundamenta
1809 1865 1936 1936 ejus
1967 1861 2182 1918 erroris

530 1963 812 2013 evertere.
856 1958 999 2022 Qum
1018 1972 1158 2012 vero
1189 1957 1250 2011 in
1273 1955 1524 2028 epistola
1543 1956 1810 2027 quadam
1832 1951 2181 2009 Alexandri-

527 2062 645 2103 nus
668 2046 983 2118 Dionysius
1028 2046 1351 2117 scripserit,
1393 2046 1733 2100 audiamus.
1769 2062 1799 2096 ‹‹
1830 2042 2028 2099 Sancti
2066 2039 2181 2113 ipsi

528 2137 693 2208 apud
732 2151 842 2191 nos
893 2140 1211 2207 martyres,
1244 2135 1452 2191 Christi
1492 2149 1654 2190 nunc
1690 2147 2047 2195 assessores,
2088 2145 2179 2185 re-

530 2225 753 2297 gnique
778 2225 907 2295 ejus
934 2224 1275 2296 participes,
1304 2222 1624 2295 participes
1656 2223 1832 2278 etiam
1864 2220 2095 2292 judicii,
2126 2223 2183 2273 et

528 2330 639 2387 pro
678 2313 957 2369 tribunali
1006 2329 1144 2368 cum
1176 2328 1245 2368 eo
1296 2311 1585 2376 sedentes,
1622 2310 1826 2383 lapsos
1881 2308 2184 2382 quosdam

526 2404 743 2461 fratres
778 2403 1328 2474 sacriﬁciorumque
1367 2400 1595 2457 crimen
1629 2402 1983 2456 sustinentes
2023 2412 2184 2452 rece-

527 2492 1345 2566 peruntzconversionemque
1376 2490 1853 2561 etpmnitentiam
1882 2502 2090 2543 eorum
2104 2487 2183 2540 vi-

528 2584 941 2653 dentes,atque
954 2586 1261 2653 acceptam
1280 2586 1625 2652 gratamque
1639 2579 1761 2635 fore
1773 2579 1827 2633 ei
1840 2577 2184 2634 existiman-

530 2677 637 2738 tes,
666 2672 771 2743 qui
800 2686 921 2726 non
944 2670 1027 2725 ita
1040 2670 1166 2725 vult
1182 2674 1433 2725 mortem
1450 2665 2184 2741 peccatoris,atqueipsius

528 2762 959 2833 paenitentiam,
975 2759 1283 2830 explorata
1294 2774 1366 2815 ea
1388 2764 1566 2830 atque
1580 2757 1995 2828 comprobata,
2012 2757 2070 2811 in
2087 2754 2185 2809 Ec-

529 2849 773 2905 clesiam
804 2848 1194 2913 admiserunt,
1227 2854 1283 2902 et
1304 2848 1379 2903 ad
1400 2863 1538 2903 eum
1565 2847 1814 2902 modum
1840 2843 2185 2917 receptislo-

530 2954 668 2994 cum
700 2953 875 2993 suum
901 2936 1215 3005 dederunt,
1240 2937 1697 3009 orationemque
1728 2933 2185 2990 simuletcibum

531 3043 669 3083 cum
703 3028 786 3082 eis
818 3027 1362 3082 communicarunt.
1387 3026 1702 3091 Quodnam
1726 3024 1924 3095 igitur,
1954 3023 2184 3090 fratres,

2924 1317 3165 1367 ΚΕΦΑΛ.
3194 1312 3261 1368 Δ’.

2291 1438 2442 1509 Περὶ
2480 1435 2557 1486 ὧν
2622 1436 2996 1508 εἰσηγεῖται
3058 1440 3392 1499 Διονύσιος
3451 1436 3819 1509 εἰςγπαραδο·

2361 1508 2486 1577 χὴν
2524 1514 2640 1580 τῷν
2700 1514 3342 1580 παραπεπτωκότων·
3400 1514 3509 1563 καὶ
3566 1508 3813 1569 ἐπιστολή

2361 1584 2471 1629 τοῦ
2508 1578 2703 1631 αὐτοῦ
2743 1578 2898 1654 πρὸς
2936 1587 3261 1638 Ναυᾶτον.

2362 1689 2467 1746 Τῆς
2510 1680 2569 1737 δε
2630 1688 2744 1737 κατ’
2796 1686 2950 1739 αὐτὸν
2989 1688 3235 1761 αἱρέσεως
3287 1686 3678 1759 πλατυνομένης,
3704 1686 3820 1750 πολὺς

2294 1773 2526 1844 τάραχος
2575 1770 2657 1838 ἧν,
2699 1778 2789 1827 καὶ
2842 1774 3019 1827 πολλοὶ
3076 1778 3165 1848 μὶν
3220 1775 3413 1848 λόγοις,
3472 1775 3640 1829 πολλοὶ
3685 1773 3820 1829 δὲκαὶ

2290 1866 2479 1934 τρόπον
2517 1864 2704 1935 ἕτερον,
2759 1864 3030 1917 καταλύειν
3088 1864 3390 1939 ὶπεχείρουν
3441 1869 3499 1917 τό
3544 1872 3633 1925 τῆς
3678 1865 3819 1927 πλάνης

2292 1950 2538 2021 θεμέλιον.
2592 1953 2695 2005 Οἷα
2739 1948 2788 2005 δ’
2834 1949 2922 2005 οὖν
2972 1957 3063 2005 καὶ
3114 1955 3139 2006 ό
3188 1962 3286 2017 τῆς
3331 1952 3704 2028 Ἀλεξανδρείας

2293 2039 2464 2092 στελλε
2511 2044 2791 2106 Διονύσιος,
2854 2038 3238 2115 διακούσωμεν.
3301 2062 3330 2095 ι(
3384 2044 3548 2098 Αὐτοὶ
3596 2047 3739 2095 τοίνυν
3788 2043 3817 2093 οὶ

2293 2129 2420 2181 θεῖοι
2451 2131 2729 2204 μάρτυρες,
2771 2133 2820 2184 οἱ
2870 2139 2958 2183 νῦν
2996 2133 3119 2205 παρ’
3164 2134 3288 2205 ἡμῖν
3341 2140 3431 2185 τοῦ
3480 2140 3693 2207 Χριστοῦ
3731 2135 3817 2204 πάρ-

2293 2213 2457 2292 εδροι,
2511 2224 2597 2271 καὶ
2650 2228 2744 2281 τῆς
2800 2218 3077 2292 βασιλείας
3125 2221 3287 2275 αὐτοῦ
3334 2226 3587 2287 κοινωνοὶ,
3625 2226 3702 2273 καὶ

2293 2326 2418 2379 οχοι
2474 2315 2569 2368 τῆς
2618 2313 2838 2381 κρίσεως
2894 2309 3056 2362 αὐτοῦ
3113 2315 3204 2363 καὶ
3277 2308 3672 2372 συνδικάζοντες
3708 2310 3815 2379 αὐτῷ,

2294 2404 2394 2448 τῶν
2486 2402 2971 2471 παραπεπτωκότων
3057 2396 3289 2473 ἀδελφῶν
3370 2420 3512 2461 τινας
3580 2401 3814 2457 ὑπευθύνους

2294 2492 2399 2546 τοῖς
2475 2494 2575 2536 τῶν
2631 2488 2824 2539 θυσιῶν
2914 2486 3212 2561 ἐγκλήμασι
3278 2493 3582 2562 γενομὲνόυς
3636 2486 3808 2562 προσιὶέ·

2296 2574 2443 2627 ϐοντο
2478 2593 2490 2605 ’
2563 2580 2652 2628 καὶ
2707 2580 2801 2635 τὴν
2866 2577 3182 2650 ἐπιστροφὴν
3247 2583 3339 2631 καὶ
3395 2580 3657 2651 μετάνοιαν

2299 2662 2510 2729 ἰδόντες,
2566 2661 2755 2724 δεκτήν
2810 2668 3051 2737 γενέσθαι
3120 2664 3414 2741 δυναμένην
3475 2676 3547 2739 τῷ
3597 2671 3661 2740 μὴ
3698 2664 3809 2739 βουλι-

2296 2757 2429 2826 μένῳ
2481 2754 2702 2807 καθόλου
2752 2758 2838 2807 τόν
2891 2756 3106 2809 θάνατον
3150 2764 3243 2809 τοῦ
3305 2756 3632 2833 ἁμαρτωλοῦ,
3673 2759 3722 2816 ὡς
3760 2759 3814 2811 τὴν

2296 2845 2566 2915 μετάνοιαν
2623 2841 3022 2917 δοκιμάσαντες,
3094 2842 3452 2914 εἰσεδέξαντο,
3515 2851 3602 2899 καὶ
3668 2848 3813 2914 συνέτε-

2296 2952 2408 3003 γον,
2466 2938 2557 2985 καὶ
2584 2936 2953 3007 συνέστησαν,
3017 2938 3101 2988 καὶ
3143 2944 3466 3009 προσευχῶν
3511 2936 3674 2997 αὐτοῖς
3711 2930 3809 2984 uii-

2300 3023 2556 3082 στιάσεως
2611 3020 2974 3081 ἐκοινώνησαν.
3016 3028 3080 3077 Τί
3135 3020 3223 3076 οὖν
3271 3026 3424 3097 ἡμῖν,
3482 3021 3696 3097 ἀδελφοὶ,
3730 3040 3800 3091 θνρ-

529 3114 705 3171 nobis
718 3116 792 3170 de
804 3114 887 3169 eis
903 3113 1220 3170 consilium
1234 3113 1573 3185 datis?quid
1585 3093 1920 3169 faciendum
1934 3108 2186 3183 putatis?

2298 3110 2560 3163 ϐουλεύετε
2628 3112 2761 3184 περὶ
2824 3114 3055 3179 τούτων;
3122 3117 3173 3166 τί
3238 3115 3361 3186 ἡμῖν
3423 3114 3798 3189 πρακτέονμνςι·

530 3203 1035 3273 suﬂ’ragatoresne
1068 3208 1125 3258 et
1149 3203 1582 3274 subscriptores
1612 3202 1849 3258 illorum
1881 3199 2186 3257 sementim

528 3294 770 3359 erimus,
798 3292 1216 3364 judiciumque
1246 3299 1303 3347 et
1332 3294 1584 3362 gratiam
1618 3307 1826 3347 eorum
1858 3294 2184 3354 servantes,

526 3381 827 3451 benignos
874 3397 986 3437 nos
1031 3396 1173 3450 erga
1204 3397 1325 3446 eos,
1367 3396 1625 3453 quorum
1658 3380 1737 3435 illi
1778 3380 2004 3436 miserti
2029 3384 2186 3443 sunt,

529 3470 976 3528 exhibebimus?
990 3485 1067 3526 an
1075 3470 1094 3540 j
1108 3471 1374 3526 udicium
1387 3486 1596 3526 eorum
1615 3469 1796 3525 veluti
1809 3470 2083 3540 iniquum
2103 3481 2189 3522 re-

531 3560 1114 3633 probabimus,atque
1132 3560 1191 3614 in
1207 3561 1546 3615 sententiam
1563 3575 1765 3615 eorum
1778 3558 2088 3631 iniquirem
2100 3572 2187 3622 us,

532 3649 1083 3719 benignitatemque
1112 3648 1701 3714 contristabimus,et
1733 3646 1900 3718 quod
1929 3647 2075 3702 bene
2105 3650 2191 3700 est

534 3738 921 3795 constitutum
944 3743 1001 3792 et
1029 3737 1375 3792 ordinatum
1396 3736 2191 3807 retractabimus,Deumque

533 3828 734 3899 ipsum
747 3825 1437 3882 exacerbabimus?»Haec
1451 3827 1767 3897 Dionysius
1782 3826 1857 3882 de
1870 3826 1955 3880 eis
1970 3826 2072 3896 qui
2088 3839 2192 3897 per

533 3916 942 3972 inﬁrmitatem
973 3915 1463 3986 persecutionum
1486 3916 1860 3986 temporibus
1888 3915 2039 3987 lapsi
2070 3913 2192 3970 fue-

532 4009 689 4073 rant,
712 4004 963 4076 scripsit.
989 4004 1195 4070 Qualia
1210 4020 1349 4061 vero
1368 4005 1447 4060 ad
1477 4006 1677 4076 ipsum
1692 4008 1985 4061 Novatum
2004 4004 2192 4059 Eccle-

539 4094 690 4149 siam
710 4094 915 4149 Romae
929 4094 1376 4165 perturbantem
1399 4093 1719 4163 scripserit,
1747 4109 1989 4165 aequum
2013 4100 2104 4148 est
2134 4098 2194 4147 ut

537 4182 635 4237 hic
654 4182 1005 4253 proferatur.
1033 4184 1178 4238 Cum
1195 4184 1353 4238 enim
1368 4181 1485 4247 ille,
1510 4182 1625 4236 sub
1641 4182 1887 4237 obtentu
1901 4182 2191 4253 quodam,

538 4271 593 4326 in
626 4271 946 4327 nonnullos
976 4271 1185 4327 fratres
1218 4270 1555 4326 schismatis
1580 4278 1636 4326 et
1665 4270 1895 4325 dissidii
1919 4286 2191 4334 causam,

540 4361 787 4431 perinde
812 4366 994 4432 atque
1014 4360 1091 4416 ab
1132 4360 1244 4414 illis
1276 4360 1355 4415 ab
1387 4359 1636 4415 consilia
1670 4366 1985 4431 cmptaque
2034 4360 2194 4429 ejus-

2296 3198 2465 3272 ψηφοι
2541 3205 2631 3252 καὶ
2687 3201 3039 3272 ὁμογνώμονες
3114 3201 3288 3263 αύτοῖς
3373 3211 3712 3274 καταστῶμεν,
3752 3200 3805 3247 ui

2296 3293 2389 3347 τὴν
2465 3293 2637 3364 κρίσιν
2694 3289 2865 3342 αὐτῶν
2916 3294 3008 3342 καὶ
3058 3294 3150 3350 τήν
3208 3294 3371 3365 χάριν
3431 3292 3726 3364 φυλάξομεν;
3757 3290 3813 3338 κεί

2295 3386 2400 3439 τοῖς
2453 3377 2734 3436 ἐλεηθεῖσιν
2786 3379 2873 3430 ὑπ’
2935 3380 3103 3432 αὐτῶν
3152 3383 3640 3455 χρηστευσόμεθα;
3688 3380 3711 3437 ἦ
3758 3378 3817 3431 τήν

2296 3474 2470 3540 κρίσιν
2524 3467 2691 3520 αὐτῶν
2748 3465 2933 3522 ἄδικον
2984 3472 3361 3542 ποιησόμεθα;
3422 3476 3513 3524 καὶ
3577 3468 3821 3540 δοκιμαστὰς

2297 3557 2482 3618 αὐτοὺς
2538 3564 2633 3617 τῆς
2672 3559 2873 3610 ἐκείνων
2924 3564 3134 3629 γνώμης
3200 3558 3602 3631 immutantur;
3650 3562 3723 3609 καὶ
3762 3559 3820 3610 τὴν

2297 3650 2646 3719 χρηστότητα
2693 3646 3039 3718 λυπήσομενς
3106 3652 3195 3700 καὶ
3250 3654 3344 3707 τήν
3415 3649 3561 3713 τάξιν
3610 3644 3820 3700 ἀνασκευά-

2302 3754 2502 3807 σομεν;
2551 3739 2640 3787 καὶ
2688 3739 2774 3787 τὸν
2820 3739 2948 3790 Θεὸν
2994 3736 3382 3809 παροξυνοῦμεν
3416 3756 3434 3809 ;
3468 3760 3495 3788 n
3548 3731 3819 3805 Ταῦταμὲνό

2301 3827 2567 3886 Διονύσιος
2628 3829 2746 3896 περὶ
2804 3833 2903 3877 τῶν
2965 3824 3386 3888 ἑξησθενηκότων
3443 3826 3493 3880 ἕν
3544 3835 3611 3898 τῷ
3668 3822 3820 3892 διωγμῷ

2299 3918 2551 3986 γέγραφεν
2591 3930 2604 3943 '
2668 3914 2824 3966 ὁποῖα
2870 3910 2929 3967 δὲ
2967 3919 3053 3967 καὶ
3106 3914 3247 3986 αύτῷ
3287 3914 3463 3987 ἕκείνῳ
3526 3916 3723 3983 Ναυάτῳ
3763 3914 3819 3966 τὴν

2302 4000 2349 4055 ἐν
2404 4002 2572 4075 Ῥώμη
2630 4002 2941 4061 Ἐκκλησίαν
3014 4000 3382 4057 διασαλεύοντι
3436 4009 3668 4080 γέγραφε,
3712 4016 3820 4071 παρί-

2306 4092 2489 4145 θέσθαι
2555 4089 2780 4146 δίκαιον.
2858 4089 3071 4152 Ἐπειδὴ
3126 4095 3223 4168 γάρ
3299 4113 3444 4155 τινας
3512 4102 3605 4146 τῶν
3658 4087 3818 4159 ἀδελφῶν

2302 4179 2656 4254 προύϐἐϐλητο
2721 4181 2806 4233 ἐπὶ
2861 4184 3118 4256 προφάσει
3167 4190 3259 4235 τοῦ
3319 4189 3639 4256 σχίσματος,
3686 4182 3735 4239 ὡς
3776 4171 3817 4230 δέ

2304 4275 2433 4345 πρὸς
2508 4270 2675 4323 αὐτῶν
2759 4270 2958 4323 ἐκείνων
3075 4270 3472 4346 ἐκϐεϐιασμένος
3561 4272 3698 4325 ἔλθείν
3768 4267 3819 4316 ἐπὶ

2304 4368 2488 4423 ταῦτα,
2522 4360 2616 4431 ὅρα
2651 4365 2767 4412 τίνα
2805 4365 2995 4434 τρόπον
3038 4366 3131 4413 καὶ
3169 4361 3310 4423 αύτῷ
3361 4364 3550 4435 γράφει
3590 4378 3601 4391 ·
3636 4378 3661 4410 ι(
3700 4355 3819 4411 Attri-

542 4450 732 4514 modi,
767 4465 872 4522 per
892 4449 1013 4505 vim
1035 4449 1401 4505 descendere
1427 4457 1668 4518 coactus
1681 4455 1856 4516 esset,
1883 4449 2189 4515 conferret,

2309 4469 2421 4510 σιος
2466 4456 2777 4520 Ναυατιανῷ
2826 4446 3027 4522 ἀδελφῷ
3075 4455 3282 4525 χαίρειν
3327 4467 3339 4481 ·
3366 4451 3409 4504 εἰ
3462 4434 3616 4513 ἄκων,
3652 4450 3707 4507 ὡς
3744 4445 3815 4515 sit.

543 4539 699 4606 vide,
738 4554 965 4611 quaeso,
998 4539 1220 4609 quibus
1246 4538 1324 4593 ad
1352 4554 1490 4594 eum
1515 4544 1714 4594 utatur
1747 4538 1939 4593 verbis
1970 4556 1983 4594 :
2015 4558 2043 4590 «
2069 4538 2198 4593 Dio-

452 4652 471 4668 υ
547 4627 755 4699 nysius
786 4630 1010 4684 Novato
1036 4626 1201 4683 fratri
1232 4627 1505 4683 salutem.
1536 4627 1592 4683 Si
1636 4628 1954 4692 invitus,ut
1977 4627 2194 4700 inquis,

544 4716 662 4772 hoc
688 4717 919 4772 consilii
947 4717 1171 4788 cepisti,
1205 4716 1490 4788 idipsum,
1510 4717 1558 4771 si
1587 4716 1885 4773 voluntate
1912 4723 1968 4772 et
1988 4721 2199 4787 sponte

547 4810 654 4862 tua
681 4805 741 4861 in
783 4806 947 4861 viam
1004 4805 1266 4875 redieris,
1298 4805 1653 4861 declarabis.
1684 4808 1747 4862 Et
1793 4821 1912 4862 non
1949 4806 2197 4861 minoris

546 4896 814 4968 martyrii
848 4895 1044 4951 laudis
1074 4900 1131 4952 et
1174 4895 1376 4965 gloriae
1408 4895 1618 4961 fuerat,
1652 4896 1775 4951 imo
1816 4911 1950 4952 meo
1972 4895 2198 4966 judicio

547 4985 727 5040 etiam
754 4984 1022 5056 majoris,
1043 4983 1358 5041 Ecclesiam
1385 5000 1507 5040 non
1538 4984 1825 5048 scindere,
1858 5000 2044 5056 quam
2075 4985 2200 5041 ido-

544 5074 618 5130 lis
644 5089 765 5130 non
806 5074 1158 5129 sacriﬁcare.
1192 5075 1312 5131 Hac
1340 5075 1500 5129 enim
1526 5078 1695 5144 parte
1734 5073 1910 5128 alicui
1940 5074 2015 5129 de
2054 5090 2193 5140 una,

546 5178 737 5235 eaque
770 5178 883 5218 sua
911 5162 1099 5235 ipsius
1128 5164 1351 5229 anima,
1394 5161 1718 5233 suscipitur
1757 5167 2057 5218 certamen
2092 5182 2105 5218 :
2138 5164 2199 5218 in

548 5252 650 5308 illa
680 5256 902 5319 autem,
932 5252 1005 5307 de
1037 5252 1291 5308 Ecclesia
1332 5252 1609 5307 universa
1642 5251 1913 5323 martyrii
1943 5252 2202 5308 subeun-

550 5341 663 5397 dus
695 5346 785 5396 est
813 5356 990 5411 agon.
1036 5340 1286 5396 Proinde
1330 5341 1378 5395 si
1407 5341 1499 5395 vel
1546 5340 1930 5412 persuaseris,
1954 5340 2048 5397 vel
2073 5356 2201 5397 coe-

555 5430 711 5498 geris
737 5430 945 5485 fratres
977 5430 1054 5485 ad
1106 5430 1492 5486 concordiam
1525 5430 1733 5496 redire,
1768 5429 2051 5486 illustrior
2095 5431 2201 5487 tibi

556 5517 689 5590 ipso
715 5518 886 5591 lapsu
912 5518 1085 5574 fuerit
1114 5519 1555 5591 resipiscentia:
1588 5517 1766 5591 394
1794 5525 1850 5575 et
1880 5536 2015 5575 cum
2049 5536 2203 5578 erra-

2306 4541 2501 4610 ἧχθης,
2580 4534 2781 4604 δείξεις,
2833 4537 2893 4590 ἂν
2960 4537 3309 4613 ἀναχωρήσης
3378 4539 3527 4592 ἔχων.
3598 4532 3717 4591 Ἔδει

2305 4631 2406 4701 γὰρ
2457 4632 2546 4679 καὶ
2600 4633 2700 4679 πᾶν
2757 4628 2929 4680 ὁτιοῦν
2975 4630 3178 4697 παθεῖν,
3230 4630 3357 4702 ὑπὲρ
3390 4637 3482 4681 τοῦ
3527 4631 3595 4702 μὴ
3638 4618 3808 4688 dumi?“

2306 4722 2397 4775 τὴν
2450 4715 2765 4774 Ἐκκλησίαν
2822 4724 2915 4769 τοῦ
2967 4724 3101 4770 Θεοῦ
3136 4734 3149 4747 ·
3199 4722 3290 4770 καὶ
3345 4714 3405 4776 ἧν
3473 4717 3565 4770 οὐκ
3616 4711 3811 4775 uicisti?!

2307 4814 2403 4866 τῆς
2465 4805 2623 4858 ἕνεκεν
2697 4812 2790 4857 τοῦ
2873 4809 2945 4878 μὴ
3031 4801 3480 4881 εἰδωλολατρῆσαι
3541 4792 3811 4878 γενομένηςίῖ

2308 4897 2453 4948 ἓνεκα
2506 4901 2596 4946 τοῦ
2634 4898 2706 4965 μὴ
2771 4898 2967 4966 σχίσαι
3022 4899 3313 4968 μαρτυρίου
3347 4912 3360 4925 ⁸
3399 4894 3518 4947 κατ’
3560 4896 3639 4966 ἐμὲ
3682 4885 3726 4941 δε
3764 4886 3817 4933 ut

2308 4984 2519 5057 μείζων.
2570 4983 2710 5036 Ἐκεῖ
2763 4987 2851 5055 μεν
2916 4986 3014 5055 γὰρ
3077 4985 3202 5056 ύπερ
3261 4990 3386 5056 μιᾶς
3439 5003 3522 5046 τις
3573 4991 3654 5041 τῆς
3696 4976 3819 5030 ἑαυτοῦ

2308 5072 2510 5145 ψυχῆς,
2557 5071 2778 5125 ἐνταῦθα
2828 5068 2887 5125 δε
2937 5075 3061 5147 ὑπερ
3107 5074 3225 5135 ὅλης
3275 5081 3365 5134 τῆς
3410 5072 3696 5131 Ἐκκλησίας
3729 5078 3821 5135 μεθ’

2308 5170 2473 5238 τυρεῖ.
2516 5167 2616 5216 Καὶ
2666 5169 2753 5213 νῦν
2795 5158 2853 5215 δε
2892 5162 2935 5214 εἰ
2981 5167 3199 5228 πείσεις,
3240 5163 3269 5221 ἣ
3320 5160 3534 5235 βιάσαιο
3583 5163 3683 5218 τούς
3722 5146 3819 5238 ἀδελ

2312 5256 2434 5324 φοὺς
2466 5252 2532 5312 εἰς
2580 5253 2817 5323 ὁμόνοιαν
2865 5252 3045 5316 ἕλθεῖν,
3088 5252 3266 5324 μεῖζον
3314 5254 3462 5305 ἔσται
3508 5256 3588 5303 σοι
3613 5253 3690 5301 τοῦ
3715 5234 3820 5311 σφιῖ·

2310 5360 2471 5414 ματος
2524 5345 2581 5393 τό
2636 5342 2982 5414 κατόρθωμα’
3015 5346 3105 5394 καὶ
3152 5345 3209 5394 τὸ
3256 5343 3346 5413 μεν
3394 5341 3454 5394 ού
3501 5338 3814 5411 λόγισθππαιε

2310 5432 2376 5483 τὰ
2446 5427 2505 5482 δὲ
2572 5428 2985 5489 ἐπαινεθήσεται.
3035 5430 3096 5483 Εἰ
3161 5427 3219 5483 δε
3285 5429 3621 5483 ἀπειθούντων
3684 5417 3818 5475 ἀδυνί·

2314 5524 2478 5587 τοίης,
2546 5520 2725 5581 σώζων
2804 5522 2938 5583 σῶζε
3010 5523 3105 5579 τὴν
3187 5526 3404 5573 σεαυτοῦ
3465 5518 3654 5591 ψυχήν·
