4036 6288
172 268 308 323 1141

1228 270 1800 329 ECCLESIASTICE
1841 272 2188 328 HISTORIA)
2229 273 2356 328 LIB.
2402 274 2497 329 Vl.

3400 272 3531 326 1142

167 397 299 448 σθαι
363 413 420 448 σε
477 394 724 470 ἔχομενον
790 404 886 459 τῆς
949 399 1178 472 εἰρήνης,
1247 397 1294 451 ἓν
1358 405 1532 474 Κυρίῳ
1607 403 1763 471 εὔχο-

1883 403 2002 455 tum
2047 399 2150 455 tibi
2203 401 2344 457 vitio
2406 401 2650 458 minime
2718 405 2989 468 vertetur,
3048 404 3174 457 tum
3217 399 3532 471 castigatio

165 504 288 555 μαι.
329 506 350 534 ε

1873 490 2134 545 maxime
2159 489 2322 546 laudi
2348 492 2472 546 erit.
2507 491 2679 557 Quod
2710 493 2755 545 si
2788 491 2919 547 illos
2953 507 3168 563 parum
3209 489 3313 547 tibi
3354 488 3530 545 obse-

164 577 424 646 quentes
448 574 508 630 in
535 577 825 647 potestate
857 580 958 632 tua
986 591 1108 632 non
1133 575 1338 644 habes,
1375 582 1545 634 tuam
1581 577 1794 635 saltem
1825 578 2012 652 ipsius
2055 581 2324 636 animam
2377 596 2642 646 servans,
2677 584 2934 638 servato.
2967 580 3174 636 Valere
3201 584 3275 649 te,
3321 583 3532 652 quate-

163 677 286 718 nus
327 677 540 735 pacem
569 665 952 733 consectaris,
983 664 1045 722 in
1069 665 1324 723 Domino
1353 672 1518 740 opto.
1547 687 1572 720 ε

799 785 1046 836 ΚΕΦΑΛ.
1079 781 1152 836 Ε’.

164 889 327 959 Περὶ
363 892 478 963 τῷν
517 884 574 938 ἓν
610 886 814 963 Ῥλώμη
860 895 967 943 καὶ
1005 889 1064 940 ἓν
1104 888 1380 963 Ἀφρικῇ
1422 894 1771 963 γενομένων

244 954 586 1037 συνόδωνὶ.
637 957 690 1010 αἱ
735 954 863 1018 ’τὴν
927 967 1050 1014 τοῦ
1122 954 1441 1016 Ναυάτου’
1505 954 1770 1037 αἵρεσιν

240 1027 682 1104 ἀπεκήρυξαν.

237 1141 486 1196 Ναυᾶτος
551 1133 610 1188 δί
674 1144 736 1210 τῇ
787 1140 896 1206 ίτῆς
952 1137 1141 1210 ψυχῆς
1185 1140 1512 1214 ὑπερηφανίᾳ
1571 1141 1765 1214 ἀρθεὶς,

157 1223 356 1300 ὀνίδῃν
422 1229 689 1302 κηρύττων
754 1232 844 1280 καὶ
912 1227 1397 1303 παρρησιαζόμενος
1453 1233 1634 1302 μηκέτ’
1698 1227 1770 1283 εἶ-

156 1335 252 1367 ναι
315 1320 581 1390 σωτηρίας
627 1313 818 1370 ἐλπίδα
866 1323 975 1379 τοῖς
1033 1319 1081 1368 ἐν
1139 1326 1211 1390 τῷ
1280 1314 1499 1391 διωγμῷ
1539 1338 1768 1392 παραπε-

159 1411 352 1471 σοῡσι,
383 1407 478 1458 κάν
510 1408 682 1459 πάντα
729 1405 831 1459 ὃσα
885 1410 1009 1479 πρὸς
1060 1407 1378 1482 ἑπιστροφήν
1414 1413 1632 1480 γνησίαν
1680 1414 1766 1462 καὶ

158 1492 540 1566 ἕξομολόγησιν
582 1492 996 1570 διαπράξωνται,
1038 1497 1324 1569 εἰσηγεῖτο.
1367 1504 1468 1552 Καὶ
1516 1501 1768 1570 σύστημα

158 1586 264 1635 οὐκ
318 1583 517 1655 ἁγεννες
575 1584 717 1654 αὐτῷ
778 1586 1150 1658 συνηθροίζετο
1205 1603 1218 1616 ⁸

159 1675 440 1745 ἱπισήμων
470 1681 530 1746 τῇ
573 1673 768 1727 ἐκείνου
809 1677 1174 1746 καθυπήγοντο
1214 1675 1376 1749 πλάνῃ
1415 1695 1428 1708 ·
1473 1675 1524 1728 οἳ
1565 1673 1632 1735 δὴ
1678 1682 1768 1729 καὶ

159 1763 306 1813 κατὰ
385 1766 642 1834 φυσίωσιν
715 1762 970 1835 λογισμοῦ
1033 1766 1302 1836 Καθαροὺς
1367 1764 1584 1827 ἑαυτοὺς
1654 1768 1768 1818 ἑπέ-

157 1869 386 1923 γραφον,
441 1852 541 1902 ύπό
592 1870 695 1902 τινι
756 1850 980 1925 ἀρχηγῷ
1023 1859 1113 1904 καὶ
1182 1855 1495 1927 στρατάρχῃ
1563 1873 1770 1906 σατανι-

160 1946 265 1991 κοῦ
347 1938 690 2012 ἇξηγουμίνου
768 1949 994 2014 στρατοῦ
1070 1950 1139 2012 τῷ
1224 1944 1450 2014 Ναυάτῳ
1523 1944 1770 2017 ῥυπαρῶς

169 2030 644 2100 στρατηγούμενοι.
707 2029 950 2104 Ὀρῶντες
1040 2035 1212 2082 τοίνυν
1287 2033 1336 2083 οἱ
1419 2040 1517 2083 τῶν
1588 2031 1775 2090 ἔκκλη-

169 2125 301 2169 σιῶν
353 2118 597 2190 ἡγεμόνες
647 2122 742 2176 τὴν
798 2118 964 2190 λύμην
1030 2119 1164 2171 οὕτω
1211 2119 1616 2192 προϐαίνουσαν,
1683 2126 1772 2174 καὶ

165 2204 364 2278 μᾶλλον
419 2208 446 2258 6
506 2205 704 2278 Ῥώμης
770 2208 1067 2282 Κορνήλιος,
1134 2214 1223 2261 καὶ
1307 2211 1332 2261 6
1393 2219 1489 2272 τῆς
1561 2210 1769 2284 Ἄφρων

169 2296 508 2370 Καρθαγένης
564 2300 859 2370 Κυπριανὸς
913 2297 1078 2369 (ούπω
1133 2300 1234 2371 γὰρ
1277 2295 1338 2356 ἦν
1370 2308 1441 2369 τῷ
1480 2301 1598 2370 θείῳ
1635 2319 1772 2372 μαρ-

168 2388 334 2456 τυρίῳ
379 2387 652 2456 στεφθεὶς),
704 2387 728 2437 6
792 2389 881 2456 μεν
940 2383 1160 2440 σύνοδον
1229 2386 1312 2440 ἐπὶ
1374 2387 1576 2460 Ῥώμης
1628 2399 1770 2461 μεγί‹

176 2492 326 2537 στην,
369 2474 661 2546 Κυπρωνὸς
709 2471 768 2527 δε
824 2479 960 2527 κατὰ
1011 2481 1102 2534 τὴν
1150 2475 1358 2551 Ἄφρων
1413 2481 1766 2549 Καρθάγεναν,

175 2568 549 2635 συνεκρότουν·
603 2565 670 2614 ὧν
701 2563 832 2636 ξ’μεν
885 2561 1019 2624 ἦσαν
1075 2569 1374 2633 επίσκοποι,
1429 2573 1518 2619 καὶ
1564 2567 1769 2630 πλείους

177 2649 237 2705 δὲ
288 2651 335 2704 οἳ
375 2650 736 2726 πρεσϐυτέρων
800 2658 890 2706 καὶ
949 2651 1204 2706 διακόνων
1255 2655 1465 2727 ἐπεῖχον
1507 2654 1709 2729 βαθμὸν
1753 2675 1766 2688 ·

177 2744 268 2791 καὶ
323 2736 432 2812 ἰδίᾳ
476 2737 536 2792 δὲ
583 2741 734 2794 ἄλλαι
784 2745 920 2795 κατὰ
963 2746 1152 2805 τόπους
1203 2749 1292 2795 καὶ
1349 2745 1631 2819 ἐπαρχίας.
1677 2747 1770 2807 Οἷς

185 2825 613 2902 διασνεψαμίνοις
675 2836 771 2903 μία
836 2831 1009 2905 ψῆφος
1071 2839 1177 2895 τοῖς
1241 2839 1376 2886 πᾶσι
1450 2839 1766 2908 παρίστατο,

183 2923 412 2971 Ναυᾶτον
473 2921 566 2991 μὶν
615 2925 704 2972 καὶ
765 2924 883 2982 τοὺς
932 2925 1026 2973 σύν
1085 2920 1222 2994 αὑτῷ
1291 2921 1624 2990 ἐπισκόπους,
1681 2931 1770 2977 καί

1282 1591 1371 1638 καὶ
1423 1587 1602 1639 πολλοὶ
1668 1596 1768 1638 τῶν

180 3008 293 3060 ὃσοι
360 3015 418 3080 τῇ
496 3007 825 3083 ἀπανθρώπῳ
890 3015 1068 3084 γνώμῃ
1152 3011 1320 3064 αὐτῶν
1385 3009 1768 3083 συνηυδόκουν,

174 3095 474 3169 ἀλλοτρίους
525 3080 742 3170 πάμπαν
795 3080 905 3160 τῆς
939 3080 1250 3162 Ἐαιιλησίας
1307 3103 1552 3172 ἡγεῖσθαι
1588 3119 1600 3133 ·
1650 3080 1770 3166 τοὺς
1803 3080 1842 3135 C

175 3183 237 3239 δε
295 3194 393 3238 τῶν
454 3183 688 3258 ἀδελφῶν
750 3194 1232 3262 παραπεπτωκότας
1297 3196 1387 3242 καὶ
1456 3194 1770 3264 προσίεσθαι

171 3278 260 3328 καὶ
312 3277 606 3350 θεραπεύειν
669 3272 722 3328 εὖ
779 3276 940 3349 μάλα,
1000 3277 1123 3341 οἰξια
1178 3288 1268 3340 τῆς
1322 3285 1593 3350 μετανοίας
1657 3280 1765 3334 ἐπιδ

175 3361 535 3436 δεικνυμένους
595 3368 663 3418 τὰ
727 3367 992 3439 φάρμακα.
1055 3367 1281 3425 Δηλοὺσι
1350 3371 1416 3420 τὰ
1484 3374 1618 3422 κατὰ
1668 3375 1762 3428 τὴν

177 3450 396 3508 σύνοδον
442 3452 490 3506 ἄν
550 3453 718 3527 Ῥώμη
780 3457 1202 3526 συγκροτηθίντα
1247 3476 1258 3488 ·
1316 3459 1390 3509 ἔτι
1453 3455 1512 3510 δὲ
1568 3464 1654 3511 καὶ
1707 3461 1770 3513 τὰ

174 3548 275 3617 πρὸ
323 3546 520 3606 ταύτης
557 3543 605 3596 ἓν
654 3544 849 3617 Ἰταλίᾳ
879 3550 968 3597 καὶ
1029 3545 1271 3618 Ἀφρικῇ,
1332 3547 1395 3608 ἧς
1452 3553 1766 3619 Κυπριανὸς,

175 3636 245 3696 ὡς
288 3636 508 3706 εἴρηται,
557 3635 836 3704 καθηγεῖτο
894 3652 906 3662 '
972 3635 1252 3707 Κορνηλίου
1292 3654 1346 3688 τε
1379 3643 1471 3687 τοῦ
1505 3636 1769 3708 Ῥωμαίων

173 3721 457 3776 ἕπισκόπου
515 3728 712 3796 γραφαί
755 3742 768 3755 ·
819 3728 908 3775 καὶ
954 3722 1107 3776 οἷλλαι
1137 3721 1196 3776 δε
1248 3723 1532 3796 Ῥωμᾶῖστὶ
1599 3747 1769 3780 συντε-

174 3816 424 3884 ταγμέναι
488 3818 786 3885 Κυπριανοῡ
851 3817 939 3864 καί
1011 3821 1109 3864 τῶν
1176 3815 1286 3885 ἅμα
1351 3815 1486 3885 αύτῷ
1561 3815 1769 3868 ἐπισκό-

174 3919 282 3954 πων
315 3918 327 3929 ·
373 3897 447 3953 δι’
495 3901 562 3952 ὧν
619 3901 920 3973 ἐμφαίνεται
963 3899 1293 3955 συνευδοκεῖν
1345 3905 1580 3964 ἅπαντας
1634 3913 1768 3980 χρῇ-

170 4007 256 4040 ναι
286 3985 494 4060 βοηθεῖν
546 3996 654 4050 τοῖς
703 3990 978 4047 ἡττηθεῖσι
1030 3997 1102 4060 τῷ
1169 4000 1464 4062 πειρασμῷ,
1527 3997 1616 4044 καὶ
1679 4001 1770 4053 τῆς

175 4075 472 4140 ἀνηκούσης
517 4076 818 4150 ἐπικουρίας
880 4082 1295 4150 κατατυγχάνειν
1357 4102 1370 4114 ·
1448 4081 1525 4133 ἔτι
1576 4079 1634 4134 δὲ
1681 4087 1770 4134 καὶ

173 4167 241 4226 ὡς
283 4170 454 4240 χρεὼν
506 4165 821 4239 ὶκκήρυκτον
869 4164 998 4219 εἶναι
1059 4171 1143 4220 τὸν
1191 4177 1288 4232 τῆς
1340 4171 1584 4244 αἱρέσεως
1640 4173 1771 4241 ἡγη-

180 4255 420 4326 σάμενον,
471 4261 560 4307 καὶ
633 4257 831 4318 πάντας
888 4259 1002 4317 τοὺς
1055 4256 1240 4318 ἐπίσης
1300 4257 1472 4330 ἐκείνῳ
1531 4267 1770 4332 φρονοῦν-

1011 3821 1109 3864 τῶν
1176 3814 1286 3885 ἅμα
1351 3814 1486 3885 αύτῷ

172 4363 268 4405 τας
301 4360 314 4373 ⁶
355 4349 444 4397 καὶ
499 4344 626 4403 άλλη
682 4344 963 4418 Κορνηλίου
1003 4352 1175 4418 γραφὴ
1217 4352 1345 4420 πρὸς
1389 4348 1571 4401 λεπτὸν
1611 4353 1675 4402 τὰ
1703 4355 1798 4422 τῇ

174 4429 382 4505 συνόδῳ
423 4429 648 4496 δόξαντα
691 4431 908 4486 διιοῦσα
941 4455 953 4466 ·
1004 4440 1094 4488 καὶ
1133 4432 1278 4497 αὖθις
1336 4437 1481 4511 ἑτέρα
1525 4441 1592 4490 τὰ
1635 4442 1769 4492 κατὰ

166 4527 412 4576 Ναυᾶτον
467 4519 739 4585 διεξιοῦσα
786 4540 799 4552 ·
856 4523 917 4581 ἣν
973 4523 1145 4596 Φαϐίῳ
1202 4522 1273 4596 τῷ
1313 4527 1403 4586 τῆς
1443 4525 1768 4598 Ἀντιοχείας

173 4617 417 4684 ἀρχιερεῖ
464 4611 777 4683 ἐνεχάραττε
814 4617 1054 4664 Ναυᾶτον
1110 4615 1282 4674 ὁποῖος
1321 4633 1400 4676 τις
1427 4611 1509 4673 ἦν.
1563 4615 1653 4678 Ἐξ
1705 4618 1767 4686 ἧς

169 4704 266 4752 καὶ
325 4703 388 4752 τὰ
441 4700 596 4753 πλείω
653 4709 744 4761 τῆς
801 4704 1046 4754 Ναυάτου
1118 4699 1403 4776 βδελυρίας
1455 4706 1484 4762 ἡ
1559 4706 1768 4777 ἱστορία

170 4792 461 4859 συνήγαγε.

2537 785 2761 842 CAPUT
2808 787 2870 842 V.

1881 891 1967 948 De
1985 891 2225 962 synodi:
2244 893 2441 949 Roma
2465 899 2520 948 et
2551 893 2613 948 in
2635 893 2848 961 Africa
2875 892 3092 949 coactis
3112 907 3242 964 qua
3260 891 3530 949 haresim

2375 964 2599 1022 Novati
2645 965 3033 1022 damnarunt.

1952 1145 2211 1199 Novatus
2254 1147 2454 1199 autem
2495 1143 2681 1200 animi
2734 1142 3078 1212 arrogantia
3141 1143 3531 1200 transversim

1881 1236 2070 1298 actus,
2104 1231 2418 1304 propalam
2466 1236 2523 1287 et
2573 1232 2952 1303 impudenter
3002 1247 3226 1302 magna
3263 1231 3533 1288 libertate

1879 1321 2215 1394 praedicans
2240 1321 2514 1386 docebat,
2547 1320 2776 1376 nullam
2802 1337 2933 1376 esse
2965 1320 3170 1377 salutis
3197 1336 3366 1392 spem
3397 1321 3534 1376 reli-

1878 1427 2064 1485 quam
2079 1411 2161 1466 eis
2173 1411 2276 1482 qui
2291 1411 2764 1481 persecutionum
2777 1410 3136 1482 temporibus
3149 1409 3300 1481 lapsi
3313 1418 3529 1476 essent,

1879 1501 2158 1573 quamvis
2188 1499 2394 1554 omnia
2413 1515 2548 1570 quas
2575 1503 2652 1555 ad
2681 1499 3010 1568 legitimam
3033 1503 3087 1554 et
3115 1515 3316 1553 veram
3343 1498 3534 1570 perti-

1878 1593 2022 1644 nent
2049 1587 2507 1643 conversionem
2549 1591 2604 1642 et
2646 1585 3111 1651 confessionem,
3158 1586 3529 1656 perfecerint.

1879 1680 1993 1734 Nec
2023 1676 2528 1732 contemnendam
2559 1675 2636 1731 ad
2669 1691 2730 1731 se
2757 1680 3125 1746 pertraxerat
3156 1681 3334 1747 atque
3360 1675 3533 1730 colle-

1881 1771 2044 1836 gerat
2078 1765 2540 1829 multitudinem,
2574 1769 2629 1819 et
2666 1764 2866 1836 plures
2909 1779 2982 1819 ex
3022 1764 3162 1818 viris
3200 1763 3532 1820 celebribus

1879 1855 2008 1926 ejus
2039 1857 2445 1925 sequebantur
2466 1868 2725 1908 errorem
2760 1869 2898 1926 :qul
2929 1869 3035 1925 per
3064 1852 3301 1908 inﬂatas
3323 1868 3531 1908 eorum

1880 1950 2134 2008 mentes,
2152 1943 2437 1999 Catharos
2462 1948 2517 1997 et
2536 1958 2720 2014 puros
2733 1942 2962 2014 seipsos
2984 1942 3303 2006 vocabant,
3324 1957 3360 1996 a
3377 1941 3530 1998 duce

1881 2040 1937 2090 et
1990 2035 2347 2104 imperatore
2394 2031 2674 2087 diabolici
2705 2031 2996 2088 examinis
3026 2034 3248 2087 Novato
3280 2031 3532 2102 turpiter

1882 2127 1938 2179 et
1968 2124 2201 2194 impure
2227 2121 2406 2176 ducti.
2430 2120 2628 2176 Talem
2659 2126 2856 2175 autem
2886 2119 3154 2174 Ecclesiae
3185 2119 3418 2175 cladem
3447 2119 3530 2175 la-

1881 2213 1996 2268 tius
2025 2217 2384 2282 serpentem,
2417 2225 2551 2264 cum
2584 2209 2972 2266 ecclesiarum
2997 2209 3307 2274 antistites,
3332 2209 3390 2263 in
3416 2209 3531 2280 pri-

1880 2303 1996 2357 mis
2029 2317 2168 2355 vero
2202 2302 2484 2355 Romamre
2523 2299 2847 2360 Cornelius,
2876 2306 2930 2352 et
2957 2298 3438 2367 Carthaginensis
3470 2299 3529 2353 in

1879 2390 2075 2445 Africa
2103 2390 2182 2460 (1)
2211 2389 2563 2461 Cyprianus,
2595 2387 2891 2459 (nondum
2917 2388 3075 2442 enim
3103 2403 3272 2442 sacro
3303 2392 3530 2459 marty-

1879 2482 1968 2535 rio
1987 2484 2307 2534 coronatus
2331 2478 2541 2545 fuerat)
2569 2476 2832 2549 episcopi
2854 2477 3144 2537 viderent.
3163 2476 3256 2532 ille
3283 2475 3529 2548 quidem

1879 2571 2102 2635 Romae,
2129 2567 2225 2622 hic
2247 2573 2448 2623 autem
2461 2565 2817 2636 Carthagine
2840 2564 3104 2637 synodos
3127 2570 3183 2620 et
3201 2570 3530 2621 conventus

1881 2657 2180 2713 maximos
2211 2671 2384 2725 egere
2435 2658 2537 2710 :in
2568 2655 2786 2727 quibus
2832 2655 3141 2724 sexaginta
3196 2655 3355 2709 fuere
3402 2654 3528 2726 epi-

1879 2747 2044 2818 scopi
2071 2746 2172 2818 (2),
2195 2745 2514 2817 presbyteri
2544 2750 2744 2800 autem
2769 2748 2823 2800 et
2849 2743 3087 2799 diaconi
3108 2743 3284 2812 longe
3309 2743 3526 2814 plures.

1881 2835 2184 2894 Celebrata
2212 2849 2454 2906 quoque
2485 2833 2604 2889 alia
2656 2833 2906 2889 seorsim
2950 2833 3012 2888 in
3050 2833 3253 2890 multis
3291 2832 3435 2888 locis
3475 2836 3531 2887 et

1879 2923 2203 2997 provinciis
2235 2923 2488 2979 concilia
2519 2939 2532 2977 :
2562 2938 2822 2994 quorum
2853 2921 3125 2977 omnium
3155 2921 3386 2977 calculo
3411 2936 3530 2976 uno

1879 3013 2184 3070 decretum
2201 3017 2306 3076 est.
2333 3015 2624 3068 Novatum
2648 3012 2729 3083 (3)
2752 3010 2999 3084 quidem
3029 3011 3530 3082 adhmrentesque

1879 3103 1932 3159 ei
1954 3103 2295 3174 episcopos,
2322 3106 2376 3157 et
2395 3102 2739 3174 quicunque
2792 3105 3080 3172 praeterea
3106 3099 3529 3155 inbumaniore

1878 3191 2169 3248 sententia
2221 3190 2567 3260 opinionem
2616 3188 2852 3244 illorum
2905 3187 3390 3259 comprobarent,
3451 3187 3530 3242 ab

1878 3280 2138 3337 Ecclesia
2158 3277 2625 3350 proscribendos
2653 3293 2920 3348 prorsus,
2952 3277 3155 3348 lapsos
3182 3282 3384 3333 autem
3415 3275 3532 3333 fra-

1878 3376 1996 3426 tres
2036 3369 2460 3431 admittendos,
2498 3367 2956 3438 humaniterque
3006 3367 3350 3422 tractandos
3375 3382 3530 3432 esse,

1878 3459 2210 3528 condignos
2228 3457 2572 3528 poenitentia
2593 3456 2942 3511 exhibentes
2963 3455 3212 3512 fructus.
3243 3457 3393 3511 Satis
3413 3454 3530 3509 hoc

1877 3548 2199 3605 ostendunt
2227 3549 2510 3602 Romanis
2532 3544 2767 3616 synodi,
2792 3550 2972 3616 atque
2992 3544 3172 3600 etiam
3188 3559 3394 3599 eorum
3426 3543 3530 3613 qui

1877 3645 2014 3693 ante
2045 3652 2179 3691 eam
2219 3635 2276 3689 iu
2305 3634 2470 3690 Italia
2500 3641 2555 3689 et
2598 3631 2792 3687 Africa
2821 3633 2908 3705 (in
2935 3649 3058 3702 qua
3083 3648 3390 3687 sacrorum
3420 3647 3531 3686 an-

1877 3726 2061 3791 tistes,
2114 3731 2180 3780 ut
2227 3723 2514 3785 diximus,
2575 3723 2906 3794 Cyprianus
2963 3721 3092 3791 fuit)
3145 3721 3331 3776 coacti
3367 3726 3528 3789 sunt,

1878 3820 2282 3872 conventuum
2308 3817 2441 3867 acta
2467 3815 2523 3866 et
2551 3811 2822 3866 decreta:
2858 3825 2965 3866 nec
2996 3825 3117 3865 non
3147 3809 3396 3864 Cornelii
3421 3810 3530 3864 Ro-

1878 3904 2042 3960 mani
2081 3902 2370 3973 episcopi,
2397 3907 2576 3972 atque
2609 3899 2789 3954 etiam
2819 3898 3124 3970 Cypriani,
3153 3897 3530 3969 aliorumque

1877 3995 2144 4067 quicum
2177 4005 2248 4045 eo
2284 3989 2445 4044 fuere
2490 3988 2914 4058 episcoporum
2960 3989 3160 4042 Latine
3191 3986 3529 4058 composita

1879 4083 2118 4152 scripta,
2150 4085 2310 4136 certo
2354 4076 2791 4142 conﬁrmantia,
2832 4077 3118 4131 omnibus
3161 4082 3286 4131 tum
3332 4077 3528 4130 visum

1879 4187 2031 4236 esse,
2087 4174 2150 4224 ut
2201 4175 2257 4223 et
2313 4167 2496 4238 lapsis
2529 4166 2588 4220 in
2629 4165 3039 4236 persecutione
3081 4165 3523 4227 subveniretur,

1879 4260 2271 4330 debitumque
2299 4255 2586 4312 auxilium
2627 4254 3045 4324 impertiretur,
3087 4260 3143 4308 et
3175 4259 3383 4310 auctor
3403 4253 3526 4308 hie-

1877 4349 2048 4413 resis,
2078 4348 2158 4404 ita
2196 4352 2258 4401 ut
2301 4361 2412 4417 par
2451 4349 2596 4409 erat,
2632 4359 2753 4398 una
2795 4359 2932 4398 cum
2961 4343 3244 4398 omnibus
3275 4348 3531 4398 sectato-

1878 4439 2042 4493 ribus
2065 4437 2188 4491 suis
2206 4451 2310 4506 per
2322 4432 3007 4488 excommunicationem
3037 4431 3526 4503 proscriberetur.

1878 4530 2076 4582 Exstat
2095 4523 2258 4580 aliud
2270 4537 2513 4594 quoque
2529 4521 2817 4591 scriptum
2830 4520 3197 4590 Cornelii(4),
3215 4521 3272 4574 in
3295 4536 3414 4590 quo
3434 4536 3530 4574 co-

1876 4617 2041 4689 piose
2065 4617 2396 4669 conventus
2426 4609 3089 4680 consultaexponuntur
3119 4625 3131 4673 ;
3161 4609 3336 4680 395
3365 4608 3530 4664 aliud

1877 4701 2198 4774 item,quod
2214 4703 2289 4756 ad
2306 4699 2625 4755 Fabianum
2638 4697 3062 4754 Antiochenum
3077 4699 3431 4768 episcopum
3444 4703 3532 4753 est

1876 4793 2107 4856 datum,
2130 4791 2188 4845 in
2219 4805 2340 4861 quo
2366 4804 2458 4843 res
2481 4790 2687 4844 Novati
2723 4802 2843 4842 una
2871 4802 3007 4841 cum
3035 4786 3165 4857 ipso
3183 4787 3531 4842 describun-

161 4881 289 4934 tur.
320 4878 481 4934 Unde
507 4878 684 4935 etiam
726 4878 1012 4952 pleraque
1051 4879 1126 4935 de
1165 4880 1400 4951 ineptiis
1441 4886 1496 4936 et
1552 4880 2044 4938 detestationibus
2093 4880 2222 4950 ejus
2287 4878 2347 4933 in
2401 4882 2664 4932 nostram
2703 4875 2861 4931 hanc
2897 4875 3314 4930 transtulimus
3345 4875 3526 4931 histo-

164 4967 350 5022 riam.

248 5071 328 5144 (ι)
347 5075 516 5157 Recte
534 5087 677 5157 ergo
707 5074 1059 5131 Prudentius
1090 5076 1454 5157 Cyprianum
1483 5076 1595 5132 sub
1619 5078 1780 5133 Vale-

165 5143 429 5219 rianoet
458 5144 702 5201 Galieno
733 5161 976 5219 passum
1018 5143 1270 5219 scripsit.

251 5215 329 5285 (2)
354 5217 471 5272 Hoc
493 5215 826 5274 tantum‘de
846 5220 1014 5274 Rom.
1041 5215 1296 5276 concilio
1335 5219 1510 5277 refert
1539 5220 1776 5290 Euseb.,

168 5286 284 5360 lib.
317 5302 564 5360 ercap:
595 5291 681 5344 43.

252 5358 330 5429 (3)
355 5357 714 5434 Hippolytus
741 5359 1080 5416 Portuensis
1106 5362 1423 5434 episcopus
1453 5368 1510 5417 et
1550 5367 1778 5434 martyr

173 5445 335 5505 cum
351 5429 429 5486 ad
461 5429 825 5502 supplicium
851 5429 1182 5505 raperetur,
1219 5439 1281 5489 ut
1314 5429 1403 5489 est
1437 5434 1600 5505 apud
1635 5429 1778 5490 Pru-

173 5501 470 5567 dentium,

173 5573 522 5644 Respondit,
556 5573 787 5646 Fugite,
831 5590 864 5632 ο
895 5575 1114 5639 miseri.
1156 5577 1526 5635 exsecranda
1556 5577 1778 5634 Novati

1959 5077 2306 5142 Schismata,
2340 5073 2663 5130 Catholicis
2684 5071 2910 5129 reddite
2931 5088 3028 5128 vos
3055 5075 3312 5142 populis.

1894 5148 2025 5206 Una
2048 5149 2193 5216 ﬁdes
2220 5147 2434 5216 vigeat,
2490 5147 2681 5213 prisco
2725 5160 2852 5216 qum
2883 5144 3122 5201 condita
3164 5144 3376 5215 tempto
3422 5151 3527 5216 est,

1961 5215 2148 5286 Quam
2173 5215 2396 5276 Paulus
2417 5217 2648 5280 retinet,
2678 5215 2971 5287 quamque
2992 5216 3281 5272 cathedra
3307 5215 3491 5271 Petri.

1888 5291 2024 5356 Quae
2050 5291 2245 5355 docui,
2275 5289 2540 5345 docuisse
2564 5288 2742 5358 piget.
2787 5287 3130 5344 Venerabile
3149 5293 3381 5357 martyr

1958 5363 2145 5418 Cerno
2176 5361 2333 5432 quod
2366 5376 2402 5417 a
2433 5360 2596 5415 cultu
2622 5359 2798 5432 rebar
2823 5362 3022 5432 abesse
3051 5358 3174 5415 Dei.

1957 5435 2032 5505 (4)
2113 5429 2372 5505 insigne
2449 5431 2878 5487 retractationis
2957 5446 3061 5486 seu
3134 5429 3531 5486 revocationis

1884 5504 2253 5578 exemplum.
