4036 6288
528 198 660 254 1143

1159 313 1383 371 CAPUT
1425 313 1510 369 VI.

517 422 604 478 De
615 420 885 491 Dionysii
899 421 1158 491 epistolis
1173 422 1246 478 de
1257 420 1600 493 paenitentia
1616 437 1634 474 :
1648 425 1702 476 et
1721 435 1878 493 nova
1897 420 2167 477 narratio

587 493 661 548 de
705 494 958 564 quodam
988 492 1325 564 Serapione,
1355 493 1458 564 qui
1487 495 1548 547 in
1573 492 1916 563 pauitantia
1973 506 2169 548 sacro-

585 571 796 620 sancta
824 565 1125 636 mysteria,
1160 569 1485 622 extremum
1506 565 1782 632 spiritum
1814 577 2014 635 agens,
2038 578 2171 634 per-

591 636 760 704 cepit.

515 733 520 742 “
591 741 679 797 Ad
713 741 960 798 Fabium
1001 757 1138 798 eum
1168 743 1271 814 (1),
1302 741 1363 797 in
1395 741 1601 798 Novati
1633 744 1857 798 sectam
1893 740 2168 814 aliquan-

518 830 710 886 tulum
742 832 1148 898 inclinantem,
1182 846 1364 904 quem
1393 830 1575 886 modo
1614 830 1897 894 diximus,
1929 829 2168 886 divinus

519 920 610 975 vir
657 920 973 993 Dionysius
1031 920 1318 985 scribens,
1375 919 1636 991 plurima
1690 920 1765 974 de
1820 920 2168 990 panitentia

519 1008 790 1064 disserit:
824 1014 880 1065 et
912 1015 1240 1080 martyrum
1271 1009 1602 1065 certamina
1636 1010 1764 1080 jam
1787 1009 1925 1064 inde
1957 1009 2035 1065 ab
2060 1009 2170 1065 ini-

521 1098 601 1156 tio
639 1099 1003 1164 discernens,
1064 1099 1233 1154 sicuti
1289 1105 1345 1154 et
1389 1114 1500 1154 nos
1551 1100 1960 1170 exposuimus,
1989 1103 2168 1170 atque

438 1253 440 1256 _
521 1186 636 1243 alia
661 1188 850 1244 multa
874 1186 1150 1251 efferens,
1177 1187 1572 1244 admiratione
1595 1187 1887 1258 quiddam
1913 1187 2167 1258 dignum

521 1283 836 1342 memorat,
869 1276 1034 1348 quod
1061 1276 1178 1332 hoc
1205 1291 1448 1348 quoque
1477 1275 1611 1332 loco
1638 1279 1983 1347 tempestive
2016 1277 2166 1334 refe-

519 1367 774 1421 rendum
797 1366 960 1420 duxi.
988 1388 1016 1416 «
1042 1365 1373 1430 Unumtibi,
1394 1366 1606 1437 inquit,
1630 1367 1972 1438 exemplum
2001 1366 2168 1439 quod

520 1454 683 1526 apud
716 1470 826 1509 nos
852 1454 1066 1520 evenit,
1104 1469 1428 1525 exponam.
1462 1454 1750 1526 Serapion
1788 1455 2034 1527 quidam
2063 1471 2170 1512 no-

517 1542 756 1598 biscum
781 1541 892 1598 fuit
939 1558 1120 1598 senex
1171 1542 1382 1611 ﬁdelis,
1415 1549 1472 1598 et
1507 1543 1613 1614 qui
1651 1543 1777 1598 sine
1815 1545 2059 1600 crimine
2089 1544 2169 1600 ad

1828 193 2215 250 NICEPHOHI
2252 192 2573 250 CALLISTI

2195 313 2235 368 Α

3671 197 3757 252 illi

2874 305 3125 363 ΚΕΦᾹΛ.
3169 305 3267 390 ς’.

2280 421 2431 492 Περὶ
2461 424 2576 468 τῶν
2603 413 3346 492 ἑπιστολῶνΑΔιονυσίου
3378 420 3617 490 τῶνπερὶ
3641 437 3767 488 ρετι-

2345 482 2548 572 νόιίαςο
2589 492 2698 541 καὶ
2735 487 2915 572 ξένοιν
2956 482 3267 572 διήγημα.
3297 489 3441 561 περί
3475 482 3772 572 nascive-

2347 565 2596 643 πίωνος,
2619 563 2893 631 μετανοή
2911 561 3275 644 σα.ντος“καὶ
3297 561 3774 644 μετασχόντοςὲῶν

2349 635 2528 685 θείων
2549 629 2962 704 ἁγιασμοὶτων
2982 629 3042 682 έν
3063 629 3472 690 τελευταίους
3493 629 3775 694 ἀναπνοαῖς.

2344 741 2522 810 Τούτῳ
2579 735 2638 792 δε
2691 737 2832 809 αύτῷ
2868 744 2941 808 τῷ
2985 735 3160 808 Φαϐίῳ
3218 736 3381 811 ἡρέμα
3439 755 3534 798 πως
3587 737 3780 792 ὑποκατα-

2274 828 2549 901 κλινομένῳ
2597 835 2669 900 τῷ
2719 828 2966 881 Ναυάτου
3020 831 3292 898 σχίσματι
3343 830 3429 879 καὶ
3479 827 3501 878 6
3538 833 3612 878 νῦν
3639 827 3782 901 εἰρημέ-

2274 937 2354 978 νος
2398 920 2530 979 θεῖος
2587 915 2714 991 ἀνὴρ
2778 918 3049 977 Διονύσιος
3108 914 3432 980 ἐπιστέλλων,
3469 913 3656 969 πλεῖστα
3700 923 3780 990 περὶ

2275 1010 2547 1078 μετανοίας
2584 1002 2895 1078 διέρχεται·
2944 1006 3068 1066 τούς
3104 1022 3159 1056 τε
3207 1011 3305 1056 τῶν
3345 1006 3594 1077 μαρτύρων
3636 1003 3782 1076 ἀγῶνας

2275 1097 2466 1148 ἄνωθεν
2520 1093 2762 1170 διαιρῶν,
2811 1096 2877 1155 ὡς
2937 1098 3028 1146 καὶ
3075 1094 3222 1165 ἡμεῖς
3285 1090 3568 1166 διελάϐομεν
3610 1098 3684 1146 καὶ
3712 1092 3783 1146 ἀλλ’

2275 1186 2409 1238 ἄττα
2445 1183 2647 1256 ἐπάγων
2680 1199 2694 1214 ’
2736 1187 2786 1236 ἓν
2821 1184 2897 1246 οἷς
2939 1187 3030 1235 καί
3077 1201 3132 1234 τι
3173 1183 3432 1255 θαύματος
3465 1181 3594 1244 ἄξιον
3630 1184 3784 1254 ἱστορεῖ,

2276 1276 2302 1326 ὃ
2340 1279 2430 1327 καὶ
2477 1283 2539 1345 τῇ
2581 1275 2825 1346 παρούσῃ
2875 1275 3212 1344 πραγματείᾳ
3253 1273 3537 1324 συντάττειν
3571 1270 3650 1324 οὐκ
3682 1272 3787 1324 ἀκει-

2274 1383 2362 1439 ρον
2402 1364 2628 1436 ἢγημαι.
2662 1366 2817 1435 Λέγει
2857 1357 2916 1416 δι
2947 1361 3106 1422 οὕτως
3140 1381 3152 1393 '
3199 1381 3229 1414 (ι
3265 1360 3354 1414 Ἐν
3386 1356 3445 1414 δέ
3479 1379 3557 1414 σοι
3587 1365 3663 1412 καὶ
3684 1369 3787 1414 τοῦτο

2276 1449 2620 1526 παράδειγμα
2704 1453 2826 1528 παρ’
2915 1453 3040 1523 ἡμῖν
3128 1449 3454 1522 συμϐεϐηκὸς
3548 1452 3783 1520 ἐκθήσομαι.

2279 1546 2537 1617 Σεραπίων
2589 1562 2670 1603 τις
2721 1537 2780 1601 ἦν
2833 1542 2884 1593 ἓν
2938 1542 3064 1612 ἡμῖν
3119 1543 3313 1602 πιστὸς
3363 1542 3537 1612 γέρων,
3591 1541 3790 1610 ἄμεμπτος

520 1631 774 1688 multum
795 1631 1034 1688 vixisset
1059 1637 1320 1703 tempus,
1346 1632 1776 1703 persecutionis
1798 1638 1996 1688 autem
2021 1638 2157 1691 tem-

2278 1632 2368 1702 μὲν
2399 1635 2484 1684 τὸν
2534 1631 2692 1684 πολὺν
2744 1626 3041 1692 διαϐιώσας
3073 1632 3286 1702 χρόνον,
3320 1626 3368 1680 ἐν
3399 1624 3456 1680 δι
3487 1634 3552 1698 τῷ
3586 1633 3789 1698 πειρασμῷ

517 1726 745 1792 pestate
779 1720 985 1792 lapsus
1012 1725 1185 1776 esset.
1214 1721 1268 1775 Is
1309 1735 1470 1793 sape
1499 1721 1747 1793 quidem
1778 1729 1842 1779 ut
1873 1723 2168 1795 recipere-

520 1815 613 1866 tur
650 1810 984 1866 obtestatus
1015 1809 1228 1878 fuerat,
1271 1811 1373 1866 sed
1405 1826 1583 1866 nemo
1634 1810 1714 1866 illi
1762 1811 2014 1868 advertit
2043 1813 2168 1868 ani-

521 1915 710 1954 mum.
773 1899 952 1955 Idolis
1004 1898 1164 1954 enim
1230 1899 1688 1956 sacriﬁcaverat.
1749 1900 1950 1958 Morbo
2026 1917 2166 1958 vero

520 1977 734 2044 deinde
764 2003 1115 2060 oppressus,
1149 1992 1264 2044 tres
1295 1989 1609 2045 continuos
1638 1989 1764 2045 dies
1794 1989 1920 2046 sine
1947 2006 2090 2046 voce
2110 1997 2168 2048 et

520 2092 698 2134 sensu
723 2077 912 2147 jacuit
955 2096 968 2133 :
1002 2077 1316 2150 paululum
1352 2094 1492 2134 vero
1523 2077 1747 2135 viribus
1779 2081 2164 2152 recuperatis,

518 2171 732 2238 quarto
780 2166 876 2221 die
929 2173 1211 2238 nepotem
1237 2183 1305 2222 ex
1365 2167 1491 2223 ﬁlia
1545 2167 1624 2224 ad
1681 2184 1742 2224 se
1800 2171 2054 2236 vocavit,
2087 2176 2163 2237 et,

519 2255 792 2320 Quandiu
818 2271 915 2310 me
967 2255 1232 2321 tandem,
1290 2256 1505 2328 inquit,
1555 2273 1591 2313 ο
1648 2257 1773 2323 ﬁlii,
1825 2258 2167 2316 distinetis?

518 2343 863 2410 accelerate,
895 2359 1123 2416 quaso,
1157 2349 1212 2400 et
1237 2360 1334 2401 me
1369 2347 1821 2417 quamprimum
1849 2348 2164 2419 absolvite,

517 2432 1125 2505 presbyterorumque
1167 2434 1428 2506 aliquem
1475 2440 1536 2490 tu
1595 2437 1674 2492 ad
1706 2453 1800 2492 me
1843 2453 2008 2493 voca.
2071 2438 2166 2494 His

517 2521 706 2586 dictis,
739 2538 977 2578 rursum
1006 2523 1322 2580 obmutuit.
1366 2526 1513 2579 Puer
1541 2539 1719 2580 cursu
1757 2525 1832 2581 ad
1863 2526 2167 2599 presbyte-

514 2625 647 2666 rum
679 2611 982 2667 contendit
1025 2628 1038 2667 :
1081 2617 1205 2667 erat
1239 2617 1438 2668 autem
1486 2628 1623 2683 nox,
1666 2619 1722 2669 et
1761 2613 1854 2670 ille
1880 2630 2039 2684 ager
2067 2617 2166 2673 de-

515 2699 859 2756 cumbebat.
885 2701 1260 2772 Quapropter
1297 2717 1435 2757 cum
1466 2702 1545 2757 ad
1571 2718 1777 2760 senem
1817 2705 2016 2760 venire
2039 2721 2165 2762 non

514 2794 738 2859 posset,
772 2779 1248 2862 mandatumque
1277 2807 1313 2845 a
1344 2806 1438 2846 me
1467 2791 1738 2856 haberet,
1774 2798 1834 2848 ut
1862 2809 1892 2848 e
1923 2794 2045 2850 vita
2065 2795 2164 2851 de-

515 2878 734 2932 cessuri
774 2877 874 2949 (2),
910 2877 958 2933 si
987 2894 1143 2950 opus
1189 2885 1367 2944 esset,
1400 2885 1457 2935 et
1500 2882 1760 2937 maxime
1809 2882 1857 2936 si
1908 2884 2162 2941 antehac

515 2966 858 3038 suppliciter
891 2967 1166 3040 precibus
1207 2967 1268 3024 id
1312 2969 1703 3038 ﬂagitassent,
1753 2975 1816 3026 ut
1843 2972 2064 3030 scilicet
2090 2989 2161 3030 eo
2196 2997 2238 3055 ρ

517 3055 760 3112 meliore
814 3071 918 3128 spe
979 3057 1113 3112 fatis
1173 3057 1587 3124 concederent,
1649 3058 2156 3119 absolverentur:

515 3143 828 3213 paululum
856 3160 1042 3216 puero
1072 3145 1450 3202 Eucharistia
1489 3146 1653 3203 dedit
1707 3148 1806 3221 (3),
1849 3149 2160 3207 infundere

517 3237 694 3303 atque
718 3232 999 3289 instillare
1020 3233 1080 3289 id
1112 3235 1172 3289 in
1223 3251 1290 3290 os
1321 3236 1446 3291 seni
1493 3235 1733 3306 jubens.
1767 3241 1912 3294 Puer
1960 3239 2114 3295 redit
2143 3257 2155 3297 :

519 3321 698 3394 396
724 3339 863 3378 cum
888 3339 1010 3379 non
1030 3324 1204 3395 longe
1229 3324 1483 3391 abesset,
1509 3327 1863 3398 priusquam
1891 3328 1968 3384 ad
1991 3329 2158 3386 illum

515 3411 941 3482 ingrederetur,
1010 3414 1242 3485 erigens
1303 3429 1363 3470 se
1420 3431 1658 3471 rursum
1692 3417 1998 3489 Serapion.
2052 3421 2159 3476 Ve-

515 3503 674 3572 nisti,
700 3503 911 3574 inquit,
945 3501 1027 3558 ﬁli
1051 3503 1080 3555 ?
1119 3503 1430 3575 Presbyter
1458 3505 1702 3576 quidem
1731 3507 1929 3563 venire
1957 3510 2035 3564 ad
2063 3525 2160 3566 me

509 3607 631 3647 non
659 3592 849 3662 potuit
878 3607 890 3646 :
923 3596 1060 3648 attu
1080 3592 1361 3657 celeriter,
1392 3595 1558 3665 quod
1585 3594 1792 3664 jussus
1823 3612 1887 3651 es
1915 3598 2153 3668 perﬁce,

511 3686 566 3736 et
591 3697 688 3736 me
734 3680 988 3736 dimitte.
1020 3681 1328 3736 Instillavit
1352 3681 1405 3737 ei
1437 3697 1585 3752 puer
1611 3683 2066 3753 Eucharistiam,
2100 3692 2158 3743 et

509 3770 869 3842 simulatque
917 3770 1004 3825 ori
1017 3771 1146 3840 ejus
1175 3770 1410 3835 infudit,
1429 3776 1607 3844 atque
1630 3772 1726 3828 ille
1753 3774 2068 3846 paululum
2093 3777 2155 3834 id

508 3857 813 3929 glutiendo
835 3859 1095 3923 demisit,
1129 3859 1440 3916 confestim
1470 3861 2040 3934 reddiditspiritum.
2066 3872 2153 3921 An

506 3963 627 4004 non
651 3953 850 4020 aperte
881 3953 1268 4004 conservatus
1307 3964 1378 4004 eo
1409 3965 1599 4022 usque
1625 3949 1686 4004 in
1714 3951 1832 4008 vita
1869 3968 2152 4024 perman-

506 4037 598 4101 sit,
633 4037 824 4092 donec
839 4035 1265 4102 absolveretur,
1287 4039 1663 4110 peccatisque
1680 4055 1786 4112 per
1813 4041 1998 4097 multa
2015 4059 2150 4114 qua

503 4126 619 4197 egit
649 4125 812 4182 bona
835 4141 1018 4198 opera
1045 4126 1367 4191 exstinctis,
1400 4127 1666 4183 conﬁteri
1679 4135 1880 4198 posset
1907 4129 1986 4185 ‘1‘»
2019 4134 2150 4188 Hac

501 4215 576 4271 de
616 4216 956 4286 Serapione.
1018 4214 1178 4271 Idem
1235 4231 1412 4286 porro
1467 4217 1782 4288 Dionysius
1832 4219 2146 4291 epistolam

2275 1726 2467 1774 πεσών.
2525 1720 2693 1782 Οὗτος
2740 1717 2988 1780 πολλάκις
3043 1714 3212 1770 έδεῖτο
3271 1735 3283 1747 ·
3347 1721 3436 1769 καὶ
3489 1712 3642 1778 οὐδεὶς
3680 1733 3789 1788 προσ·

2276 1819 2415 1884 εἶχεν
2469 1809 2609 1879 αὐτῷ
2645 1827 2656 1838 ·
2699 1813 2788 1861 καὶ
2843 1809 2945 1881 γὰρ
3007 1808 3252 1861 ἑτεθύκει.
3311 1805 3391 1860 Ἐν
3436 1809 3562 1879 νόσῳ
3610 1801 3658 1858 δι
3690 1809 3787 1876 γενό-

2275 1921 2446 1974 μενος,
2504 1906 2658 1971 τριῶν
2713 1897 2827 1960 ἑξῆς
2873 1899 3101 1971 ἠμερῶν,
3149 1896 3354 1967 ἄφωνος
3403 1900 3490 1948 καὶ
3551 1893 3786 1954 ἀναίσθητος

2277 1987 2550 2043 διετέλεσε.
2611 1989 2794 2061 Βραχὺ
2847 1981 2906 2038 δε
2959 1983 3384 2058 ἀνασφήλας,
3439 1985 3636 2058 τετάρτῃ
3681 2000 3785 2054 προε-

2277 2078 2617 2132 ανεκαλέσατο
2658 2079 2746 2128 τὸν
2799 2070 3151 2149 θυγατριδοῦν
3179 2091 3191 2104 '
3234 2078 3351 2143 καὶ,
3390 2077 3560 2148 Μέχρι
3598 2091 3650 2144 με
3678 2076 3779 2134 τίνος,

2277 2173 2455 2242 φησὶν,
2495 2163 2535 2218 ὦ
2584 2169 2779 2231 τέκνον,
2831 2167 3085 2236 κατέχετε
3125 2180 3140 2230 ;
3186 2167 3400 2235 Δέομαι,
3459 2164 3700 2226 σπεύσατε,
3731 2164 3784 2211 ui

2275 2277 2338 2329 με
2421 2258 2604 2309 θᾶττον
2689 2252 3012 2308 ἀπολύσατε.
3104 2258 3216 2305 Τῶν
3312 2249 3650 2326 πρεσϐυτέρων
3714 2253 3782 2302 τινὰ

2275 2346 2508 2400 κάλεσον.
2602 2347 2703 2398 Καὶ
2789 2349 2957 2396 ταῦτα
3030 2341 3204 2413 εἰπὼν,
3282 2339 3439 2394 πάλιν
3510 2337 3566 2398 ἦν
3637 2339 3774 2410 ἄφενος.

2274 2431 2536 2507 Ἐδραμεν
2575 2433 2600 2484 6
2655 2434 2893 2494 παῖςὲπὶ
2944 2432 3028 2482 τὸν
3074 2428 3446 2505 πρεσϐύτερον.
3492 2427 3595 2492 Νύξ
3627 2423 3675 2480 δι
3708 2422 3769 2483 ἦν·

2274 2521 2505 2584 κάκεῖνος
2567 2521 2772 2579 ἠσθένει
2840 2538 2854 2552 ο
2939 2517 3222 2591 ἀφικέσθαι
3284 2520 3379 2590 μεν
3447 2513 3531 2570 οὖν
3593 2516 3669 2569 οὐκ
3708 2511 3765 2565 ἐδι-

2273 2615 2404 2672 νήθη
2440 2631 2452 2644 ·
2486 2611 2689 2671 ἓντολῆς
2729 2606 2788 2663 δι
2816 2609 2905 2662 ὑπ’
2935 2609 3068 2681 ἐμοῦ
3109 2604 3404 2680 δεδομένης
3455 2610 3567 2668 τοὺς
3596 2603 3769 2658 ἀπαλλοτ-

2272 2705 2518 2774 τομένους
2563 2706 2655 2752 τοῦ
2698 2696 2836 2773 βίου,
2892 2697 2936 2751 εἰ
2989 2693 3208 2764 δέοιντο,
3264 2701 3359 2750 καὶ
3412 2696 3626 2769 μάλιστα
3663 2693 3695 2746 ιί
3727 2694 3776 2742 xit

2271 2795 2517 2864 πρότερον
2565 2791 2914 2848 ἱκετεύσαντες
2957 2789 3188 2859 τύχοιεν,
3249 2785 3500 2858 ἀφίεσθαι
3537 2801 3550 2816 ·
3603 2784 3668 2836 ἱνα
3694 2779 3777 2835 εὖθ-

2274 2876 2415 2940 πίδες
2503 2877 2951 2942 ἀπαλλάττωνται,
3043 2874 3229 2948 βραχύ
3325 2882 3424 2938 τῆς
3517 2874 3768 2945 Εὐχαριετὺς

2271 2965 2433 3020 ἔδωκε
2487 2974 2559 3038 τῷ
2631 2961 2920 3040 παιδαρίῳ,
2989 2962 3270 3036 ἁποϐρέξαι
3328 2962 3584 3027 κελεύσας,
3641 2961 3760 3022 καὶτῷ

2269 3056 2534 3130 πρεσϐύτῃ
2585 3057 2721 3107 κατὰ
2763 3060 2854 3106 τοῦ
2913 3057 3169 3126 στόματος
3226 3052 3532 3116 έπιστάξαι.
3584 3050 3760 3106 Ἐτενὶια

2271 3149 2296 3199 ὁ
2351 3153 2472 3207 παῖς
2516 3149 2679 3218 φέρων
2714 3159 2726 3174 ’
2779 3142 2930 3215 ἐγγὺς
2982 3137 3043 3194 δε
3094 3144 3371 3213 γενομένου
3440 3146 3553 3213 πρὶν
3600 3137 3769 3198 dedita,

2269 3235 2536 3308 ἀνενέγκας
2577 3233 2729 3287 πάλιν
2790 3233 2816 3284 6
2865 3235 3150 3304 Σεραπίων,
3198 3227 3223 3251 “’
3251 3237 3408 3296 Ηκες,
3471 3233 3582 3302 ἔφη,
3620 3231 3771 3284 rinin

2268 3330 2357 3401 κᾳὶ
2405 3327 2431 3378 ὁ
2483 3327 2572 3396 μὲν
2643 3320 2992 3396 πρεσϐύτερος
3057 3319 3217 3373 ἐλθεῖν
3277 3322 3379 3372 οὐκ
3447 3314 3698 3377 ἠδυνήθη·
3739 3314 3779 3363 τὶ

2271 3413 2330 3468 δε
2387 3419 2607 3472 ποίησον
2657 3415 2856 3484 ταχέως
2912 3414 2969 3463 τὸ
3019 3410 3381 3483 προσταχθὲν,
3436 3413 3524 3461 καὶ
3571 3402 3780 3458 armant

2268 3524 2349 3576 με.
2397 3501 2700 3576 Ἀπέϐρεξεν
2748 3502 2773 3552 6
2825 3506 2950 3561 παῖς
3005 3515 3018 3530 ⁶
3069 3503 3160 3552 καὶ
3215 3497 3330 3570 ἅμα
3357 3516 3414 3550 τε
3439 3496 3596 3568 ένέχεε
3619 3491 3676 3566 τῷ
3709 3492 3780 3544 στό-

2267 3613 2392 3666 ματι
2438 3609 2450 3623 ·
2505 3596 2592 3644 καὶ
2649 3593 2837 3664 μικρὸν
2904 3587 3093 3651 ἐκεῖνος
3161 3586 3605 3660 καταϐροχθίσας,
3661 3581 3778 3636 εὐθέως

2266 3681 2428 3736 ἔδωκε
2464 3684 2522 3734 τὸ
2571 3687 2790 3753 πνεῦμα.
2839 3678 2955 3752 Ἆρ’
2987 3677 3080 3731 οὐκ
3132 3681 3364 3752 ἐναργῶς
3421 3673 3694 3747 διωρὴθη,
3728 3673 3777 3719 εει

2262 3776 2560 3845 παρέμεινεν
2639 3773 2727 3830 ἕως
2802 3767 2955 3840 λυθῇ,
3039 3771 3129 3819 καὶ
3191 3785 3282 3827 της
3355 3765 3606 3840 ἁμαρτίας
3658 3759 3778 3822 ἔξελε·

2263 3863 2483 3934 φθείσης
2520 3859 2602 3912 ἐπὶ
2646 3858 2854 3919 πολλοῖς
2901 3858 2974 3918 οἷς
3021 3854 3208 3929 ἔπραξε
3249 3855 3449 3918 καλοῖς,
3479 3850 3776 3926 ὀμολογηθῆνιι

2263 3948 2464 4022 δυνηθῇ
2501 3966 2515 4016 ;
2566 3969 2590 3999 ν
2648 3955 2827 4001 Ταῦτα
2858 3948 2946 4018 μὲν
2996 3949 3117 4020 περὶ
3147 3946 3336 3997 τούτου
3381 3965 3396 3978 ο
3436 3945 3462 3996 6
3494 3939 3778 4001 δἀὐτὸςΔω·

2258 4043 2438 4102 νύσιος
2471 4043 2560 4092 καὶ
2600 4045 2710 4100 τοῖς
2755 4035 2872 4090 κατ’
2927 4037 3192 4107 Αἴγυπτον
3222 4032 3385 4092 ἄλλην
3433 4035 3548 4106 περὶ
3583 4029 3776 4102 annois:

2258 4131 2466 4202 γράφει,
2509 4131 2557 4179 ἂν
2603 4135 2633 4187 ἣ
2665 4128 2733 4178 τά
2775 4128 2825 4178 οἱ
2879 4121 3139 4178 δοκοῦντα
3191 4127 3310 4196 περὶ
3355 4129 3458 4174 τῶν
3516 4131 3776 4192 παραπεπτω-

2257 4222 2417 4270 κότων
2473 4217 2752 4280 ἐκτίθεται,
2811 4213 2983 4278 τάξεις
3029 4213 3196 4266 αὐτῶν
3243 4215 3335 4264 καὶ
3397 4207 3660 4283 διαιρέσεις
3696 4204 3775 4254 ὐτο-

500 4305 681 4362 aliam
711 4306 784 4360 de
814 4306 1164 4377 poenitentia
1190 4306 1266 4361 ad
1305 4306 1619 4378 Egyptios
1657 4289 1911 4380 scripsit,
1944 4309 2002 4364 in
2025 4326 2148 4383 qua

2256 4315 2453 4360 τυπῶν.
2516 4309 2616 4358 Καὶ
2664 4312 2735 4375 τῷ
2800 4309 2898 4364 τῆς
2944 4298 3362 4375 Ἐρμουπολιτῶν
3430 4298 3615 4354 Κόνωνι
3671 4289 3776 4345 illa

2336 4395 2394 4411 ,εκ
2534 4400 2578 4411 ..-
2642 4398 2653 4411 ι
2789 4410 2794 4411 ,
2936 4395 2981 4411 οη
3241 4387 3365 4411 ---ι-,ι
3422 4390 3512 4411 --ιη
3563 4380 3775 4411 1..-..-A.

493 4395 784 4466 judicium
817 4412 997 4450 suum
1025 4395 1100 4451 de
1126 4394 1331 4465 lapsis,
1353 4395 1594 4452 ordines
1626 4411 1833 4452 eorum
1863 4402 1919 4452 et
1937 4398 2144 4455 discri-

498 4485 664 4539 mina
683 4499 1068 4556 persequens,
1084 4485 1346 4555 exponit.
1366 4483 1555 4540 Aliam
1568 4500 1833 4557 rursum,
1867 4487 2144 4544 eamdem

496 4573 946 4645 inscriptionem
979 4573 1052 4629 de
1078 4574 1426 4645 paenitentia
1457 4573 1802 4640 habentem,
1847 4576 1924 4631 ad
1960 4577 2148 4633 Cono-

496 4677 632 4717 nem
693 4663 1046 4734 episcopum
1088 4661 1578 4733 Hermopolitam.
1631 4662 1819 4720 Aliam
1861 4671 2145 4735 praterea

494 4751 957 4808 cohortatoriam
981 4751 1058 4807 ad
1079 4766 1322 4822 gregem
1344 4767 1521 4807 suum
1538 4751 2026 4809 Alexandrinum.
2052 4741 2144 4810 Est

489 4841 634 4896 item
670 4842 798 4912 ejus
821 4840 936 4896 alia
962 4840 1212 4912 epistola
1241 4841 1316 4896 ad
1349 4842 1668 4911 Originem,
1711 4842 1785 4898 de
1813 4845 2097 4915 martyrio
2126 4863 2138 4900 :

490 4929 608 4986 alia
636 4931 714 4986 ad
743 4929 1159 4996 Laodicenses,
1198 4945 1459 5002 quorum
1498 4931 1816 5003 episcopus
1854 4931 1963 4988 fuit
2001 4933 2142 4988 The-

486 5017 761 5090 lymidris
793 5037 805 5076 :
850 5017 1023 5074 sicuti
1053 5018 1171 5073 alia
1195 5017 1376 5075 etiam
1408 5017 1482 5074 de
1525 5018 1897 5088 panitentia,
1931 5022 2009 5076 ad
2040 5022 2142 5077 Ar-

486 5106 743 5173 menios,
812 5123 1070 5179 quorum
1120 5107 1382 5163 ecclesia
1439 5107 1678 5178 prafuit
1739 5108 2136 5166 Merdazanes.

585 5233 634 5299 1)
665 5231 774 5288 Alii
801 5232 1132 5288 Fabianum
1167 5231 1501 5287 nominant.

585 5233 634 5299 1)
665 5233 774 5288 Alii
801 5233 1132 5288 Fabianum
1167 5233 1501 5287 nominant.

557 5233 634 5376 ἓξ)
659 5303 813 5386 Qlim
832 5303 1132 5360 morituris
1145 5319 1388 5376 quoque
1404 5302 1783 5360 Eucharistia
1809 5304 2138 5361 communio

485 5391 850 5515 Ρθῖἑῗῗιῗὲἷο
871 5446 1034 5517 quod
1061 5445 1286 5517 dicant,
1304 5447 1623 5516 mysticam
1637 5437 2134 5514 benedictionem,

489 5517 542 5570 si
572 5533 644 5574 ex
673 5534 745 5576 ea
775 5516 1170 5575 remanserint
1189 5516 1250 5573 in
1283 5522 1634 5589 sequentem
1663 5517 1822 5574 diem
1851 5519 2136 5592 reliquia,

2259 4395 2471 4461 στέλλει,
2534 4398 2661 4465 Περὶ
2735 4395 3010 4465 μετανοίας
3075 4393 3166 4442 καὶ
3235 4387 3367 4446 αύτή
3421 4390 3512 4445 τὴν
3561 4380 3775 4453 ἐπιγραφὴ

2255 4487 2460 4556 ἔχουσα
2504 4501 2521 4517 ο
2571 4485 2918 4556 προτρεπτική
2977 4476 3181 4552 δ’έτέρα
3231 4479 3358 4550 πρὸς
3409 4480 3503 4536 τὴν
3551 4470 3644 4526 κατ’
3685 4466 3773 4520 Ἀλλ·

2255 4570 2526 4647 ξάνδρειαν
2555 4575 2776 4643 ποίμνην
2828 4569 3009 4622 αὐτοῦ.
3043 4567 3156 4622 Ἐπὶ
3188 4562 3246 4620 δε
3293 4567 3498 4626 τούτοις
3535 4566 3614 4614 καὶ
3646 4557 3772 4625 ﬁt?“

2255 4662 2523 4734 Ὠριγένην
2569 4660 2830 4735 γραφεῖσοὶ
2881 4660 2993 4711 ἑστι
3043 4661 3162 4729 περὶ
3210 4658 3502 4728 μαρτυρίου
3547 4670 3560 4684 ⁸
3606 4648 3770 4702 καὶτοῖς

2253 4754 2388 4803 κατὰ
2444 4746 2778 4814 Λαοδίκειαν,
2821 4747 2889 4798 ὧν
2938 4749 3133 4818 ποιμήν
3184 4738 3516 4817 Θηλύμιδρις
3563 4739 3770 4792 έπίσεεκθς

2253 4839 2550 4912 ἐγνωρίζετο
2615 4855 2628 4868 ·
2701 4841 2765 4898 ὡς
2815 4833 2873 4889 δὴ
2925 4840 3014 4888 καὶ
3064 4841 3171 4896 τοῖς
3235 4833 3346 4885 κατ’
3406 4831 3658 4904 Ἀρμενίαν
3696 4821 3771 4890 περὶ

2251 4932 2525 5001 μετανοίας
2586 4948 2600 4961 ·
2657 4926 2723 4978 ὧν
2790 4921 2954 4998 ἦρχεν
3018 4925 3163 4998 ἱερῶς
3227 4921 3589 4995 Μερουαζάνης

2255 5023 2354 5071 Καὶ
2405 5015 2671 5092 Κορνηλίῳ
2740 5011 2799 5067 δὲ
2847 5012 2918 5086 τῷ
2971 5015 3107 5066 κατά
3148 5011 3346 5084 Ῥώμην
3406 5010 3587 5084 γράφει
3622 5001 3771 5092 δεξάμις

2250 5127 2332 5169 νος
2413 5111 2507 5166 τὴν
2559 5106 2695 5158 κατὰ
2755 5104 3002 5158 Ναυάτου
3049 5101 3241 5156 ἐκείνου
3283 5097 3555 5155 ἐπιστολήν
3593 5108 3606 5124 ·
3644 5091 3676 5160 ᾧ
3713 5089 3771 5140 ui

2251 5231 2331 5289 ad
2360 5229 2892 5288 sanotiﬁcationem
2923 5227 3197 5285 inutilem
3223 5241 3368 5282 esse.
3399 5224 3514 5282 Sed
3537 5211 3768 5279 insaniunt

2249 5304 2379 5360 hac
2403 5303 2688 5358 dicentes.
2713 5305 2839 5358 Non
2871 5303 3029 5358 enim
3062 5299 3214 5356 alius
3238 5298 3304 5354 ﬁt
3339 5297 3607 5369 Christus,
3635 5293 3766 5369 neq?

2251 5381 2524 5430 sanctum
2549 5374 2676 5444 ejus
2690 5389 2910 5444 corpus
2925 5367 3467 5434 immutabitur,sed
3485 5361 3766 5444 benedictio-

2369 5424 3404 5524 ﬁiEtUs'agifia‘cijgﬁiTa‘péipeuia
3423 5441 3610 5495 manet
3627 5424 3764 5488 inillo.

2251 5516 2499 5590 Cyrillus
2522 5515 2600 5575 ad
2633 5515 3007 5589 Calosyrium
3031 5515 3404 5587 episcopum.
