4036 6288
155 254 285 309 1145

1226 253 1797 312 ECCLESIASTICIE
1835 254 2196 313 HISTORLE
2238 256 2367 313 LIB.
2410 258 2502 313 VI.

3358 250 3495 307 1146

148 372 291 433 δηλοί
335 373 665 449 παράκλησιν
722 373 979 450 εἰληφέναι
1052 378 1153 431 ὑπὸ
1226 377 1451 445 Ἑλένου,
1514 386 1724 451 Ταρσοῦ

1846 382 2088 456 Scripsit
2115 398 2357 455 quoque
2386 381 2464 439 ad
2496 381 2831 438 Cornelium
2863 383 3065 438 Romae
3108 379 3497 451 episcopum,

146 473 235 525 τῆς
277 462 511 526 Κιλικίας
560 463 986 531 έπισκοποῦντος,
1035 466 1373 540 Φιρμιλιανοῦ
1422 487 1477 520 τε
1537 476 1631 520 τοῦ
1680 471 1731 521 in.

148 549 510 625 Καππαδοκίᾳ,
564 559 655 607 καὶ
732 562 823 607 τοῦ
888 558 1025 609 κατὰ
1097 556 1451 615 Παλαιστίνην
1520 562 1730 612 Θεοκτί-

148 661 289 707 στου,
335 644 398 703 ὡς
428 641 487 693 ἆν
522 642 606 696 ἰπὶ
654 648 749 703 τὴν
780 644 895 697 κατ’
944 644 1272 717 Ἀντιόχειαν
1314 642 1533 699 σύνοδον
1579 647 1735 699 ύπαν-

141 736 290 789 τησοι
321 748 332 759 ·
375 733 504 784 ὅπου
553 729 619 791 δή
688 752 823 795 τινες
874 736 1140 807 κρατύνειν
1202 738 1258 787 τὸ
1308 738 1445 788 κατὰ
1495 741 1733 789 Ναυᾶτον

145 818 438 895 ἐπεχείρουν
497 826 733 893 σχίσμα.
808 823 1128 877 Ἐπιστέλλει
1186 828 1315 897 πρὸς
1389 827 1556 896 τούτῳ
1636 844 1736 896 μη-

142 910 354 967 νυθῆναι
415 909 575 981 αύτῷ,
628 910 816 965 Φάϐιον
873 916 964 985 μὶν
1016 915 1386 985 κεκοιμῆσθαι,
1442 920 1736 986 Δημητρια-

141 1000 222 1049 νόν
271 993 329 1050 δι
371 994 635 1071 διάδοχον
680 1000 875 1053 ἑκείνου
916 1001 987 1072 τῷ
1043 1004 1205 1076 θρόνῳ
1262 1009 1357 1064 τῆς
1414 1002 1734 1075 Ἀντιοχείας

140 1089 543 1157 ἑγκαταστῆναι.
588 1094 711 1162 Περὶ
757 1086 815 1142 δι
871 1097 963 1143 τοῦ
1019 1089 1068 1143 ἄν
1122 1091 1502 1164 Ἰεροσολύμοις
1557 1092 1733 1155 αὐτοῖς

138 1176 341 1249 ῥήμασι
401 1184 569 1231 ταῦτα
621 1175 911 1242 διέξεισιν·
949 1202 976 1229 ‹‹
1033 1179 1091 1232 Ὀ
1148 1183 1239 1253 μὲν
1291 1184 1392 1255 γὰρ
1441 1182 1734 1253 θαυμάσιος

139 1262 473 1341 Ἀλέξανδρος
553 1268 601 1320 ἓν
667 1275 867 1343 φρουρᾶ
934 1274 1222 1341 γενόμενος,
1300 1274 1566 1345 μακαρίως
1620 1269 1735 1323 δινε-

138 1357 400 1410 παύσατο.
453 1378 481 1406 ››
520 1356 610 1420 Ἐξ
665 1358 730 1419 ἧς
787 1362 878 1411 καὶ
937 1359 1107 1431 ἕτεραι
1155 1357 1253 1412 δύο
1301 1366 1409 1422 τοῖς
1460 1357 1508 1411 έν
1564 1358 1729 1433 Ῥώμη

139 1440 538 1513 διατυποῦνται,
599 1446 666 1497 ὧν
725 1448 755 1505 ἡ
822 1450 913 1519 μεν
965 1453 1085 1521 περὶ
1134 1446 1364 1520 εἰρήνης,
1424 1450 1453 1506 ἠ
1508 1445 1566 1501 δε
1614 1452 1733 1522 περὶ

136 1538 411 1605 μετανοίας
462 1538 552 1593 τὴν
609 1535 902 1609 έπιγραφὴν
972 1539 1155 1608 ἔσχον.
1232 1542 1465 1611 Θατέραν
1509 1534 1568 1590 δε
1624 1543 1733 1599 τοῖς

136 1621 299 1675 έκεῖσε
333 1623 703 1696 όμολογηταῖς,
743 1633 805 1697 τῇ
863 1633 952 1678 τοῦ
1005 1628 1250 1679 Ναυάτου
1296 1623 1423 1700 δόξῃ
1478 1629 1555 1679 ἔτι
1595 1646 1731 1698 συμ-

136 1715 485 1803 φερομένοις
521 1715 598 1776 οἷς
647 1710 714 1772 δὴ
769 1717 1258 1803 καὶᾼμετατεθείσιν
1316 1718 1399 1768 ἰπὶ
1468 1720 1562 1774 τὴν
1620 1715 1732 1768 Ἐκ·
1766 1748 1809 1803 Β

135 1799 359 1858 κλησίαν
410 1801 569 1863 ἄλλας
612 1805 804 1876 ἔπεμπε
859 1800 956 1856 δύο
990 1822 1004 1836 ·
1054 1810 1144 1857 καὶ
1210 1803 1383 1867 ἄλλοις
1443 1801 1503 1857 δε
1562 1804 1729 1857 πλείο-

135 1907 215 1941 σιν
341 1888 715 1959 ίπιστελλων,’
790 1898 1046 1965 μεγίστην
1147 1894 1389 1967 ὠφέλειαν
1518 1894 1732 1948 καταλέ-

131 1976 292 2029 λοιπε.

160 1996 270 2032 οιπε
278 2018 292 2030 .

756 2093 999 2145 ΚΕΦΑΛ.
1032 2088 1107 2144 Ζ¹.

132 2197 278 2267 Περὶ
330 2200 453 2269 ,τοῦ
492 2196 871 2269 κινηθέντος
928 2204 1297 2256 τηνικαῦτα
1354 2198 1732 2269 ζητήματος

198 2266 498 2350 περὶτοῦ
540 2268 712 2347 θείου
763 2266 1259 2350 βαπτίσμηατος⁹
1310 2274 1419 2322 καὶ
1476 2266 1551 2330 ὡς
1589 2270 1726 2321 κατ’

198 2339 408 2389 έκεῖνο
448 2339 679 2412 καιροῦ
718 2339 910 2412 ἱφάνη
953 2339 1324 2403 Σαϐέλλιος.

198 2443 489 2518 Κορνηλίου
556 2442 615 2498 δέ
689 2453 783 2507 τῆς
854 2446 1055 2519 Ῥώμης
1120 2443 1380 2521 προέδρου
1462 2449 1545 2499 τόν
1613 2445 1727 2521 βίον

133 2530 478 2596 ἀπολιπόντος
552 2536 685 2607 μετὰ
763 2540 938 2608 τρίτον
1014 2539 1139 2601 ἔτος,
1227 2539 1450 2599 Λούκιος
1497 2542 1723 2596 κατέστη

134 2616 396 2693 διάδοχος
425 2641 438 2654 ·
481 2621 532 2684 ὃς
578 2630 742 2697 μησὶν
800 2622 915 2678 οὐδ’
969 2627 1100 2686 ὅλοις
1139 2625 1263 2678 ἐπτὰ
1312 2626 1723 2699 ἑξυπηρετήσας,

135 2714 377 2782 Στέφανον
428 2714 559 2785 ἔσχε
614 2710 878 2785 διάδοχον
910 2731 924 2745 ’
1060 2710 1127 2773 δὴ
1188 2718 1418 2787 Στεφάνῳ
1459 2718 1727 2778 Διονύσιος

138 2802 227 2856 τὴν
280 2805 396 2874 περὶ
456 2810 548 2854 τοῦ
607 2800 976 2876 βαπτίσματος
1025 2809 1234 2877 πρώτην
1288 2801 1570 2876 σχεδιάζει
1622 2805 1724 2859 ἐπι·

139 2888 336 2948 στολήν.
390 2897 494 2944 Τοῦ
561 2894 662 2966 γὰρ
736 2901 828 2953 τῆς
892 2892 1104 2967 ’Ἄφρων
1168 2900 1464 2969 Κυπριανοῦ
1516 2900 1724 2967 πρώτου

132 2972 218 3029 διὰ
267 2978 491 3053 λούτρου
566 2983 882 3053 προσίεσθαι
948 2986 1065 3043 τοὺς
1143 2981 1243 3035 όιπό
1314 2991 1412 3036 τῶν
1478 2984 1723 3056 αἱρέσεων

1843 485 1980 525 cum
2012 471 2089 526 ab
2132 486 2203 526 eo
2253 471 2541 527 adversus
2572 474 2865 527 Novatum
2905 470 3235 540 accepisset
3271 466 3498 538 episto-

1844 558 1984 613 lam.
2019 559 2120 614 Cui
2159 561 2337 616 etiam
2386 560 2705 629 signiﬁcat,
2734 564 3013 630 rogatum
3042 575 3103 614 se
3127 572 3254 612 esse
3286 556 3364 612 ab
3392 558 3498 611 He-

1843 647 1977 703 leno
2018 649 2177 704 Tarsi
2208 647 2438 713 Ciliciae,
2473 654 2528 703 et
2581 665 2617 703 a
2643 648 2987 705 Firmiliano
3040 646 3492 719 Cappadocum,

1842 751 1952 793 nec
1977 752 2098 793 non
2140 755 2175 794 a
2212 739 2543 794 Theoctisto
2581 738 3030 794 Palasstinorum
3069 734 3386 807 episcopis,
3429 738 3495 789 ut

1843 826 2274 883 Antiochenam
2306 827 2609 899 synodum
2645 827 2852 891 adiret,
2895 826 2995 881 ubi
3028 824 3301 880 nonnulli
3341 824 3492 878 obti-

1841 931 1982 972 nere
2008 922 2186 988 atque
2215 916 2572 972 conﬁrmare
2611 917 2813 973 Novati
2853 916 3132 972 haeresim
3188 915 3494 970 conaban-

1842 1012 1953 1060 tur.
1989 1006 2214 1061 Indicat
2243 1005 2438 1061 eidem
2469 1005 2616 1060 illud
2646 1020 2909 1077 quoque.
2953 1004 3205 1059 Fabium
3244 1002 3492 1075 quidem

1841 1094 2297 1158 obdormivisse,
2334 1095 2775 1150 Demetrianum
2806 1108 2948 1149 vero
2981 1108 3091 1164 pro
3128 1107 3199 1147 eo
3229 1090 3493 1146 ecclesias

1844 1184 2223 1240 Antiochense
2253 1183 2596 1256 praefectum
2639 1198 2793 1239 esse.
2840 1185 2918 1239 De
2952 1181 3492 1252 Hierosolymitano

1842 1278 2043 1328 autem
2097 1273 2381 1345 episcopo
2428 1272 2505 1329 ad
2554 1288 2692 1327 eum
2746 1271 2909 1327 hisce
2982 1270 3176 1325 verbis
3231 1268 3492 1324 scribit:

1846 1381 1875 1413 tl
1912 1362 2313 1417 Admirandus
2359 1361 2455 1416 ille
2499 1360 2832 1418 Alexander
2856 1360 2917 1415 in
2972 1374 3208 1415 carcere
3252 1357 3495 1413 feliciter

1842 1456 1930 1507 est
1959 1451 2293 1507 defunctus.
2327 1470 2354 1501 »
2390 1450 2611 1507 Deinde
2644 1454 2700 1505 et
2725 1449 2872 1505 alias
2900 1448 3053 1504 duas
3082 1448 3160 1504 ad
3188 1448 3493 1502 Romanos

1841 1540 2073 1613 scripsit
2124 1540 2426 1614 epistolas,
2478 1539 2725 1596 alteram
2779 1539 2853 1594 de
2908 1553 3076 1610 pace,
3123 1536 3367 1592 alteram
3417 1534 3493 1590 de

1839 1629 2208 1702 paenitentia.
2240 1629 2430 1685 Aliam
2461 1631 2599 1685 item
2633 1628 2709 1684 ad
2750 1643 2853 1684 eos
2884 1627 2988 1699 qui
3028 1626 3110 1681 ibi
3142 1625 3323 1681 ﬁdem
3355 1629 3495 1681 sunt

1841 1719 2117 1784 confessi,
2151 1720 2351 1775 Novati
2378 1718 2645 1789 opinioni
2668 1717 2866 1773 adhuc
2884 1716 3293 1772 adhaarentes:
3326 1719 3382 1769 et
3413 1713 3492 1769 ad

1838 1809 2080 1864 eosdem
2113 1824 2372 1872 rursum,
2404 1823 2541 1862 cum
2564 1809 2638 1862 ad
2664 1806 2989 1861 Ecclesiam
3021 1808 3225 1860 essent
3247 1803 3488 1866 reversi,

1838 1898 1985 1953 alias
2010 1896 2183 1953 duas.
2242 1896 2331 1951 Ad
2362 1896 2512 1951 alios
2544 1911 2786 1968 quoque
2827 1895 3026 1966 plures
3055 1893 3262 1949 litteris
3314 1886 3490 1957 datis,

1839 1986 2165 2060 plurimum
2196 1986 2481 2042 omnibus
2516 1986 2709 2042 attulit
2738 1984 3027 2040 utilitatis.

2371 2093 2542 2165 397
2583 2092 2805 2149 CAPUT
2853 2092 2963 2146 vn.

1836 2202 1924 2259 De
1951 2201 2272 2273 quaestione
2314 2206 2435 2256 tum
2492 2202 2771 2273 temporis
2792 2199 2872 2273 ide
2896 2197 3099 2273 divino
3133 2196 3487 2267 baptismate

2014 2278 2237 2338 coorta,
2268 2276 2323 2329 et
2361 2278 2425 2327 ut
2466 2277 2586 2327 tum
2606 2270 2920 2328 Sabellius
2950 2270 3023 2325 sit
3050 2275 3305 2325 coortus.

1910 2453 2086 2508 Porro
2143 2467 2281 2507 cum
2338 2448 2642 2507 Cornelius
2689 2451 2893 2505 Romae
2934 2452 3073 2522 post
3116 2446 3353 2503 tertium
3386 2462 3488 2503 an-

1836 2557 1981 2597 num
2040 2540 2425 2613 episcopatus
2472 2539 2559 2594 sui
2610 2539 2983 2605 decessisset,
3040 2536 3253 2592 Lucius
3311 2536 3363 2592 ei
3403 2539 3491 2592 est

1836 2630 2141 2687 suﬂlectus
2168 2643 2179 2683 :
2210 2630 2311 2701 qui
2343 2645 2464 2684 non
2491 2628 2735 2699 integris
2775 2631 3003 2697 septem
3036 2625 3346 2681 mensibus
3390 2627 3491 2681 Ec-

1835 2719 2014 2777 clesia
2051 2718 2487 2782 administrata,
2532 2717 2900 2788 Stephanum
2940 2716 3152 2771 habuit
3186 2730 3490 2769 successo-

1834 2824 1958 2865 rem
1977 2825 1988 2864 :
2006 2808 2084 2864 ad
2097 2823 2278 2880 quem
2292 2806 2607 2879 Dionysius
2621 2806 2877 2878 primam
2892 2805 2966 2860 de
2978 2805 3283 2876 baptismo
3306 2803 3494 2874 scrip-

1835 2900 1907 2953 sit
1926 2897 2263 2969 epistolam.
2290 2896 2622 2969 Cyprianus
2642 2896 2867 2967 quippe
2879 2894 3015 2949 Afer
3036 2893 3267 2964 primus
3281 2891 3493 2963 opina-

1833 2993 1930 3044 tus
1947 2993 2054 3053 est,
2082 2990 2357 3059 oportere
2384 3001 2486 3041 eos
2508 2986 2605 3057 qui
2640 2984 2718 3040 ab
2742 2983 2951 3040 haeresi
2981 2986 3488 3047 converterentur,

123 3066 344 3129 ἣκοντας
421 3065 529 3122 δεῖν
612 3072 925 3142 ἡγουμένου,
986 3076 1235 3144 Στέφανος
1299 3077 1372 3144 μὴ
1448 3074 1593 3144 παρὰ
1665 3077 1723 3125 τὸ

1834 3076 2075 3133 lavacro
2107 3076 2332 3148 expiari
2383 3079 2439 3131 et
2483 3074 2688 3145 recipi.
2725 3073 3062 3145 Stephanus
3094 3076 3300 3127 contra
3342 3070 3492 3126 nihil

119 3166 388 3228 κρατῆσαι
439 3159 546 3219 ἲθος
594 3161 912 3233 νεωτερίζειν
963 3160 1126 3232 ἔλεγεν
1155 3177 1168 3191 ο
1228 3159 1505 3235 ἀρκεῖσθαι
1552 3158 1611 3214 δε
1658 3168 1719 3233 τῇ

117 3240 208 3298 διὰ
236 3250 429 3323 χειρὸς
481 3247 611 3321 εὐχῇ
663 3253 818 3321 μόνη,
853 3252 917 3310 ὡς
946 3251 1055 3310 ἔθος
1105 3247 1186 3308 ἦν.
1244 3255 1344 3304 Καὶ
1394 3254 1563 3303 τοίνυν
1596 3252 1721 3323 ὑπερ

114 3338 305 3390 τούτου
395 3336 791 3409 ἀγανακτοῦντι,
876 3342 1145 3401 Διονύσιος
1222 3339 1443 3392 πλεῖστα
1513 3344 1723 3413 γράφων

114 3420 425 3498 διωμιλείτο
457 3444 469 3457 ·
530 3432 619 3480 καὶ
658 3427 799 3490 τελος
829 3424 1035 3495 ὶδήλου,
1082 3431 1151 3491 ὡς
1199 3430 1303 3503 ἄρα
1350 3436 1443 3481 τοῦ
1484 3425 1722 3501 διωγμοῦ

111 3513 494 3588 λελωφηκότος,
567 3519 622 3569 αἱ
689 3522 995 3590 πανταχόσε
1071 3517 1348 3576 ἐκκλησίαι
1418 3522 1511 3578 τὴν
1589 3520 1725 3571 κατὰ

961 3606 1399 3680 ἁποστραφείσαι,
1517 3608 1722 3679 εἰρήνην

109 3694 275 3766 ἔσχον
313 3698 439 3769 πρός
487 3694 689 3757 ἑαυτάς.
722 3697 910 3769 Γράφει
959 3692 1018 3749 δε
1068 3693 1195 3753 ὧδε.
1252 3714 1281 3746 ‹‹
1325 3694 1468 3749 Ἴσθι
1500 3693 1559 3749 δε
1611 3704 1719 3763 νῦν,

109 3610 153 3656 Ν
160 3610 363 3658 αυᾱιτον
468 3612 854 3681 νεωτεροποιίαν

108 3779 330 3856 ἀδελφὴ,
380 3785 459 3836 ότι
515 3788 739 3842 ἤνωνται
781 3791 952 3838 πᾶσαι
997 3787 1051 3838 αἱ
1102 3790 1348 3859 πρότερον
1410 3782 1723 3858 διεσχισμέ-

104 3892 190 3924 ναι
244 3874 390 3925 κατά
435 3892 489 3927 τε
542 3878 635 3932 τὴν
698 3872 948 3933 ἀνατολὴν
1004 3873 1275 3933 ἐκκλησίαι
1335 3879 1423 3928 καὶ
1476 3877 1552 3927 ἔτι
1598 3894 1722 3947 προ-

105 3967 330 4039 σωτέρω
363 3981 376 3994 ’
431 3967 517 4015 καὶ
572 3964 760 4024 πάντες
818 3965 948 4017 εἰσὶν
1007 3965 1279 4036 ὁμόφρονες
1342 3964 1392 4016 οἰ
1446 3971 1722 4036 πανταχοῦ

98 4060 460 4124 προεστῶτες,
516 4057 791 4127 χαίροντες
847 4053 963 4105 καθ’
1014 4051 1302 4127 ὑπερϐολὴν
1355 4052 1438 4106 έπὶ
1476 4061 1538 4126 τῇ
1580 4056 1724 4127 παρὰ

102 4137 449 4216 προσδοκίαν
501 4141 676 4214 εἰρήνη
737 4146 978 4216 γενομένῃ
1016 4162 1029 4174 ·
1087 4147 1383 4215 Δημήτριος
1433 4144 1481 4194 έν
1526 4143 1723 4197 Ἀντιο·

97 4237 255 4305 χείᾳ,
358 4235 674 4294 Θεόκτιστος
743 4232 793 4284 ἐν
878 4237 1188 4305 Καισαρείᾳ,
1277 4230 1600 4294 Μαζαϐάνης
1674 4230 1721 4283 ἕν

100 4321 290 4394 Αἰλίᾳ,
346 4326 575 4396 Μαρῖνος
633 4319 683 4373 ἕν
741 4324 911 4395 Τύρῳ,
964 4323 1304 4393 κοιμηθέντος
1354 4317 1720 4395 Ἀλεξάνδρου,

1835 3182 1905 3222 ea
1933 3167 1992 3223 in
2024 3181 2085 3221 re
2121 3172 2333 3238 praster
2376 3168 2678 3235 receptam
2722 3160 3225 3218 consuetudinem
3259 3175 3489 3216 novan-

1833 3255 1980 3311 dum
2030 3270 2158 3311 esse
2207 3254 2421 3309 duxit:
2479 3253 2752 3309 sufﬁcere
2798 3250 3020 3307 scilicet
3074 3250 3134 3305 in
3179 3250 3263 3305 eis
3312 3248 3489 3305 veteri

1833 3359 2000 3401 more
2021 3344 2350 3400 orationem
2370 3342 2581 3407 solam,
2604 3357 2740 3398 cum
2761 3356 3053 3395 manuum
3079 3338 3486 3410 impositione.

1833 3435 2037 3505 Itaque
2060 3432 2139 3488 ad
2168 3448 2306 3487 eum
2346 3446 2502 3501 aegre
2532 3430 2969 3485 dissensionem
3014 3444 3147 3483 eam
3198 3428 3484 3482 ferentem

1834 3523 2150 3594 Dionysius
2196 3520 2469 3593 pluribus
2524 3519 2778 3589 scripsit,
2810 3525 2863 3573 et
2922 3523 3229 3589 postremo
3281 3515 3489 3571 certio-

1832 3628 1957 3667 rem
1990 3627 2127 3666 eum
2160 3610 2314 3675 facit,
2344 3608 2757 3681 persecutione
2790 3607 3005 3678 sopita,
3041 3604 3320 3660 ecclesias
3359 3619 3489 3658 om-

1834 3717 1955 3765 nes,
1991 3700 2156 3756 novis
2183 3699 2363 3755 rebus
2395 3697 2604 3754 Novati
2635 3695 2981 3768 repudiatis,
3011 3710 3225 3767 pacem
3249 3694 3396 3748 inter
3424 3706 3485 3746 se

1831 3790 2074 3847 habere.
2103 3788 2293 3845 Verba
2309 3788 2438 3859 ejus
2466 3786 2595 3843 hac
2624 3792 2764 3841 sunt
2800 3803 2810 3840 :
2842 3804 2869 3835 «
2893 3784 3047 3840 Scito
3067 3799 3249 3847 nunc,
3283 3783 3483 3848 frater,

1834 3879 2157 3936 Orientales
2196 3883 2375 3949 atque
2428 3876 2608 3933 etiam
2660 3875 2963 3930 ulteriores
3012 3873 3315 3941 ecclesias,
3349 3887 3485 3945 quas

1832 3975 2010 4024 antea
2040 3966 2437 4034 dissidebant,
2457 3966 2534 4021 ad
2564 3963 2850 4019 unitatem
2883 3978 3012 4019 esse
3043 3961 3339 4027 redactas,
3360 3976 3487 4017 om-

1832 4074 2056 4130 nesque
2091 4056 2311 4128 ubique
2343 4070 2551 4111 earum
2575 4053 2866 4109 antistites
2907 4052 3225 4107 unanimes
3251 4056 3307 4107 et
3347 4065 3486 4106 con-

1832 4148 2152 4204 sentientes
2170 4160 2351 4217 supra
2382 4143 2632 4199 modum
2648 4142 2722 4197 de
2738 4156 2888 4214 pace
2915 4146 2971 4195 et
2987 4140 3328 4203 concordia,
3349 4154 3483 4211 qum

1832 4242 2044 4309 praeter
2100 4234 2607 4306 exspectationem
2642 4230 2878 4296 accidit,
2908 4230 3116 4286 laetari.
3159 4229 3485 4286 Demetria-

1832 4342 1979 4381 num
2010 4325 2069 4380 in
2112 4323 2324 4397 primis
2353 4321 2809 4383 Antiochenum,
2862 4319 3260 4375 Theoctistum
3294 4318 3485 4374 Cassa-

96 4407 432 4484 Ἡλιόδωρος
509 4412 559 4462 ἓν
618 4406 926 4482 Λαοδικείᾳ,
984 4409 1419 4484 ἀναπαυσαμένου
1490 4408 1723 4481 Θηλυμί-

1834 4415 2109 4478 riensem,
2124 4411 2503 4469 Mazabanem
2519 4410 2853 4477 .lEliensem,
2877 4407 3192 4464 Alexandri
3214 4406 3482 4462 defuncti

98 4497 268 4573 δρου,
305 4498 508 4562 Ἐλενος
538 4503 587 4553 ἓν
634 4506 823 4574 Ταρσῷ
869 4505 957 4553 καὶ
1012 4506 1181 4553 πᾶσαι
1219 4502 1275 4552 αἱ
1318 4499 1592 4557 ἕκκλησίαι
1630 4508 1721 4560 τῆς

94 4590 377 4653 Κιλικίας,
438 4587 793 4662 Φιρμιλιανὸς,
868 4593 958 4642 καὶ
1026 4595 1175 4642 πᾶσα
1248 4590 1275 4647 ἡ
1340 4584 1714 4642 Καππαδοκία.

90 4684 233 4742 Τοὺς
298 4681 400 4753 γὰρ
473 4682 934 4754 περιφανεστέρους
1008 4682 1196 4750 μόνους
1251 4686 1349 4730 τῶν
1420 4676 1716 4730 ἐπισκόπων

91 4770 383 4843 ὠνόμασα,
431 4770 512 4821 ἵνα
560 4772 689 4841 μήτε
734 4775 902 4841 μῆκος
948 4775 1011 4839 τῇ
1063 4766 1332 4840 ἐπιστολῇ,
1385 4772 1515 4839 μήτε
1556 4765 1715 4841 βάρος

88 4855 374 4933 προσάψω
413 4864 484 4928 τῷ
520 4856 679 4929 λόγῳ.
712 4858 782 4912 Αἱ
807 4860 983 4928 μέντοι
1022 4860 1201 4930 Συρίαι
1232 4855 1347 4908 όλαι
1372 4860 1461 4909 καὶ
1490 4857 1519 4914 ἠ
1566 4856 1716 4928 Ἀρα-

90 4947 216 5014 ϐία,
291 4948 367 5009 οἷς
428 4945 697 5019 έπαρκείτε
755 4945 1003 4999 ἑκάστοτε
1075 4950 1165 4997 καὶ
1218 4946 1287 5011 οἵ,
1351 4952 1437 4996 νῦν
1490 4947 1710 4998 ἐπεστεί-

85 5037 222 5090 λατε
262 5053 276 5066 ·
310 5038 339 5095 ἦ
369 5054 422 5089 τε
446 5040 847 5108 Μεσοποταμία,
894 5039 1087 5096 Πόντος
1120 5054 1174 5087 τε
1202 5039 1290 5087 καὶ
1331 5036 1544 5087 Βιθυνία
1575 5052 1588 5065 ⁸
1622 5040 1711 5087 καὶ

92 5125 377 5179 συνελόντι
427 5124 605 5191 εἰπεῖν,
641 5123 983 5195 ἀγαλλιῶνται
1032 5125 1218 5186 πάντες
1266 5128 1355 5175 καὶ
1410 5124 1706 5188 πανταχοῦ,

88 5224 159 5288 τῇ
223 5215 444 5287 ὁμονοίᾳ
498 5219 588 5267 καὶ
634 5210 942 5286 φιλαδελφίᾳ
995 5210 1302 5276 δοξάζοντες
1352 5215 1437 5265 τὸν
1489 5217 1635 5265 Θεὸν.
1680 5233 1703 5263 ν

89 5305 344 5376 Στεφάνῳ
373 5306 463 5375 μεν
495 5300 563 5362 δὴ
592 5311 760 5355 ταῦτα
798 5304 822 5355 ό
855 5306 1117 5364 Διονύσιος
1148 5320 1160 5332 ”
1213 5310 1283 5372 τῷ
1317 5298 1375 5355 δε
1412 5303 1520 5373 μετ’
1553 5305 1707 5354 αὑτὸν

87 5396 299 5465 Ξύστῳ
338 5390 583 5468 δευτίραν
625 5395 653 5446 ό
714 5395 977 5455 Διονύσιος
1024 5396 1143 5468 περὶ
1193 5391 1285 5445 τοῦ
1336 5390 1709 5465 βαπτίσματος

85 5485 301 5559 γράφει
370 5482 659 5549 ἐπιστολὴν,
720 5482 767 5536 έν
837 5485 998 5557 ταύτῂ
1048 5484 1303 5555 Στεφάνου
1352 5500 1405 5534 τε
1459 5486 1550 5534 καὶ
1606 5489 1706 5533 τῶν

86 5575 304 5629 λοιπῶν
359 5575 453 5631 τὴν
498 5575 672 5645 κρίσιν
744 5571 1018 5645 ἐμφαίνων.
1080 5570 1412 5627 Ἐπεστάλκει
1482 5572 1571 5643 μεν
1618 5567 1707 5623 οὖν

1831 4519 2258 4567 successorem,
2315 4502 2606 4556 Marinum
2646 4499 2908 4569 Tyrium,
2960 4514 3098 4552 cum
3148 4495 3482 4551 Alexander

1828 4594 2097 4658 obiisset,
2130 4589 2510 4647 Heliodorum
2544 4588 2988 4651 Laodicensem,
3021 4585 3121 4658 qui
3174 4586 3235 4640 in
3274 4584 3475 4640 locum

1826 4677 2218 4751 Thelymidris
2248 4675 2609 4743 subrogatus
2650 4680 2752 4738 est,
2784 4671 3065 4727 Helenum
3105 4672 3473 4735 Tarsensem,

1827 4772 1884 4823 et
1939 4764 2219 4822 ecclesias
2259 4763 2467 4819 Ciliciae
2516 4777 2749 4825 omnes,
2782 4759 3214 4824 Firmilianum,
3244 4764 3300 4813 et
3330 4759 3477 4830 Cap-

1826 4854 2148 4928 padociam
2171 4868 2413 4909 omnem
2446 4870 2458 4909 :
2502 4850 2840 4922 pracipuos
2863 4850 3022 4904 enim
3051 4849 3473 4921 episcoporum

1823 4946 2152 5008 nominavi,
2194 4959 2267 4998 ne
2320 4938 2568 5012 epistola
2619 4939 2854 5008 longior
2904 4938 3029 5002 ﬁat,
3078 4953 3225 4993 neve
3267 4935 3471 4992 multis

1823 5034 2019 5090 verbis
2074 5033 2185 5088 sim
2221 5030 2542 5087 molestior.
2603 5028 2715 5084 Sed
2754 5034 2811 5083 et
2851 5027 3147 5083 universae
3192 5026 3378 5098 Syrias
3417 5030 3473 5080 et

1820 5124 2074 5189 Arabiaa,
2114 5120 2333 5193 quibus
2360 5134 2595 5189 semper
2626 5116 2853 5189 aliquid
2907 5115 3301 5188 suppeditatis
3333 5114 3474 5170 doc-

1819 5214 2010 5277 trinas,
2033 5216 2089 5267 et
2111 5226 2274 5265 nunc
2298 5209 2474 5264 etiam
2498 5206 2831 5278 scripsistis.
2862 5203 3294 5275 Mesopotamia
3315 5204 3468 5275 ipsa,

1819 5303 2055 5366 Pontus,
2100 5299 2394 5371 Bithynia,
2451 5303 2503 5352 et
2540 5296 2630 5368 (ut
2670 5294 2854 5350 semel
2903 5294 3127 5363 dicam)
3168 5292 3472 5348 exsultant

1818 5392 2041 5464 ubique
2093 5403 2326 5454 omnes,
2376 5384 2698 5442 concordia
2754 5390 2811 5440 et
2865 5384 3124 5439 fraterna
3181 5382 3467 5439 charitate

1817 5479 2211 5552 glorificantes
2226 5480 2429 5532 Deum.
2451 5495 2475 5526 ν
2502 5477 2629 5530 Hac
2653 5473 2969 5545 Dionysius
2982 5472 3058 5528 ad
3073 5471 3464 5543 Stephanum.

1815 5570 1908 5627 Ad
1939 5572 2182 5641 Xystum
2215 5571 2434 5631 autem,
2463 5563 2567 5637 qui
2600 5562 2679 5619 illi
2710 5561 3011 5630 successit,
3041 5560 3371 5619 secundam
3392 5561 3466 5618 de
