4036 6288
604 238 741 301 1147

1914 235 2303 294 NICEPHORI
2339 233 2665 291 CALLISTI
3737 248 3822 303 ηιι

599 362 904 434 baptismo
947 365 1259 436 epistolam
1304 365 1462 423 idem
1497 364 1679 431 dedit,
1713 364 1998 436 Stephani
2034 367 2086 419 et
2114 360 2193 417 rel

2237 363 2327 423 ,Α
2356 366 2599 436 πρότερον
2670 366 2759 416 καὶ
2806 366 2923 437 περὶ
2986 360 3187 417 Ἑλένου
3262 366 3351 416 καὶ
3431 364 3725 437 Φιρμιλιανοῦ,
3774 392 3831 424 ιιι

599 467 860 524 quorum
919 454 1211 524 judicium
1279 456 1338 509 in
1392 472 1463 511 ea
1514 454 1855 510 ostendens.
1919 452 2245 524 Scripserat

598 554 863 614 namque
894 543 1232 614 Stephanus
1260 546 1423 616 prius
1453 545 1525 600 de
1548 544 1764 601 Heleno
1797 548 1851 599 et
1884 541 2243 599 Firmiliano.

597 631 1001 704 omnibusque
1045 631 1312 689 ﬁnitimis
1356 633 1619 705 populis,
1654 632 1833 705 398
1864 648 1925 687 se
1964 646 2103 687 cum
2134 629 2246 685 illis

597 733 721 774 non
760 722 1368 791 communicaturum,
1422 739 1557 779 eam
1598 724 1794 795 ipsam
1844 722 1922 777 ob
1975 735 2245 787 causam,

600 807 766 880 quod
793 808 1102 866 haereticos
1136 811 1592 884 rebaptizarent.
1624 832 1653 865 (ι
1693 814 1755 867 Et
1784 810 2116 873 considera,
2158 809 2243 863 in-

600 897 747 969 quit,
791 899 1268 968 magnitudinem
1307 901 1409 957 rei.
1444 902 1677 956 Certum
1715 901 1874 956 enim
1905 902 2015 969 est,
2064 898 2138 953 de
2177 912 2249 954 ea

600 989 665 1042 tn
704 986 981 1043 maximis
1020 989 1439 1061 episcoporum
1479 989 1899 1053 conventibus,
1935 992 1998 1043 ut
2044 986 2244 1052 audio,

599 1075 838 1132 decreta
876 1092 1010 1132 esse
1065 1077 1241 1145 facta,
1284 1080 1573 1145 videlicet,
1605 1083 1667 1135 ut
1703 1079 1807 1151 qui
1849 1094 1919 1133 ex
1950 1075 2247 1133 haereticis

598 1180 708 1237 per
742 1166 1151 1236 paenitentiam
1195 1173 1639 1234 convertuntur,
1674 1169 1936 1240 primum
1968 1168 2041 1221 de
2086 1169 2248 1221 recta

598 1253 720 1310 ﬁde
746 1256 1217 1326 percatechesim
1242 1258 1641 1324 instituantur,
1667 1256 1883 1312 deinde
1899 1255 2246 1319 abluantur,

599 1344 818 1399 veteris
868 1348 923 1400 et
970 1345 1190 1418 impuri
1233 1346 1504 1403 fermenti
1543 1348 1909 1418 deponentes
1940 1344 2165 1401 sordes.
2218 1362 2245 1394 »

599 1434 668 1488 Et
696 1433 879 1504 paulo
902 1440 1035 1504 post
1068 1452 1079 1490 :
1116 1458 1142 1485 «
1169 1436 1321 1501 Quin
1355 1442 1407 1492 et
1435 1436 1663 1491 dilectis
1693 1436 1909 1492 nostris
1941 1449 2249 1506 compres-

602 1521 826 1593 byteris
859 1523 1135 1594 Dionysio
1163 1530 1219 1580 et
1245 1524 1589 1593 Philemoni,
1632 1526 1735 1597 qui
1762 1524 2013 1580 antehac
2041 1521 2249 1579 suffra-

603 1615 836 1681 gatores
870 1614 1151 1684 Stephani
1176 1614 1357 1679 fuere,
1385 1631 1524 1671 cum
1545 1615 1622 1671 ad
1654 1630 1747 1670 me
1783 1616 1857 1669 de
1881 1614 2043 1669 hisce
2069 1613 2250 1669 rebus

3447 455 3505 515 ὡς
3552 453 3652 509 οὔδε
3700 457 3835 521 iuraui;

2353 545 2681 599 κοινωνήσων
2736 537 2829 594 διὰ
2902 544 2993 599 τὴν
3052 540 3215 599 αὐτὴν
3272 544 3459 599 ταύτην
3500 543 3672 597 αἰτίαν·
3714 545 3835 607 ἔπειθέ

2353 635 2475 692 τοὺς
2530 632 2840 704 αἱρετικοὺς,
2902 635 3082 703 φησὶν,
3142 628 3563 694 ἀναϐαπτίζουσι.
3591 653 3616 685 α
3652 636 3732 689 Καὶ
3762 647 3839 689 σκό-

2353 737 2438 772 πει
2467 722 2524 771 τό
2581 722 2797 792 μέγεθος
2835 727 2928 772 τοῦ
2976 721 3305 793 πράγματος.
3344 718 3529 782 ’Ὄντως
3560 724 3645 796 γὰρ
3671 721 3843 797 δόγματι

2354 812 2471 880 περὶ
2526 811 2714 861 τούτου
2767 812 2974 881 γέγονεν
3043 807 3091 860 έν
3171 816 3283 869 ταῖς
3330 813 3582 881 μεγίσταις
3640 822 3717 864 τῶν
3771 814 3844 866 ἔτι·

2358 902 2567 949 σκόπων
2618 895 2879 967 συνόδοις,
2920 901 2988 961 ὡς
3028 900 3352 969 πυνθάνομαι
3380 919 3392 931 ·
3438 901 3561 952 ὥστε
3596 905 3694 963 τοὺς
3732 922 3845 978 προσ-

2358 989 2529 1048 ιόντας
2590 986 2690 1039 ἀπό
2755 990 2999 1060 αἱρέσεων
3075 991 3576 1061 προκατηχηθέντας,
3640 988 3711 1043 εἶτ’
3762 992 3847 1046 ἄπι-

2353 1075 2600 1130 λούεσθαι
2658 1082 2747 1130 καὶ
2805 1078 3249 1154 ἀνακαθαίρεσθαι
3304 1083 3389 1132 τόν
3448 1088 3533 1141 τῆς
3578 1080 3760 1144 παλαιᾶς
3792 1089 3846 1135 ui

2356 1164 2653 1240 ἀκαθάρτου
2708 1167 2876 1239 ζύμης
2914 1168 3101 1243 ῥύπον.
3154 1189 3177 1219 ν
3237 1172 3337 1222 Καὶ
3391 1169 3497 1242 μετ’
3537 1168 3697 1241 ὀλίγα*
3737 1192 3759 1221 ε
3786 1178 3849 1224 hi

2354 1263 2463 1317 τοῖς
2520 1256 2807 1327 ἀγαπητοῖς
2860 1254 2919 1310 δε
2972 1259 3117 1330 ἡμῶν
3166 1262 3255 1310 καὶ
3308 1258 3740 1333 συμπρεσϐυτέροις
3779 1268 3850 1312 Διο-

2355 1348 2519 1416 νυσίῳ
2566 1350 2651 1398 καὶ
2707 1346 2978 1418 Φιλήμονι,
3063 1346 3367 1420 συμψήφοις
3422 1354 3647 1421 πρότερον
3691 1354 3849 1421 Στεφάνῳ

2355 1439 2666 1506 γενομένοις,
2752 1441 2841 1487 καὶ
2915 1440 3034 1508 περὶ
3095 1445 3194 1488 τῶν
3275 1440 3447 1489 αὐτῶν
3509 1457 3591 1509 μοι
3646 1440 3851 1509 γράφουσι,

2356 1533 2602 1598 πρότερον
2652 1527 2741 1597 μιν
2797 1523 2969 1596 ὀλίγα,
3021 1532 3108 1576 νῦν
3167 1521 3227 1578 δὲ
3278 1530 3369 1578 καὶ
3423 1522 3514 1579 διὰ
3561 1526 3759 1579 πλειόνων
3780 1526 3855 1579 ἐπέ-

2361 1612 2557 1668 στειλα.
2594 1636 2621 1663 ››
2701 1618 2800 1667 Καὶ
2847 1619 2964 1688 περὶ
3032 1618 3121 1686 μεν
3174 1622 3265 1667 τοῦ
3339 1614 3675 1687 βαπτίσματος
3716 1624 3854 1668 ταῦτα·

2352 452 2557 502 πάντων
2614 460 2713 504 τῶν
2789 453 3113 526 ὁμορούντων
3194 451 3368 515 ἐθνῶν,

604 1700 1004 1771 scripsissent,
1047 1703 1210 1774 prius
1248 1704 1491 1775 quidem
1554 1704 1785 1775 paucis,
1829 1718 1989 1758 nunc
2051 1708 2198 1757 autei

2287 1726 2330 1782 B
2359 1703 2613 1774 ἐμφαίνων
2654 1699 2732 1770 δὲ,
2783 1706 2847 1764 ὡς
2894 1712 3183 1761 τηνικαῦτα
3237 1710 3328 1757 καὶ
3405 1707 3434 1763 ἠ
3499 1708 3625 1757 κατά
3669 1704 3854 1758 Σαϐᾶλιον

602 1789 876 1861 pluribus
917 1792 1217 1863 respondi.
1262 1812 1289 1845 ›
1324 1794 1387 1847 Et
1424 1794 1499 1849 de
1532 1794 1827 1865 baptismo
1858 1807 2019 1848 nunc
2058 1792 2251 1847 hacte-

604 1894 741 1934 nus.
774 1880 853 1935 De
884 1881 1094 1936 haeresi
1126 1885 1323 1937 autem
1357 1883 1573 1938 Sabelli
1604 1883 1704 1955 (1),
1738 1899 1873 1954 quae
1904 1888 2027 1937 tum
2055 1897 2250 1937 emer-

605 1968 803 2037 gebat,
831 1969 1195 2026 mentionem
1234 1971 1474 2038 faciens,
1519 1992 1547 2024 «
1578 1972 1658 2027 De
1686 1972 1988 2043 dogmate,
2035 1970 2245 2043 inquit,

597 2060 761 2130 quod
795 2060 1172 2130 Ptolemaide,
1200 2078 1334 2133 quae
1367 2078 1485 2118 una
1511 2078 1583 2117 ex
1604 2063 1873 2134 quinque
1899 2060 2243 2116 civitatibus

598 2154 706 2213 est,
740 2163 943 2204 recens
969 2155 1118 2216 orto,
1151 2151 1336 2222 impio
1361 2166 1629 2221 prorsus,
1661 2152 1885 2223 quippe
1907 2151 2071 2222 quod
2101 2148 2246 2204 mul-

596 2241 720 2293 tam
741 2237 1184 2309 blasphemiam
1210 2242 1267 2295 in
1292 2242 1768 2313 omnipotentem
1790 2243 1994 2304 Deum,
2010 2239 2245 2294 Patrem

598 2326 833 2382 Domini
877 2329 1061 2383 nostri
1108 2329 1246 2384 Jesu
1279 2330 1511 2395 Christi,
1547 2329 1797 2385 multam
1835 2328 2247 2384 inﬁdelitatem

598 2415 657 2470 in
690 2416 1062 2486 unigenitum
1104 2419 1231 2487 ejus
1270 2419 1503 2485 Filium,
1538 2419 2001 2490 primogenitum
2051 2418 2247 2473 omnis

598 2511 904 2574 creaturae,
935 2508 1396 2563 inhumanatum
1419 2508 1698 2573 Verbum,
1728 2506 2244 2563 insensibilitatem

598 2600 798 2651 autem
833 2597 1079 2668 Spiritus
1115 2598 1306 2653 sancti
1356 2598 1634 2663 continet,
1678 2614 1816 2653 cum
1862 2598 2139 2670 utrinque
2170 2600 2247 2651 ad

596 2700 693 2741 me
726 2687 1135 2756 pervenissent
1173 2692 1229 2741 et
1252 2687 1508 2753 decreta,
1538 2691 1595 2743 et
1624 2687 1835 2742 fratres
1863 2685 2243 2758 disputaturi,

597 2774 880 2853 quaedam
920 2775 1129 2846 scripsi
1149 2791 1257 2847 pro
1280 2776 1428 2831 virili
1457 2793 1611 2842 mea,
1644 2777 1763 2833 Deo
1803 2774 2245 2848 suppeditante,

596 2862 970 2935 explanatius
992 2880 1297 2936 exponens
1322 2866 1543 2921 omnia.
1582 2887 1603 2916 ι

1232 3026 1458 3082 CAPUT
1496 3026 1635 3081 Vlll.

868 3153 949 3208 De
971 3151 1190 3209 visione
1210 3166 1336 3224 qua
1356 3151 1643 3221 Dionysio
1670 3153 1976 3224 apparuit.

672 3294 735 3349 In
768 3295 937 3351 tertia
975 3296 1226 3366 epistola
1254 3296 1329 3352 de
1368 3296 1695 3368 baptismo,
1737 3312 1922 3369 quam
1950 3296 2027 3352 ad
2061 3296 2247 3353 Phile-

599 3397 844 3439 monem
887 3384 1299 3457 presbyterum
1344 3388 1679 3441 Romanum
1712 3387 1945 3456 scripsit
1998 3387 2123 3441 haec
2160 3403 2248 3443 re-

598 3472 736 3528 fert:
774 3494 798 3523 «
834 3476 955 3543 Ego
979 3490 1117 3530 vero
1148 3475 1324 3530 etiam
1360 3475 1421 3529 in
1454 3475 1704 3546 scriptis,
1741 3479 1798 3530 et
1829 3475 2247 3532 traditionibus

596 3561 1011 3618 haereticorum
1049 3562 1300 3619 lectione
1350 3570 1618 3619 versatus
1667 3580 1823 3632 sum,
1866 3565 2245 3636 Opinionibus

599 3666 808 3707 eorum
851 3651 1281 3723 impurissimis
1325 3653 1700 3724 aliquantum
1733 3653 2003 3725 animum
2047 3671 2245 3710 meum

596 3740 893 3811 polluens,
940 3741 1249 3798 utilitatem
1290 3748 1492 3798 autem
1532 3742 1695 3797 illam
1736 3742 1813 3799 ab
1857 3744 1942 3797 eis
1984 3744 2243 3814 capiens,

599 3834 666 3884 ut
703 3828 934 3885 facilius
966 3845 1069 3886 eos
1102 3831 1264 3903 apud
1296 3847 1389 3886 me
1419 3832 1613 3903 ipsum
1647 3832 1911 3887 refellam
1944 3839 2122 3905 atque
2153 3848 2246 3887 re-

601 3918 869 3989 pudiem,
902 3921 1215 3991 magisque
1236 3921 1414 3976 etiam
1443 3937 1711 3977 exsecrer
1741 3937 1810 3977 ac
1848 3921 2123 3977 detester.
2152 3925 2247 3977 At-

599 4021 716 4077 que
754 4007 1032 4077 equidem
1072 4008 1250 4064 frater
1278 4008 1530 4080 quidam
1572 4010 1883 4082 presbyter
1921 4011 1998 4065 ab
2038 4011 2122 4065 eis
2160 4010 2246 4065 le-

602 4094 812 4165 gendis
863 4112 958 4152 me
998 4097 1258 4161 arcebat,
1301 4101 1466 4169 quod
1517 4104 1835 4165 vereretur,
1872 4114 1946 4154 ne
1976 4100 2035 4153 in
2075 4115 2246 4155 coeno

599 4184 840 4239 malitias
869 4200 990 4240 una
1020 4202 1156 4241 cum
1179 4186 1290 4241 illis
1318 4187 1669 4254 involverer,
1704 4204 1852 4243 neve
1877 4189 2077 4244 anima
2112 4204 2248 4243 mea

600 4287 822 4329 novam
876 4281 929 4328 et
967 4276 1290 4345 perniciem
1343 4276 1738 4334 contraheret.
1794 4279 2062 4349 Eumque
2111 4293 2247 4332 cum

601 4378 743 4419 vera
789 4363 985 4419 dicere
1033 4365 1332 4429 sentirem,
1385 4365 1563 4437 399
1596 4366 1743 4421 visio
1782 4365 2065 4437 quaedam
2102 4365 2249 4420 divi-

2361 1793 2563 1865 αἰρεσις
2614 1790 3035 1866 ἄπιπολάρξουσα
3086 1789 3167 1858 ἦν,
3193 1795 3359 1847 ταῦτά
3400 1814 3526 1865 φησι
3549 1812 3561 1824 ·
3611 1814 3638 1846 ι(
3663 1800 3760 1866 Περὶ
3790 1797 3852 1867 γὰρ

2358 1889 2449 1933 τοῦ
2492 1889 2579 1933 νῦν
2635 1884 2928 1943 κινηθέντος
2985 1881 3035 1933 ἕν
3092 1889 3154 1955 τῇ
3209 1880 3526 1953 Πτολεμαΐδι
3554 1892 3639 1944 τῆς
3678 1888 3855 1937 [Imm-

2358 1969 2478 2031 λεως
2518 1967 2802 2043 δόγματος,
2855 1970 3075 2033 ἀσεϐοῦς
3119 1975 3261 2035 ὄντος
3309 1978 3401 2025 καὶ
3446 1971 3743 2046 βλασφημίαν
3778 1972 3854 2023 mi.

2357 2058 2450 2117 λὴν
2500 2063 2834 2132 περιέχοντος
2899 2066 3017 2135 περὶ
3071 2069 3160 2113 τοῦ
3218 2065 3620 2136 παντοκράτορος
3667 2069 3770 2116 Θεοῦ
3799 2066 3852 2111 τοι)

2360 2154 2562 2222 Πατρός
2601 2158 2690 2202 τοῦ
2743 2155 2935 2222 Κυρίου
2989 2152 3135 2223 ἡμῶν
3189 2150 3370 2210 Ἰησοῦ
3411 2160 3651 2223 Χριστοῦ,
3686 2151 3849 2202 ἀπιστίη

2356 2259 2411 2291 τε
2456 2239 2645 2297 πολλὴν
2702 2247 2819 2314 περὶ
2878 2248 2969 2292 τοῦ
3027 2248 3336 2313 μονογενοῦς
3395 2239 3590 2303 Παιδὸς
3636 2240 3763 2292 αὖτοῦ
3799 2245 3849 2290 τεῦ

2356 2334 2689 2402 πρωτοτόκου
2761 2332 2939 2392 πάσης
2998 2335 3235 2395 κτίσεως,
3293 2339 3388 2383 τοῦ
3468 2331 3847 2403 ἑνανθρωπήσιπκ

2358 2423 2553 2489 Λόγου,
2607 2417 2957 2478 ἀναισθησίαν
3017 2417 3076 2472 δὲ
3126 2428 3217 2473 τοῦ
3275 2421 3430 2493 ἁγίου
3502 2423 3770 2491 Πνεῦματος,
3805 2417 3841 2468 ii-

2359 2510 2547 2560 θὸντων
2626 2507 2931 2577 ἑκατέρωθεν
2997 2513 3122 2583 πρός
3207 2507 3293 2582 ἐμὲ
3359 2515 3452 2563 καὶ
3509 2509 3833 2584 προγραμμεὲτνν.

2357 2602 2446 2649 καὶ
2496 2605 2594 2649 τῶν
2645 2593 3015 2671 διαλεξομένων
3064 2595 3315 2671 ἀδελφῶν,
3390 2599 3647 2652 ἑπέστειλά
3699 2616 3783 2649 τινα
3806 2598 3833 2652 ὧς

2357 2682 2628 2743 ἠδυνήθην
2680 2688 3050 2761 παρασχόντος
3108 2694 3201 2739 τοῦ
3254 2692 3386 2740 Θεοῦ
3444 2684 3838 2756 διδασκαλικὼτιξςι

2358 2774 2733 2847 ὑφηγούμενος.
2763 2797 2790 2823 ››

2977 3030 3197 3079 ΚΕΦΑΛ
3212 3067 3225 3081 .
3270 3022 3348 3080 Η’.

2444 3154 2596 3222 Περὶ
2633 3149 2745 3212 τῆς
2783 3150 3070 3224 ὁράσεως
3109 3149 3178 3209 ἣν
3216 3145 3394 3203 εἶδεν
3437 3151 3465 3203 ό
3506 3151 3783 3204 Διονύσιις.

2432 3296 2531 3346 Καὶ
2561 3290 2609 3344 ἐν
2640 3299 2699 3364 τῇ
2752 3294 2900 3365 τρίτῃ
2952 3299 3051 3343 τῶν
3096 3296 3216 3364 περὶ
3264 3290 3655 3365 βαπτίσματος,
3699 3285 3847 3347 in")?

2357 3401 2474 3454 μονι
2517 3389 2589 3451 τῷ
2642 3383 2776 3432 κατὰ
2819 3380 3018 3452 Ῥώμην
3075 3380 3415 3456 πρεσϐυτέρῳ
3473 3380 3707 3443 ἐκτίθησι,
3749 3372 3854 3428 triti

2358 3490 2515 3542 φησιν
2546 3488 2557 3499 ⁸

2356 3556 2689 3633 παραδόσεσι
2749 3567 2845 3611 τῶν
2912 3561 3182 3631 αἰρετικῶν
3260 3558 3534 3631 ἐνέτυχον,
3587 3561 3773 3631 χραίνων
3808 3554 3851 3621 μὲ)

2356 3669 2455 3722 μου
2492 3652 2616 3722 πρὸς
2659 3647 2830 3720 ὀλίγον
2875 3652 2968 3706 τὴν
3018 3648 3206 3720 ψυχὴν
3242 3657 3356 3709 ταῖς
3415 3650 3717 3722 παμμιάροις
3756 3646 3849 3694 αὐτῶν

2356 3740 2720 3810 ἐνθυμήσεσιν,
2777 3740 2956 3796 ὄνησιν
2997 3735 3047 3790 δ’
3102 3734 3189 3790 οὖν
3239 3736 3326 3789 ἀπ’
3386 3739 3556 3791 αὐτῶν
3601 3732 3848 3799 tam“?

2356 3826 2540 3894 ϐάνων,
2618 3830 2675 3880 τό
2753 3826 3037 3898 ἐξελέγχειν
3118 3826 3308 3888 αὐτοὺς
3388 3827 3515 3901 παρ’
3575 3827 3766 3899 ἐμαυτῷ,
3808 3822 3852 3868 κε

2355 3916 2485 3969 πολὺ
2567 3915 2716 3968 πλέον
2783 3912 3182 3988 βδελύττεσθαι.
3247 3920 3349 3968 Καὶ
3424 3912 3494 3975 δή
3549 3934 3669 3973 τινος
3716 3906 3854 3977 ἀδελφώ

2355 4014 2455 4058 τῶν
2508 4004 2868 4078 πρεσϐυτέρων
2922 4024 2984 4077 με
3046 4003 3382 4079 ἀπείργοντος
3436 4010 3528 4057 καὶ
3593 3999 3854 4070 δεδιττομέῆδ

2630 3492 2658 3517 α
2710 3471 2845 3541 Ἐγὼ
2896 3467 2955 3522 δὲ
3022 3474 3111 3523 καὶ
3162 3477 3270 3531 τοῖς
3315 3472 3650 3543 συντάγμασι
3691 3472 3757 3519 καὶ
3788 3469 3855 3518 rei;

2360 4101 2716 4171 συμφέρεσθαι
2770 4106 2839 4168 τῷ
2892 4106 2988 4160 τῆς
3039 4103 3290 4171 πονηρίας
3336 4103 3510 4151 αὐτῶν
3568 4094 3781 4170 βορϐόρῳ,
3811 4086 3857 4135 Ῑν·

2357 4190 2633 4259 μανείσθαι
2673 4190 2775 4261 γὰρ
2815 4191 2903 4246 τὴν
2958 4186 3144 4259 ψυχὴν
3193 4192 3286 4246 τὴν
3334 4192 3582 4259 ἱμαυτοῦ,
3637 4188 3711 4236 καὶ
3756 4176 3855 4233 ἀλεῆ

2356 4298 2416 4350 γε
2453 4278 2688 4350 λέγοντος
2736 4279 2800 4337 ὡς
2852 4278 3093 4350 ᾐσθόμην
3128 4294 3139 4306 ·
3184 4278 3357 4352 ὅραμα
3435 4279 3728 4346 θεόπεμπτον
3762 4282 3858 4338 προς·

2361 4368 2499 4420 ελθόν
2550 4366 2804 4441 ἕπέρρωσέ
2842 4386 2905 4438 με
2939 4384 2950 4395 ·
3017 4370 3106 4418 καὶ
3162 4366 3313 4437 λόγος
3376 4370 3510 4438 πρός
3562 4384 3620 4438 με
3664 4363 3857 4433 γενόμεναι

602 4452 759 4508 nitus
814 4453 1078 4508 exhibita
1131 4460 1187 4508 et
1236 4470 1345 4508 vox
1414 4470 1508 4509 me
1565 4455 1962 4511 conﬁrmavit.
2028 4456 2192 4511 Diser

2283 4441 2329 4497 ι)
2360 4456 2649 4531 προσέταξε
2680 4451 2979 4530 διαρρήδην
3030 4454 3188 4527 λέγων
3218 4475 3230 4487 ο
3294 4461 3467 4508 Πᾶσιν
3525 4455 3782 4523 ἑντύγχανε,
3818 4442 3858 4497 οἷς

600 4556 865 4614 namque
879 4542 1102 4598 etclare
1132 4544 1456 4609 mandavit,
1473 4544 1676 4599 dicens
1701 4564 1712 4600 :
1735 4546 1955 4601 Omnes
1990 4552 2246 4610 versato,

601 4630 842 4703 quOS'in
875 4646 1093 4687 manus
1121 4634 1439 4703 acceperis,
1472 4632 1657 4688 libros
1685 4634 2041 4706 :disquirere
2063 4635 2245 4702 enim,

605 4721 897 4791 castigare
916 4726 971 4775 et
999 4721 1311 4794 explorare
1337 4722 1542 4777 omnia
1567 4728 1759 4794 potes,
1784 4739 1918 4795 quae
1943 4724 2045 4779 tibi
2070 4725 2247 4779 etiam

602 4812 680 4867 ab
711 4810 875 4865 initio
903 4810 1038 4865 ﬁdei
1066 4811 1531 4882 complectendae
1571 4828 1755 4868 causa
1781 4812 1905 4867 fuit.
1954 4813 2250 4869 Visione'm

601 4914 738 4955 eam
762 4900 965 4971 accepi
993 4900 1337 4970 apostolicae
1358 4900 1489 4955 voci
1517 4906 1966 4970 congruentem,
1992 4918 2127 4975 quae
2161 4901 2253 4957 ﬁr-

604 4988 895 5045 mioribus
926 4989 1067 5044 dicit
1098 5006 1112 5044 :
1160 4993 1350 5045 Estote
1381 4991 1625 5062 spectati
1658 4997 1835 5063 atque
1867 4992 2104 5061 probati
2128 4997 2253 5047 tra-

605 5079 810 5151 pezita:
844 5080 943 5151 (2).
974 5099 1003 5131 »
1035 5078 1255 5135 Deinde
1294 5095 1430 5134 cum
1477 5080 1759 5151 quaedam
1808 5080 1882 5136 de
1921 5080 2253 5137 hmresibus

605 5168 890 5226 omnibus
914 5168 1178 5234 dixisset,
1210 5168 1353 5225 talia
1382 5168 1575 5225 infert.

680 5402 752 5477 (1)
798 5401 1169 5477 Negavit_is,
1217 5401 1509 5459 Christum
1552 5402 1760 5477 Filium
1811 5403 1911 5477 Dei
1951 5408 2009 5460 et
2038 5405 2260 5477 primo-

608 5474 873 5549 genitum
914 5473 1111 5549 omnis
1146 5479 1429 5549 creaturae
1469 5489 1604 5530 esse
1636 5474 1971 5547 :simulque
2003 5473 2255 5549 Spiritus

611 5546 799 5601 sancti
836 5544 1196 5602 intellectum
1224 5545 1464 5600 ademit.

2365 4555 2543 4621 χεῖρας
2604 4544 2802 4606 λάϐοις.
2863 4546 3150 4597 Διευθύνειν
3193 4546 3292 4616 γὰρ
3343 4546 3547 4597 ἕκαστα
3595 4546 3675 4594 καὶ
3717 4532 3860 4630 deus?

2363 4637 2468 4698 ζειν
2514 4638 2685 4696 ἱκανός
2741 4631 2803 4688 εἶ.
2879 4638 2979 4687 Καὶ
3029 4638 3114 4686 σοὶ
3168 4638 3347 4705 γέγονε
3394 4641 3550 4686 τοῦτο
3598 4631 3779 4702 ἐξαρχῦς
3810 4638 3860 4670 καί

2361 4734 2457 4786 τῆς
2521 4729 2744 4787 πίστεως
2813 4727 2997 4777 αἴτιον.
3067 4719 3430 4794 Ἀπεδεξάμην
3507 4725 3565 4774 τό
3644 4720 3777 4792 ὅραμα
3821 4710 3861 4761 ὡς

2363 4814 2679 4887 ἀποστολικῇ
2725 4822 2861 4887 φωνῇ
2919 4816 3225 4886 συντρέχον,
3276 4820 3337 4885 τῇ
3396 4812 3619 4884 λεγούσῃ
3656 4808 3755 4881 πρὸς
3788 4800 3860 4851 τῆς

2364 4901 2772 4977 δυνατωτέρους,
2828 4904 3090 4955 Γίνεσθε
3156 4898 3424 4973 δόκιμοι
3499 4896 3857 4975 τραπεςῑτειμέ

2363 4994 2509 5062 Εἶτα,
2558 4996 2674 5046 τινὰ
2702 4997 2819 5069 περὶ
2866 5000 3047 5045 πασῶν
3086 4991 3238 5044 εἰπὼν
3277 5000 3373 5044 τῶν
3423 4993 3678 5067 αἱρέσεων,
3715 4982 3861 5051 imi?“

2362 5084 2521 5157 λέγων
2554 5100 2567 5114 ⁸

2434 5406 2513 5477 (2)
2554 5404 2767 5461 Euseb.
2795 5401 2898 5459 lib.
2933 5417 3029 5467 vn,
3054 5417 3203 5477 cap:
3218 5406 3283 5456 7:
3322 5394 3849 5477 «anialegileﬂ‘f

2364 5465 2529 5534 bona
2577 5482 2716 5532 sunt
2760 5479 2972 5556 tenete.
3010 5465 3030 5522 ν
3079 5465 3316 5529 Ruﬁn.:
3366 5470 3515 5528 Utile
3538 5473 3623 5527 est
3647 5465 3845 5522 harem“

2370 5564 2505 5606 rum
2530 5563 2709 5605 [10880
2740 5560 3076 5620 opiniones.
