4036 6288
112 251 230 308 1149
1133 245 1697 307 ΕΟΟΒΕΞΙΑΞΤΙΟᾸΕ
1736 249 2100 308 ΗῙΒΤΟΗΙλΕ
2137 256 2274 312 LIB.
2327 257 2421 316 Vl.
3328 259 3466 317 1150

723 371 969 427 ΚΕΦᾹΛ.
1011 371 1089 428 6'.
1735 378 1780 431 Α

1735 378 1780 431 Α
2461 387 2692 444 CAPUT
2733 389 2817 444 IX.

119 485 255 551 Περὶ
285 487 401 554 τᾼῆς
432 481 810 552 παμμιάρου
848 487 966 554 τ-ῶν
1005 482 1357 554 αἱρεᾷτικῶν
1393 483 1647 546 πλάνης
1687 501 1697 513 ·

1864 478 1899 524 ἐ
1912 468 2181 554 ίπιρνορο
2198 473 2606 554 hereticorum
2629 491 2830 532 errore
2854 482 2906 532 et
2929 474 3458 554 seductiope.-ite1_n

188 539 273 604 έτι
309 547 374 604 δὲ
405 539 831 625 καὶ’τξερὶ’τοῦ
863 549 1050 604 ἀθέου
1081 539 1288 606 αὐτῶν
1327 539 1704 627 βαπτίσμναο

1883 539 1956 627 de
1978 541 2159 627 {inpio
2184 559 2384 627 eorum
2415 546 2720 627 oaptismo,
2746 555 2798 604 et
2825 563 2972 620 quas
2996 548 3272 616 epistolas
3299 561 3366 604 ea
3387 547 3459 603 de

186 626 510 699 roc'_xai
587 612 744 684 ὅσας
808 623 1158 686 ἓπιστολὰς
1242 612 1398 699 ὑπ’ὶρ
1466 612 1702 680 τούτου

1046 623 1074 675 λ
1085 627 1118 678 ἀ
1135 645 1158 686 ς
1242 626 1272 677 ὖ
1287 612 1358 678 πὶ
1368 646 1398 699 ρ
1466 647 1495 679 τ
1509 645 1535 679 ο
1547 629 1577 678 ύ
1591 612 1620 679 'T
1633 647 1658 680 ο
1672 647 1702 679 υ
1885 626 1951 667 re
1977 612 2286 686 Dionysius
2311 612 2635 688 scripserit.

188 692 477 768 ἰγραψεν.

189 821 214 852 (ι
273 806 462 854 Τοῦτον
512 802 612 872 έγὼ
662 802 748 853 τὸν
809 802 999 854 κανόνα
1048 807 1140 855 καὶ
1193 805 1282 856 τόν
1344 806 1505 856 τύπον
1565 808 1707 880 παρά

1887 795 2050 850 Hanc
2087 809 2200 866 ego
2239 797 2509 868 regulam
2558 802 2615 854 et
2669 798 2926 854 formam
2966 814 3002 854 a
3049 797 3224 854 beato
3253 799 3459 854 nostro

118 897 202 942 τοῦ
235 893 489 963 μακαρίου
546 891 694 961 ἡμῶν
738 891 891 943 πάπα
937 890 1170 964 Ἠρακλᾶ
1223 892 1548 966 παρέλαϐον’
1590 899 1706 956 τοὺς

1866 897 1977 954 apa
2006 885 2250 942 Heracla
2300 887 2523 959 accepi.
2557 886 2657 944 Ille
2689 887 2984 960 siquidem
3033 886 3331 958 quosdam
3383 887 3460 942 ab

115 980 209 1051 γὰρ
280 983 592 1051 προσιόντας
672 977 774 1031 ἀπὸ
847 987 948 1032 τῶν
1024 982 1289 1054 αἱρέσεων,
1359 986 1530 1035 καίτοι
1594 991 1704 1048 ταῖς

1867 974 2142 1029 Bresibus
2193 981 2574 1042 revertentes,
2603 976 2768 1048 quod
2807 977 2886 1032 ab
2926 976 3184 1032 Ecclesia
3217 975 3461 1030 defecis-

115 1067 407 1130 ἐκκλησίαις
460 1066 808 1132 ἀποστάντας,
838 1067 1029 1141 μᾶλλον
1078 1066 1137 1123 δ¹ε
1175 1068 1299 1124 ούδὶ
1347 1072 1698 1136 ἀποστάντας,
1814 1067 1966 1128 sent,
2000 1078 2104 1118 ³611
2150 1065 2348 1136 Ροῖίυε
2397 1081 2519 1121 non
2565 1065 2942 1130 άθῖθοίεεθῐιῖν
2974 1065 3078 1120 8θά
3118 1064 3282 1136 (ΙΠΟά
3326 1079 3465 1120 οοῐὶ·

111 1156 231 1209 ἀλλά
293 1158 613 1228 συνάγεσθαι
694 1159 784 1229 μεν
861 1155 1164 1225 δοκοῦντας,
1251 1163 1703 1233 καταμηνυθέντας

1864 1152 2014 1207 enire
2051 1158 2108 1208 et
2159 1153 2604 1211 communicare
2651 1155 2896 1228 quidem
2949 1154 3265 1210 nobiscum
3298 1153 3458 1209 vide-

110 1242 166 1299 δί
212 1247 278 1308 ὡς
325 1248 745 1319 προσφοιτῶντάς
791 1266 894 1299 τινι
941 1256 1044 1300 τῶν
1094 1245 1700 1324 ἑτεροδιδασκαλούντων

1860 1249 2029 1313 antur,
2066 1241 2332 1299 inducati
2359 1249 2560 1300 autem
2606 1243 2840 1301 fuerant
2886 1243 3214 1316 quemdam
3257 1241 3454 1298 aliena

105 1333 356 1396 ἀπελάσας
409 1342 505 1398 τῆς
545 1335 881 1404 Ἐκκλησίας,
939 1333 1214 1410 δεομένους
1258 1339 1317 1392 ού
1369 1345 1697 1413 προσήκατο,

1859 1335 2126 1387 ocentem
2158 1334 2512 1404 consectari,
2543 1349 2666 1406 qua
2707 1334 2782 1389 de
2825 1348 3013 1390 causa
3058 1333 3136 1389 ab
3190 1331 3453 1387 Ecclesia

105 1425 186 1484 ἕως
241 1419 478 1496 δημοσίᾳ
531 1431 701 1478 πάντα
753 1426 854 1478 ὅσα
910 1425 1172 1485 ἀκηκόασι
1219 1431 1362 1501 παρὰ
1402 1437 1513 1492 τοῖς
1561 1429 1698 1482 ἀντι-

1862 1425 1978 1477 Pant
2007 1421 2319 1493 repudiati,
2348 1422 2710 1480 obtestantes
2730 1438 2832 1478 eos
2863 1437 2984 1478 non
3004 1423 3170 1493 prius
3194 1420 3456 1485 admisit,

105 1507 478 1584 διατιθεμένοις
537 1512 839 1586 έξέφρασαν.
902 1521 1002 1568 Καὶ
1068 1519 1185 1569 τότε
1242 1522 1535 1590 συνήγαγεν
1603 1519 1699 1571 αύ-

1862 1525 1994 1566 nam
2039 1510 2277 1582 publice
2324 1527 2458 1584 quae
2519 1512 2598 1567 ab
2645 1512 3008 1568 adversariis
3064 1510 3456 1578 audivissent,

99 1604 234 1667 τοὺς,
287 1601 348 1653 οῦ
409 1597 616 1663 δεηθεὶς
682 1603 760 1655 ἐπ’
832 1603 1001 1656 αὐτῶν
1064 1604 1237 1678 έτέρου
1312 1605 1693 1680 βαπτίσματος.

1865 1599 2015 1654 :nnia
2047 1601 2460 1672 exposuissent
2487 1601 2587 1672 (1).
2621 1603 2685 1656 Et
2715 1605 2840 1656 tum
2867 1601 3130 1672 primum
3157 1599 3235 1655 ad
3266 1597 3459 1654 Eccle-

99 1696 198 1743 Τοῦ
239 1693 341 1766 γὰρ
393 1691 546 1764 ἁγίου
588 1693 834 1766 πρότερον
887 1695 1011 1767 παρ’
1061 1694 1221 1748 αὐτοῦ
1255 1702 1638 1769 τετυχήκεσαν.
1667 1719 1693 1752 η

1865 1703 1963 1744 am
1993 1704 2097 1744 eos
2129 1689 2424 1761 perduxit,
2457 1689 2602 1745 nihil
2644 1705 2892 1761 prorsus
2941 1689 3000 1745 in
3031 1689 3117 1745 eis
3147 1704 3301 1761 opus
3329 1703 3459 1743 esse

103 1785 199 1834 Καὶ
256 1783 447 1842 ἱκανῶς
493 1783 770 1852 γυμνάσας
811 1786 868 1834 τὸ
937 1782 1236 1858 πρόϐλημα,
1319 1787 1544 1859 ἐπιφέρει
1616 1787 1696 1840 λέ-

1863 1779 2114 1848 aptismo
2139 1779 2255 1835 alio
2278 1779 2562 1851 judicans
2593 1799 2604 1838 :
2641 1785 2918 1836 sanctum
2956 1779 3114 1834 enim
3173 1777 3457 1850 Spiritum

99 1889 198 1940 γων
221 1886 232 1898 ·
271 1888 300 1921 α
329 1871 626 1942 Μεμάθηκα
653 1875 743 1923 καὶ
772 1878 946 1937 τοῦτο,
991 1873 1070 1925 ὅτι
1111 1877 1183 1945 μὴ
1215 1881 1302 1926 νῦν
1334 1877 1382 1926 οἱ
1429 1877 1478 1928 ἓν
1507 1876 1693 1949 Ἀφρι-

1865 1868 2060 1924 ntehac
2117 1868 2194 1924 ab
2241 1884 2312 1925 eo
2368 1869 2770 1926 obtinuerant.
2829 1873 2909 1924 Ac
2963 1867 3298 1940 quaestione
3343 1866 3459 1922 hac

98 1967 158 2030 κῇ
215 1962 370 2031 μόνον
433 1966 588 2011 τοῦτο
645 1964 1056 2032 παρεισήγαγον,
1135 1959 1264 2015 ἀλλά
1339 1968 1427 2016 καὶ
1493 1967 1542 2017 οἱ
1597 1969 1692 2038 πρὸ

1861 1957 2080 2014 [nribus
2112 1963 2382 2024 tractata,
2407 1959 2488 2015 ita
2513 1958 2684 2015 infert
2707 1975 2720 2013 :
2744 1978 2768 2009 ι
2807 1957 2986 2014 Didici
3015 1956 3164 2012 illud
3193 1971 3455 2028 quoque,

94 2047 277 2100 πολλοῦ
333 2050 470 2101 κατά
524 2051 646 2110 τοὺς
701 2052 802 2123 πρὸ
861 2051 1008 2122 ἡμῶν
1086 2049 1408 2114 έπισκόπους
1463 2051 1513 2105 έν
1581 2063 1688 2118 ταῖς

1861 2063 1928 2103 on
1945 2047 2141 2104 solum
2166 2063 2324 2104 nunc
2342 2049 2648 2104 Africanos
2660 2047 2775 2103 hoc
2793 2062 3107 2120 perperam
3127 2046 3455 2110 induxisse,

93 2137 651 2210 πολυανθρωποτάταις
721 2137 1025 2202 ἐκκλησίαις
1098 2145 1188 2193 καὶ
1262 2149 1371 2203 ταῖς
1453 2140 1687 2207 συνόδοις

1864 2137 1914 2192 ιὰ
1939 2142 1994 2192 et
2036 2137 2115 2193 ab
2145 2138 2227 2193 eis
2257 2138 2362 2210 qui
2404 2138 2632 2193 dudum
2663 2142 2799 2193 ante
2825 2152 2935 2193 nos
2968 2136 3231 2208 episcopi
3253 2136 3312 2190 in
3347 2134 3458 2190 fre-

91 2236 185 2279 τῶν
235 2223 494 2299 ἀδελφῶν,
557 2225 604 2278 έν
687 2226 887 2299 Ἰκονίῳ
944 2234 1033 2281 καὶ
1088 2226 1356 2298 Συνάδοις,
1415 2237 1504 2284 καὶ
1557 2238 1685 2308 παρὸ

1864 2227 2216 2282 uentissimis
2245 2227 2508 2283 ecclesiis
2553 2227 2734 2290 fuere,
2786 2228 2842 2282 in
2895 2225 3286 2282 conventibus
3341 2223 3458 2279 fra-

90 2315 291 2378 πολλοίς
364 2323 514 2368 τοῦτο
570 2312 742 2380 ἔδοξεν
778 2335 790 2346 ·
851 2317 919 2368 ὧν
974 2321 1064 2379 τὰς
1135 2317 1327 2388 βουλὰς
1382 2318 1676 2396 ἀνατρέπων

1859 2333 1988 2383 um,
2021 2317 2200 2372 Iconii
2233 2322 2289 2372 et
2331 2316 2608 2390 Synadis,
2638 2321 2695 2372 et
2718 2321 3004 2388 printer-ea
3031 2315 3193 2387 apud
3232 2315 3453 2369 multos

93 2404 158 2466 εἰς
205 2407 310 2480 ἔριν
362 2410 451 2458 καὶ
507 2405 818 2478 φιλονεικίαν
874 2407 1062 2470 αύτούς
1119 2407 1384 2480 ἐμϐάλλειν
1432 2410 1537 2482 ούχ
1576 2412 1687 2465 ὑπο·

1859 2422 1890 2462 a
1917 2407 2223 2462 decretum
2258 2406 2457 2461 fuisse.
2501 2407 2765 2472 Quorum
2806 2404 3124 2461 consilium
3161 2404 3453 2474 rejiciens,

93 2497 238 2566 μένω.
284 2494 374 2547 Ού
421 2495 542 2568 γάρ
587 2501 1070 2567 μετακινήσεις,
1127 2503 1307 2570 φησὶν,
1361 2498 1507 2573 ὅρια
1589 2509 1687 2553 τοί

1859 2514 1867 2551 ι
1900 2496 2340 2552 contentionem
2393 2501 2450 2550 et
2480 2494 2710 2550 rixandi
2742 2492 3005 2549 studium
3037 2510 3138 2548 eos
3160 2494 3453 2563 conjicere

93 2582 364 2640 πλησίον
424 2601 536 2636 σου
566 2584 602 2635 ἄ
635 2585 848 2637 ἔθεντο
889 2586 946 2637 οἱ
985 2591 1258 2660 πατέρες
1299 2607 1432 2643 σου.
1469 2612 1495 2639 ››
1523 2589 1582 2643 Ἡ
1612 2587 1687 2644 δὴ

1860 2584 2190 2656 ipersedeo.
2236 2585 2369 2641 Non
2409 2585 2567 2640 enim
2613 2583 2886 2650 movebis,
2936 2583 3147 2655 inquit,
3177 2583 3454 2638 terminos

93 2678 260 2744 πρώτη
309 2672 474 2726 αὐτοῦ
531 2678 650 2745 περὶ
707 2691 798 2726 του
856 2672 1231 2747 βαπτίσματος
1279 2687 1351 2749 τῷ
1407 2682 1544 2731 κατὰ
1578 2678 1687 2732 Ῥώ-

1857 2675 2068 2731 rozimi
2111 2674 2219 2741 tui,
2268 2690 2412 2745 quos
2446 2675 2879 2731 constituerunt
2922 2677 3125 2744 patres
3156 2673 3244 2728 tui
3276 2673 3344 2727 δι.
3425 2692 3451 2720 ››

99 2781 194 2832 μην
245 2767 527 2834 Διονουσίῳ
583 2761 798 2828 έστάλη,
855 2766 931 2816 ἔτι
981 2768 1096 2818 τότε
1151 2774 1261 2828 τοῖς
1321 2767 1693 2842 πρεσϐυτέροις

1861 2770 2094 2820 uartam
2117 2770 2317 2820 autem
2334 2780 2521 2836 quam
2538 2763 2616 2819 ad
2645 2763 2993 2836 Dionysium
3023 2765 3362 2838 Romanum
3379 2761 3453 2817 de

97 2850 473 2924 κατειλεγμένῳ.
550 2850 672 2904 Ὀτι
745 2849 804 2905 δὲ
881 2853 1050 2925 λόγιός
1133 2874 1188 2908 τε
1244 2861 1334 2909 καὶ
1403 2859 1691 2931 θαυμάσιος

1860 2852 2107 2924 aptismo
2126 2853 2639 2924 deditepistolam.
2659 2869 2797 2908 cum
2826 2852 3023 2908 adhuc
3048 2851 3096 2906 is
3128 2851 3186 2906 in
3212 2851 3454 2923 presby-

99 2941 338 3011 κάκεῖνος,
387 2942 752 3014 τεκμήρασθαι
807 2943 1002 3005 ἔξεστιν
1051 2944 1104 3007 εξ
1154 2945 1221 2996 ὧν
1279 2945 1424 3008 οὗτος
1484 2950 1690 3021 γράφει.

1862 2957 2065 2998 rorum
2097 2942 2308 2998 ordine
2331 2946 2506 3008 esset,
2539 2942 2771 3014 scripsit
2798 2959 2810 2997 :
2863 2957 3044 3014 quem
3106 2939 3453 3012 Dionysium

101 3025 172 3080 Ἐν
223 3025 282 3083 δε
312 3037 378 3102 τῇ
442 3033 574 3102 πρὸς
623 3028 809 3083 έκεῖνον
866 3032 1109 3106 ἓπιστολῇ
1165 3039 1254 3086 καὶ
1299 3038 1546 3088 Ναυάτου
1598 3042 1662 3109 μέ
1678 3069 1692 3079 -

1857 3047 2142 3087 omanum
2165 3033 2451 3087 eximium
2469 3036 2524 3088 et
2544 3031 2973 3087 admirandum
2993 3045 3236 3103 quoque
3253 3029 3451 3095 fuisse,

89 3137 274 3188 μνηται
333 3117 468 3171 οὕτω
513 3118 672 3191 λέγων
700 3137 710 3148 ·
757 3141 786 3168 ‹‹
821 3083 1132 3192 Ναυατιανσῶ
1183 3126 1274 3196 μὲν
1325 3126 1424 3198 γὰρ
1471 3087 1683 3199 εὐλόγως

1849 3121 1947 3176 itis
1991 3137 2062 3177 ex
2094 3122 2278 3177 nostri
2317 3121 2482 3178 istius
2532 3121 2798 3193 Dionysii
2837 3083 3071 3193 scriptis
3123 3083 3443 3189 colligitur:

91 3203 513 3280 ἀπεχθανόμεθα,
596 3204 914 3280 διακόψαντι
1005 3215 1098 3270 τὴν
1179 3212 1514 3280 Ἐκκλησίαν,
1603 3224 1685 3269 καί

1857 3226 1980 3268 )rro
2011 3212 2070 3266 in
2118 3211 2374 3284 epistola
2401 3227 2588 3284 quam
2632 3210 2711 3266 ad
2741 3225 2879 3266 eum
2929 3208 3116 3280 dedit,
3149 3209 3234 3264 sic
3273 3209 3451 3264 etiam

87 3314 224 3360 τινας
307 3304 410 3349 τῶν
492 3294 724 3370 ἀδελφῶν
773 3298 846 3360 είς
907 3297 1144 3362 ἀσεϐείας
1209 3307 1297 3355 καὶ
1359 3300 1681 3377 βλασφημίας

1857 3303 2010 3357 ovati
2058 3301 2333 3357 meminit
2374 3317 2386 3356 :
2435 3319 2463 3351 ‹‹
2509 3303 2798 3358 Novatum
2842 3299 3022 3370 justis
3075 3298 3339 3369 profecto
3378 3298 3451 3352 de

86 3385 384 3453 ἕλκύσαντι,
433 3391 522 3440 καὶ
572 3391 688 3460 περὶ
740 3395 873 3441 Θιοῦ
932 3385 1286 3443 διδασκαλίαν
1333 3391 1680 3453 ἀνοσιωτάτηι

1859 3391 1999 3446 tusis
2026 3390 2286 3455 odimus,
2315 3391 2416 3462 qui
2459 3389 2783 3446 Ecclesiam
2833 3389 3089 3456 discidit,
3123 3388 3453 3458 fratresque

85 3473 561 3532 ἔπεια-κυκλήσαντι
615 3495 628 3507 ’
699 3481 788 3529 καὶ
866 3481 954 3529 τόν
1035 3485 1406 3553 χρηστότατον
1502 3485 1679 3555 Κύριοι

1855 3479 2102 3536 uosdam
2129 3480 2206 3537 ad
2228 3481 2594 3551 impietatem
2618 3485 2674 3536 et
2704 3478 3112 3551 blasphemias
3145 3478 3449 3549 pertraxit,

86 3565 226 3635 ἡμῶν
273 3566 490 3622 Ἰησοῦν
553 3568 782 3638 Χριστόν
846 3569 910 3627 ὡς
963 3566 1132 3626 ἀνελεή
1207 3579 1614 3643 συκοφαντοῦντι
1675 3591 1680 3603 ·

1855 3569 2326 3640 ;impurissimas
2357 3568 2431 3623 de
2482 3569 2601 3624 Deo
2647 3568 2949 3624 doctrinas
2976 3568 3214 3623 invexit.
3272 3565 3449 3639 400

84 3659 172 3706 καὶ
240 3656 334 3707 ἔττὶ
399 3659 530 3706 πᾶσι
605 3657 809 3716 τούτοις
879 3659 938 3708 τὸ
1013 3656 1224 3732 λοῦτρον
1300 3658 1566 3714 ἀθετοῦντι
1633 3665 1678 3714 τί

1854 3674 1949 3713 am
2003 3657 2510 3727 benignissimum
2566 3658 2882 3713 Dominum
2939 3662 3207 3712 nostrum
3247 3658 3448 3711 Jesum

84 3741 252 3812 ἅγιον,
309 3747 400 3795 καὶ
448 3747 541 3801 τήν
593 3763 646 3795 τε
685 3747 816 3816 πρὸς
859 3744 1020 3797 αὐτοῦ
1060 3751 1240 3799 πίστιν
1280 3753 1370 3801 καὶ
1411 3749 1678 3822 ὁμολογίαι

1857 3747 2116 3810 arietum,
2165 3751 2226 3801 ut
2264 3746 2816 3810 immisericordem,
2853 3761 3016 3800 more
3061 3744 3451 3817 sycophantae

85 3829 427 3907 ἀνατρέποντι
458 3848 470 3861 ·
516 3833 574 3884 τό
621 3851 674 3885 τε
717 3839 925 3904 Πνεῦμα
978 3838 1036 3886 τὸ
1077 3835 1224 3907 ἅγιον
1275 3835 1328 3901 ἐξ
1362 3838 1552 3905 αὐτῶν,
1603 3859 1679 3891 και

1857 3835 2075 3892 aducit.
2121 3836 2209 3890 Ad
2239 3835 2368 3892 haec
2398 3851 2630 3891 sacrum
2664 3834 2860 3891 abolet
2905 3835 3235 3899 lavacrum,
3269 3834 3450 3890 fidem

87 3939 160 3983 τις
247 3919 317 3980 ἦν
377 3919 519 3983 έλπις
595 3928 686 3974 τοῦ
755 3929 1070 3995 παραμεῖναι
1155 3925 1183 3984 ή
1245 3931 1334 3979 καὶ
1405 3927 1681 3982 ίπανελθείι

1855 3925 2197 3981 hristianam
2229 3930 2286 3980 et
2333 3922 2766 3980 confessionem
2813 3924 3036 3990 evertit,
3071 3929 3127 3979 et
3170 3924 3449 3996 Spiritum

82 4013 210 4082 πρὸς
286 4009 497 4076 αύτούς,
563 4010 816 4072 παντελῶς
861 4009 1223 4084 φυγαδεύοντι.
1275 4038 1294 4064 ι
1351 4014 1417 4070 Ἠ
1479 4036 1538 4086 γε
1588 4023 1676 4090 μὴ]

1855 4021 2078 4071 unctum
2105 4031 2174 4070 ex
2201 4015 2517 4071 hominum
2548 4014 2853 4080 cordibus,
2888 4015 2934 4070 si
2961 4029 3085 4086 qua
3111 4029 3249 4085 spes
3293 4017 3449 4068 esset

80 4102 296 4171 πέμπτη
353 4101 494 4170 αύτῷ
539 4103 664 4173 πρός
712 4102 798 4152 τὸν
840 4100 1041 4174 Ῥώμης
1086 4105 1284 4156 Ξύστον
1333 4106 1530 4180 ίγράφη
1566 4125 1579 4138 ο
1643 4109 1674 4159 ii

1849 4109 1868 4159 t
1914 4103 2003 4160 vel
2051 4105 2108 4159 in
2149 4103 2234 4160 eis
2281 4108 2566 4170 maneret,
2619 4103 2712 4159 vel
2767 4103 2846 4160 ad
2884 4119 2986 4158 eos
3035 4106 3443 4166 reverteretur,

82 4187 112 4258 ᾖ
166 4188 341 4240 πολλά
381 4189 516 4240 κατὰ
596 4196 696 4240 τῶν
750 4191 1020 4262 αἱρετικῶν
1077 4191 1253 4258 εἰπὼν,
1311 4198 1402 4246 καὶ
1458 4200 1676 4248 τοιοῦτόῑ

1852 4209 2046 4250 rorsus
2099 4193 2393 4266 propellit.
2424 4213 2451 4245 ι)
2513 4195 2575 4248 ln
2622 4193 2834 4266 quinta
2877 4208 3018 4248 vero
3071 4191 3322 4264 epistola
3369 4189 3446 4246 ad

78 4295 128 4328 τι
170 4278 391 4349 γεγονός
449 4275 704 4330 ἐκτίθεται
777 4279 892 4331 κατ’
972 4279 1146 4345 αὑτὸν,
1219 4283 1374 4352 λέγων
1419 4302 1431 4315 ·
1490 4303 1519 4333 ‹‹
1590 4291 1666 4338 Kc:

1853 4287 2044 4356 ystum
2077 4285 2415 4339 Romanum
2453 4283 2614 4348 data,
2642 4281 2788 4337 dum
2823 4283 3010 4338 multa
3036 4284 3244 4336 contra
3266 4281 3447 4336 haere-

79 4367 179 4439 γὰρ
257 4366 437 4436 ὅντως,
520 4361 726 4439 ἀδελφὶ,
800 4371 886 4420 καὶ
957 4367 1253 4440 συμϐουλῆς
1311 4367 1494 4447 δέομρι
1524 4391 1536 4404 ·
1602 4393 1669 4425 κα

1851 4389 1945 4429 cos
1984 4373 2205 4437 scribit,
2245 4372 2614 4442 ejuscemodi
2658 4372 2952 4445 quiddam
3003 4371 3117 4427 sibi
3158 4370 3445 4428 accidisse

77 4460 302 4527 γνώμην
357 4453 486 4506 αἰτῶ
546 4457 690 4529 παρὰ
743 4463 860 4520 σοῦ,
909 4460 1146 4511 τοιούτου
1189 4464 1326 4520 τινὸς
1377 4460 1671 4534 προσελθόν-

1851 4463 1960 4519 isce
2011 4431 2208 4518 verbis
2251 4431 2472 4518 refert:
2533 4482 2562 4514 ‹‹
2595 4431 2892 4526 Sededim,
2943 4461 3145 4527 frater,
3196 4460 3445 4515 consilia

79 4561 167 4604 τος
233 4561 330 4616 μοι
399 4543 720 4615 πράγματος,
787 4540 977 4609 δεδιὼς
1035 4551 1106 4618 μὴ
1165 4548 1268 4622 ἄρα
1350 4549 1673 4622 σφάλλωμαι.

1849 4553 2059 4624 idigeo,
2088 4556 2145 4607 et
2174 4552 2526 4607 sententiam
2549 4551 2966 4623 iudiciumque
2985 4557 3154 4606 tuum
3184 4550 3443 4622 requiro,

76 4637 190 4685 Τῶν
243 4635 609 4705 συναγομένων
669 4635 769 4709 γὰρ
821 4631 1056 4705 ἀδελφῶν
1112 4656 1187 4698 τις
1238 4642 1428 4702 πιστός
1481 4639 1670 4712 νομιζόι

1851 4647 2198 4713 osteaquam
2223 4641 2568 4712 hujusmodi
2584 4641 2864 4714 quaedam
2887 4640 3049 4712 apud
3067 4656 3174 4695 nos
3187 4655 3281 4694 res
3295 4638 3445 4694 acci-

78 4741 234 4793 μενος
309 4720 553 4796 ἀρχαῖος,
628 4727 717 4775 καὶ
797 4727 898 4796 πρὸ
977 4732 1068 4786 τῆς
1151 4725 1280 4798 ἐμῆς
1340 4733 1672 4800 χειροτονίαςἲ

1851 4733 1918 4785 it:
1954 4745 2160 4784 vereor
2183 4730 2365 4798 enim,
2397 4745 2472 4784 ne
2502 4729 2852 4786 halluciner.
2898 4730 3194 4786 Fratribus
3221 4729 3445 4801 quippe

79 4812 231 4884 οἶμαι
315 4806 373 4864 δε
425 4815 515 4864 καὶ
561 4814 660 4886 πρὸ
708 4821 801 4874 τῆς
851 4821 944 4866 τοῦ
999 4819 1260 4888 μακαρίου
1318 4815 1550 4891 Ἠρακλᾶ
1599 4838 1673 4870 και

1849 4819 2196 4889 )ngregatis,
2226 4819 2417 4874 ﬁdelis
2435 4819 2684 4892 quidam
2695 4819 3060 4891 jamdudum
3082 4823 3219 4874 ante
3245 4833 3443 4874 meam

77 4901 416 4966 ταστάσεως,
470 4908 566 4963 τῆς
617 4910 924 4974 συναγωγῆς
997 4910 1302 4977 μετασχὼν,
1383 4913 1495 4969 τοῖς
1566 4909 1671 4960 oms.

1848 4907 2001 4976 iam,
2033 4909 2156 4964 imo
2185 4923 2427 4980 quoque
2453 4909 2540 4980 (ut
2569 4908 2804 4980 opinor)
2836 4914 2972 4964 ante
3003 4907 3161 4963 beati
3183 4906 3442 4964 Heraclea

77 5009 210 5062 γυον
282 4988 678 5064 βαπτιζομένοις
755 4998 1095 5066 παρατυχὼν,
1165 5000 1254 5048 καὶ
1327 5003 1425 5048 τῶν
1500 4997 1671 5069 έρωτήι

1847 4998 2237 5054 rdinationem
2260 4998 2524 5064 habitus,
2548 5013 2686 5054 cum
2710 4999 2768 5053 in
2792 5004 3010 5054 costum
3043 5003 3316 5053 nostrum
3350 5012 3441 5051 ve-

82 5097 216 5132 σεων
284 5085 374 5132 καὶ
452 5087 554 5132 τῶν
630 5079 953 5157 ἀποκρίσεων
1019 5082 1330 5152 ἐπακούσας,
1428 5083 1676 5160 προσῆλθε

1849 5089 2003 5154 isset,
2027 5093 2081 5144 et
2109 5104 2211 5144 eos
2235 5089 2339 5161 qui
2374 5094 2495 5145 tum
2527 5089 2972 5161 baptizarentur
2992 5088 3233 5154 videret,
3269 5087 3443 5144 inter-

77 5187 174 5240 μοι
260 5167 448 5222 κλαίων
518 5174 607 5223 καὶ
663 5173 1000 5247 καταθρηνῶν
1071 5172 1272 5240 ἑαυτόν,
1342 5179 1432 5228 καὶ
1487 5181 1671 5228 πίπτωτ

1849 5177 2258 5249 ›εθ.ιὶοιιθεῳιθ
2286 5183 2344 5233 et
2370 5177 2796 5248 responsiones
2823 5192 3031 5233 eorum
3061 5176 3316 5242 audiret,
3339 5191 3443 5231 ac-

77 5260 185 5331 πρὸ
238 5265 338 5311 τῶν
389 5255 565 5313 ποδῶν
607 5279 726 5332 μου,
778 5260 1240 5336 έξομολογούμένος
1297 5267 1387 5337 μεν
1446 5270 1530 5318 καὶ
1577 5265 1671 5330 ἕξοι

1850 5266 1976 5322 assit
2001 5266 2081 5322 ad
2108 5282 2203 5322 me
2222 5265 2393 5333 ﬂens,
2415 5268 2807 5338 seipsumque
2828 5265 3230 5337 complorans,
3264 5271 3444 5338 atque

163 5385 215 5420 ⁵³
248 5382 418 5441 Prov.
449 5400 592 5453 xxii,
616 5388 705 5442 28.

155 5507 242 5580 (1)
283 5507 424 5590 inde
453 5514 560 5590 est,
599 5508 765 5590 quod
800 5509 1117 5590 hucusque
1151 5513 1566 5590 resipiscentes
1612 5515 1691 5573 ab
1803 5516 1927 5573 sive
1956 5515 2415 5582 revocationem,
2448 5529 2709 5572 errorem
2753 5532 2930 5573 suum
2961 5516 3310 5575 conﬁtentes
3347 5534 3443 5576 ex-

76 5578 302 5636 heresi
331 5578 650 5654 propalam
678 5582 738 5639 in
774 5578 1038 5640 ecclesia'
1067 5599 1173 5656 per
1199 5578 1687 5661 recantationem,
1806 5593 2057 5662 ponunt.
