4036 6288
116 30 127 143 1

120 148 127 261 ξ

646 234 777 289 1151
1983 235 2237 292 NICEPH

2313 234 2368 290 ἶῐ
2407 232 2723 290 CALLISTI
3814 240 3907 293 1151

645 359 724 415 ad
752 359 936 432 pedes
975 374 1142 416 meos
1192 359 1563 431 provolutus,
1622 360 1912 417 conﬁtens
1950 361 2198 434 quidem
2236 387 2239 409 ι

2322 364 2368 417 Α
2403 362 2649 432 μνύμενος
2727 363 2784 411 τὸ
2843 358 3145 433 βάπτισμα,
3205 361 3231 414 ὃ
3315 363 3458 437 παρά
3534 369 3635 423 τοῖς
3713 364 3916 435 αἱρετικοῐ;

647 448 937 521 abjurans
963 448 1353 520 baptismum,
1377 465 1557 521 quem
1582 449 1659 506 ab
1694 450 1988 506 haereticis
2021 466 2241 522 suscep.

2406 447 2751 520 βεϐάπτιστο,
2846 453 2916 518 μὴ
3001 458 3233 503 τοιοῦτον
3281 448 3429 516 εἶναι,
3487 446 3621 523 μηδι
3670 449 3777 511 ὅλως
3822 455 3918 522 ἔχιξν

649 544 761 603 rat,
791 554 910 593 non
933 538 1107 593 talem
1130 554 1264 593 eum
1290 554 1421 593 esse
1452 554 1933 612 prorsus,neque
1955 540 2243 611 quidquai

2404 540 2520 589 τινὰ
2565 540 2695 611 πρὸς
2736 545 2890 591 τοῦτο
2939 544 3207 592 κοινωνίαν
3235 558 3247 570 ·
3302 540 3542 601 ἀσεϐείας
3573 542 3667 613 γάρ
3702 539 3830 593 hui-Io
3862 549 3918 593 ui

650 643 787 683 cum
820 627 933 682 hoc
981 626 1205 682 habere
1248 628 1693 683 communionis
1731 628 1897 691 dixit,
1930 628 2073 700 quin
2114 628 2244 683 etiai

2406 624 2751 700 βλασφημιῶν
2810 627 3225 702 πεπληρῶσθαι·
3298 631 3453 701 λέγων
3512 626 3569 681 δὲ
3622 632 3742 681 πάνυ
3779 649 3821 681 τι
3861 636 3922 686 τήν

650 716 1048 788 blasphemiis
1076 715 1242 771 illum
1262 716 1541 773 refertum
1568 734 1700 773 esse
1748 718 2121 773 asseveravit.
2162 721 2244 773 An

2404 716 2591 788 ψυχὴν
2656 720 3062 789 κατανενύχθαι,
3142 724 3232 772 καὶ
3307 716 3446 792 μηδι
3514 717 3785 793 παρρησίαν
3828 722 3922 790 ἔχω

651 821 816 863 mam
832 820 967 861 vero
983 820 1156 861 suam
1170 805 1244 860 ad
1256 805 1502 861 modum
1518 812 2245 878 compunctamesse,seqt

2408 810 2596 881 ἐπᾶραι
2652 810 2771 868 τούς
2838 806 3130 880 ὀφθαλμούς
3189 828 3288 880 μου
3345 811 3476 881 πρὸς
3531 812 3615 859 τὸν
3678 810 3805 870 Θεὸν,
3856 807 3920 859 ἀτί

649 910 774 951 non
807 894 1028 950 audere
1067 894 1275 949 oculos
1306 911 1445 949 suos
1476 896 1552 951 ad
1609 895 1817 960 Deum,
1850 901 2093 968 propter
2129 894 2243 951 net:

2406 903 2506 946 τῶν
2592 894 2810 947 ἀνοσίων
2894 895 3094 949 ἐκείνων
3174 898 3419 972 ῥημάτων
3508 900 3598 950 καὶ
3681 898 3920 970 πραγμάτιη

648 984 802 1039 riam
833 983 1238 1055 impuritatem
1296 984 1515 1040 scilicet
1551 985 1845 1041 dictorum
1884 984 2242 1057 factorumql

2407 984 2718 1055 ὁρμώμενος,
2792 989 2883 1037 καὶ
2951 982 3047 1038 διὰ
3091 993 3245 1038 τοῦτο
3301 982 3540 1057 δεόμενος
3596 993 3681 1044 τῆς
3738 984 3922 1058 εἰλικρινε-

647 1071 886 1127 illorum
935 1072 1157 1142 quibus
1189 1072 1448 1129 initiatus
1486 1078 1662 1140 esset,
1707 1074 1903 1130 tollere
1933 1074 2159 1140 dicens,
2188 1073 2241 1130 ol

2409 1076 2606 1136 στάτης
2652 1076 2849 1136 ταύτης
2900 1076 3203 1148 καθάρσεως
3267 1080 3359 1128 καὶ
3396 1070 3712 1149 παραδοχῆς
3754 1078 3826 1126 καὶ
3861 1078 3922 1146 χί-

646 1161 977 1217 testabatur
1008 1166 1070 1217 ut
1102 1162 1480 1233 reciperetur,
1520 1166 1580 1217 et
1615 1162 1692 1218 ad
1731 1163 2121 1233 purissimum
2152 1162 2240 1234 baj

2403 1182 2549 1237 ριτος
2594 1169 2795 1235 τυχεῖν.
2852 1161 3013 1238 Ὀπερ
3066 1163 3164 1235 ἕγὼ
3365 1164 3457 1216 οὐκ
3532 1162 3785 1235 ἐτόλμησα
3826 1172 3922 1220 πιίὲ·

646 1249 808 1305 tismi
847 1249 1033 1306 nostri
1085 1249 1394 1305 lavacrum
1448 1252 1825 1323 gratiamque
1855 1252 2240 1308 admitteretu:

2407 1272 2518 1317 σαι,
2566 1256 2739 1325 φήσας
2793 1252 3026 1327 αὐτάρκη
3080 1258 3176 1313 την
3230 1253 3577 1327 πολυχρόνιον
3631 1252 3759 1323 αὐτῷ
3806 1269 3922 1303 ut»

650 1338 824 1405 Quod
854 1354 997 1393 sane
1037 1354 1147 1408 ego
1180 1338 1368 1395 facere
1397 1356 1519 1395 non
1552 1356 1759 1405 ausus,
1792 1340 1914 1396 dixi
1947 1340 2219 1396 sufﬁcere

2403 1347 2516 1394 νίαν
2564 1341 2635 1404 εἰς
2677 1348 2829 1395 τοῦτο
2892 1346 3173 1413 γεγονέναι.
3232 1343 3594 1417 Εὐχάριστίας
3647 1344 3739 1414 γὰρ
3775 1344 3920 1392 Exuri-

648 1432 774 1485 tam
805 1427 1151 1483 diuturnam
1174 1428 1490 1485 nobiscum
1517 1430 2030 1496 communionem,
2051 1430 2154 1501 qui
2170 1446 2238 1501 gr

2409 1450 2573 1483 σαντα
2641 1436 2731 1482 καὶ
2797 1432 3324 1504 συνεπιφθεγξάμενον
3389 1431 3445 1483 τὸ
3489 1433 3677 1503 ’Δμὴν,
3736 1437 3810 1481 καὶ
3846 1448 3926 1502 τρι-

653 1517 869 1573 tiarum
910 1517 1144 1573 actione
1190 1517 1495 1586 exaudita,
1528 1518 1704 1573 simul
1752 1517 2069 1575 nobiscum
2111 1522 2247 1574 Ama

2406 1520 2536 1593 πέζῃ
2618 1522 2983 1592 παραστάντα,
3061 1525 3153 1574 καὶ
3204 1528 3389 1595 χεῖρας
3450 1520 3524 1581 εἰς
3581 1516 3826 1590 ῦποδοχὲν
3866 1526 3923 1577 τίς

647 1605 992 1671 accinuerit,
1050 1606 1275 1678 quique
1330 1622 1555 1663 mensas
1609 1608 1893 1663 assistens
1942 1623 2160 1663 manus
2223 1622 2241 1663 ε

2409 1607 2565 1681 ἁγίας
2626 1617 2819 1682 τροφῆς
2884 1615 3242 1681 προτείναντα,
3302 1614 3391 1662 καὶ
3468 1611 3661 1670 ταύτης
3719 1603 3925 1668 unum»

648 1695 1062 1767 exceptionem
1094 1697 1286 1751 sancti
1343 1696 1607 1752 alimenti
1655 1696 1974 1768 porrexerit
2024 1696 2123 1768 (t),
2154 1702 2207 1752 et
2240 1714 2242 1750 ς

2334 1706 2376 1761 Β
2410 1718 2576 1771 μενον,
2609 1703 2699 1750 καὶ
2755 1706 2846 1751 τοῦ
2901 1705 3142 1771 σώματος
3194 1704 3284 1753 καὶ
3341 1706 3432 1751 τοῦ
3484 1699 3697 1769 αἶματος
3741 1704 3814 1748 τοῦ
3862 1702 3923 1748 Κν-

652 1786 1002 1854 susceperit,
1032 1785 1423 1857 corporisque
1451 1790 1508 1840 et
1564 1786 1875 1855 sanguinis
1931 1786 2162 1841 Domini
2202 1801 2246 1840 ni

2412 1792 2526 1860 ρίου
2584 1790 2731 1859 ἡμῶν
2785 1790 2965 1847 Ἰησοῦ
3026 1792 3363 1861 μετασχόντα
3428 1790 3588 1859 ἱκανῷ
3650 1789 3819 1858 χρόνῳ,
3868 1784 3921 1835 οὖι

651 1874 754 1929 stri
779 1872 919 1929 Jesu
950 1874 1091 1929 satis
1112 1874 1293 1943 longo
1319 1880 1587 1946 tempore
1619 1875 1915 1946 particeps
1946 1874 2139 1930 fuerit.
2174 1875 2242 1929 Pr

2412 1877 2473 1928 ἄν
2558 1875 2610 1939 ἐξ
2692 1879 2941 1950 ὑπαρχῆς
3034 1876 3408 1939 ἀνασκευάςειν
3488 1879 3567 1929 ἔτι
3651 1874 3912 1946 τολμήσαιμι,

652 1962 916 2034 indeque
941 1963 1188 2019 minime
1226 1963 1569 2019 faciendum
1608 1964 1836 2035 putavi,
1862 1969 1925 2019 ut
1950 1963 2079 2020 haec
2105 1964 2246 2019 dent

2414 1973 2639 2039 Θαρσείν
2714 1963 2773 2019 δε
2848 1966 3071 2020 ἐκέλευον
3136 1973 3222 2021 καὶ
3298 1970 3430 2038 μετά
3510 1964 3719 2038 βεϐαίας
3782 1968 3918 2019 πίστεως

656 2069 691 2107 a
732 2051 1022 2123 principio
1089 2056 1415 2107 retexerem
1469 2058 1647 2124 atque
1694 2068 2074 2111 renovarem.
2141 2055 2250 2109 Bo:

2411 2058 2497 2120 κᾳὶ
2573 2054 2777 2126 ἀγαθῆς
2853 2053 3198 2118 συνειδήσεως
3405 2062 3611 2127 μετοχῇ
3682 2060 3766 2105 τῶν
3820 2050 3912 2121 ἀνίοι

656 2146 855 2197 autem
873 2141 1076 2197 animo
1096 2156 1213 2195 eun
1236 2156 1367 2197 esse
1395 2141 1567 2212 jussi,
1592 2148 1647 2196 et
1665 2141 1978 2207 conﬁdere,
2009 2141 2250 2214 ﬁrmaqt

2411 2148 2701 2217 προσιέναι.
2767 2143 2825 2197 Ὀ
2898 2141 2957 2198 δὲ
3030 2147 3147 2198 οὐτε
3211 2147 3405 2198 πενθῶν
3464 2148 3738 2207 πέπαυται,
3783 2146 3910 2212 πίγξιτλ

654 2230 773 2286 ﬁde
799 2234 857 2286 et
880 2229 1246 2286 conscientia
1268 2230 1429 2287 bona
1450 2232 1527 2286 ad
1556 2231 2045 2287 communionem
2073 2237 2248 2287 sancti

2411 2252 2467 2285 τε
2629 2230 2860 2307 τραπίζρ
2914 2239 3185 2307 προσιέναι
3219 2251 3230 2262 ⁸
3286 2238 3375 2286 καὶ
3426 2232 3577 2305 μόλις
3628 2229 3907 2305 παρακαλσὶειξο

655 2336 789 2375 rum
850 2319 1274 2391 mysteriorum
1342 2320 1647 2376 accedere.
1704 2320 1803 2375 ille
1861 2326 2059 2376 autem
2110 2336 2249 2393 neqi

2412 2341 2513 2388 νος,
2569 2324 2879 2376 συνιστάναι
2926 2331 3037 2384 ταῖς
3095 2326 3424 2396 προσευχαῖς
3508 2322 3756 2394 ἀνέχεται.
3801 2339 3821 2370 ν
3855 2322 3900 2369 ιι)

657 2409 840 2465 luctui
870 2408 1119 2464 modum
1152 2406 1306 2476 fecit,
1334 2425 1527 2481 neque
1582 2424 1703 2481 prae
1732 2410 1940 2465 timore
1965 2414 2021 2464 et
2051 2414 2251 2465 trem01

2298 2430 2305 2465 ι
2414 2410 2540 2468 ἄλλη
2592 2406 2651 2465 δὲ
2703 2414 2886 2484 Ξύστῳ
2944 2412 3189 2471 ἐπιστολὴ
3233 2417 3455 2487 φέρεται,
3516 2413 3564 2464 ἓν
3682 2414 3783 2482 περὶ
3807 2412 3892 2457 πη

657 2498 734 2555 ad
773 2513 1046 2554 mensam
1102 2499 1373 2554 accessit.
1418 2503 1605 2570 Atque
1636 2512 1793 2568 aegre
1822 2498 2064 2554 tandem
2097 2514 2168 2554 eo
2219 2515 2249 2553 e

2293 2504 2308 2554 t
2412 2499 2571 2551 πολὺν
2624 2507 2924 2575 παρατείνει
2993 2500 3164 2574 λόγον.
3237 2502 3459 2574 Ὁμοίως
3528 2505 3617 2552 καὶ
3687 2497 3792 2553 ἄλλη
3840 2512 3887 2561 εᾷι

658 2587 1169 2643 cohortationibus
1223 2587 1569 2658 perductus,
1625 2591 1689 2643 ut
1738 2586 2105 2643 orationibus
2159 2604 2252 2643 ass

2293 2619 2307 2630 -
2418 2594 2710 2643 Λουκιανοῦ
2766 2596 2881 2664 περὶ
2926 2599 3017 2645 τοῦ
3066 2594 3303 2644 τοιούτου
3375 2594 3697 2661 ζητήματος,
3754 2592 3887 2645 Arma

658 2682 813 2733 stere
841 2676 1145 2731 sustineat.
1180 2698 1200 2725 ι
1239 2674 1410 2748 40],
1435 2675 1561 2731 Alia
1588 2691 1830 2747 quoque
1856 2675 2141 2731 exstatad
2162 2678 2252 2748 Xy:

2297 2706 2307 2717 -
2414 2686 2487 2748 τῷ
2550 2678 2758 2751 Ῥώμης
2816 2686 3315 2754 προσπεφωνημένη.
3384 2684 3490 2732 Καὶ
3564 2681 3676 2750 περὶ
3750 2678 3814 2744 μὲν
3852 2679 3891 2720 τέω

657 2771 781 2822 tum
841 2764 1109 2837 epistola,
1161 2766 1221 2820 in
1273 2782 1395 2837 qua
1444 2765 1633 2820 multa
1688 2764 1763 2819 de
1812 2764 1926 2819 hac
1976 2765 2251 2835 quaestio:

2304 2792 2307 2815 ι
2417 2768 2698 2821 ἐπιστολῶν
2767 2775 3039 2823 Διονυσίου
3112 2778 3213 2823 τῶν
3278 2773 3395 2843 περὶ
3493 2774 3588 2821 τοῦ
3653 2764 3898 2839 βαπτίσειΰί

655 2854 841 2910 verba
892 2855 1048 2911 facit.
1103 2854 1308 2909 Itidem
1369 2857 1424 2909 et
1479 2854 1595 2909 alia
1651 2853 1726 2909 de
1790 2854 2068 2917 Luciano,
2120 2859 2178 2909 et
2231 2854 2306 2909 de
2415 2864 2600 2911 ταῦτα.

656 2944 989 3017 quaestione
1030 2943 1242 2999 eadem
1282 2942 1361 3000 ad
1419 2944 1766 3015 Dionysium
1798 2944 2135 2999 Romanum
2182 2944 2531 3017 episcopum
2581 2946 2741 3004 data.
2776 2949 2856 3004 De
2884 2947 3146 3020 Dionysii
3173 2946 3439 3020 epistolis
3485 2947 3544 3002 in
3590 2957 3755 3001 causa
3787 2936 3887 3007 δίρῶ

658 3033 794 3098 smi,
836 3033 1000 3089 satis.

1339 3161 1565 3216 CAPUT
1608 3161 1667 3214 X.
2346 3159 2386 3215 C

3050 3164 3295 3218 ΚΕΦΛΛ.
3339 3161 3397 3218 Ῑ’.

658 3252 745 3308 οε
772 3247 2252 3345 W'seettﬁrrf.1’3€ai91€;;5£ea":-iterﬁonvsi'

2423 3256 2576 3336 Περὶ
2620 3259 2732 3304 τοῦ
2775 3255 2937 3305 κατὰ
2983 3252 3479 3345 Οὐαλλεριῆνῖὀνῐ
3515 3244 3889 3345 διὲωγμοῡζιέὶ

2502 3343 2513 3345 _
2544 3343 2610 3345 -η
2672 3322 2705 3345 1,
2782 3323 2815 3345 ἓν
2862 3344 2869 3345 κ
2894 3330 2903 3343 1
3064 3327 3075 3336 ’
3144 3344 3153 3345 κ
3176 3332 3203 3345 1'
3418 3343 3431 3345 Α
3500 3344 3521 3345 ,,
3622 3324 3745 3345 -Ᾰ-...
3790 3331 3859 3345 ’.Ω
3889 3326 3901 3345 Ῑ

930 3321 1383 3379 Alexande
1409 3312 1709 3391 episcopus
1730 3334 1941 3389 passus
1967 3318 2060 3375 sit.
2154 3312 2175 3319 ⁷
2494 3312 2522 3375 δ’

2494 3312 2612 3376 ὅσα
2666 3322 2723 3375 ἐν
2775 3323 2991 3397 ἐκείνῳ
3054 3327 3081 3377 ὀ
3133 3312 3244 3387 τῆς
3296 3312 3745 3393 Α’λεξανδρεων
3789 3312 3900 3365 init

2495 3397 2677 3449 Διονύ
2696 3414 2796 3447 σιο
2813 3417 2855 3459 ς.

725 3501 1097 3567 Valerianus,
1131 3505 1268 3572 post
1307 3500 1540 3556 Gallum
1570 3498 1824 3570 imperio
1864 3502 2164 3570 suscepto,
2198 3497 2315 3570 pri-

2496 3484 2841 3559 Οὐαλεριανὸς
2888 3481 2948 3538 δε
2998 3493 3097 3538 τῶν
3152 3489 3271 3559 περὶ
3337 3484 3529 3538 Γάλλον
3593 3477 3788 3535 ἐκποδὼν
3822 3488 3893 3543 τιτθί’
3972 3509 3978 3574 J

659 3608 826 3648 mum
866 3592 1128 3647 clemens
1159 3596 1214 3645 et
1242 3589 1438 3645 bonus
1477 3589 1641 3643 visus
1672 3592 1781 3656 est,
1814 3592 1993 3659 atque
2033 3602 2173 3657 erga
2210 3587 2249 3642 h

2293 3617 2315 3627 -
2424 3577 2669 3646 νημένων,
2726 3572 2810 3625 ἐπὶ
2861 3578 2953 3633 τὴν
3013 3572 3188 3648 ἀρχὴν
3235 3572 3526 3646 παρελθὼν,
3578 3574 3639 3624 τὰ
3801 3572 3886 3635 κρύη

658 3682 850 3737 mines
882 3682 977 3737 Dei
1010 3679 1336 3736 benevolus
1363 3685 1540 3750 atque
1570 3653 2128 3749 benignus-Neque.
2154 3676 2248 3732 eni

2286 3692 2315 3732 [ι
2423 3667 2580 3726 ἤπιός
2611 3682 2692 3724 τις
2742 3659 2911 3715 ἐδόκει
2949 3666 3039 3714 καὶ
3098 3662 3315 3731 ἀγαθὸς,
3346 3669 3455 3724 τοῖς
3498 3666 3610 3735 περὶ
3652 3661 3758 3712 Θεὸν
3781 3653 3880 3719 ἐνεξν

658 3771 812 3828 alius
851 3771 1196 3842 quisquam,
1229 3768 1331 3840 qui
1366 3748 1503 3823 ante
1542 3782 1678 3822 eum
1718 3766 1954 3822 fuerant
2000 3748 2251 3837 imperat

2286 3788 2316 3815 ,.
2424 3772 2541 3815 ποις
2586 3753 2708 3824 φίλα
2760 3760 2973 3824 φρονῶν.
3034 3748 3174 3805 Οὐδὲ
3225 3754 3325 3824 γὰρ
3381 3750 3535 3813 ἀλλος
3584 3768 3653 3810 τις
3710 3748 3809 3799 οὕτω
3846 3756 3880 3785 τε

658 3877 816 3925 rum,
847 3860 907 3914 in
935 3858 1067 3915 illos
1100 3856 1459 3929 propensior
1486 3854 1927 3927 humaniorque
1958 3855 2087 3922 fuit,
2120 3870 2194 3909 ne
2233 3854 2249 3908 i

2292 3853 2315 3909 pi
2425 3846 2524 3916 πρὸ
2603 3841 2764 3894 αὐτοῦ
2834 3840 3091 3913 βασιλέων
3170 3841 3388 3911 εὐμενῶς
3469 3846 3558 3893 καὶ
3627 3834 3776 3898 δεξιῶς
3830 3840 3886 3895 ‘5‘

659 3949 905 4021 quidem
932 3949 1035 4020 qui
1063 3926 1378 4002 manifesto
1400 3926 1923 4001 Christianismum
1946 3950 2113 3999 erant
2152 3958 2253 3999 con

2290 3973 2315 3985 ..
2426 3932 2614 3993 αὐτοὺς
2664 3933 2840 4003 ἔσχεν,
2881 3926 3003 3983 οὐδὲ
3070 3932 3119 3982 οἱ
3166 3938 3429 4003 προῦπτον
3490 3933 3576 3982 τὸν
3604 3929 3884 4001 Χριστιινεςιίι

658 4018 841 4111 plexit
872 4054 885 4093 :
920 4018 1073 4093 adeo
1104 4051 1165 4090 se
1192 4035 1271 4090 ab
1300 4033 1466 4089 initio
1492 4034 1696 4089 mitem
1726 4038 1783 4088 et
1805 4032 2107 4104 placidum
2138 4032 2252 4087 nob

2290 4048 2314 4087 ε
2425 4020 2807 4092 ἀσπασάμενοι,
2877 4022 2941 4079 ὡς
3005 4021 3192 4081 ἐκεῖνος
3268 4018 3562 4091 προσφιλῶς
3622 4018 3674 4067 τό
3728 4018 3884 4073 ιπιᾷλίῆ

2438 4108 2455 4113 Α
2579 4112 2587 4113 κ
2914 4112 2920 4113 ,
3033 4110 3043 4113 _
3132 4104 3154 4113 .-
3335 4108 3346 4113 -
3510 4109 3523 4113 Α
3646 4102 3695 4113 Α..
3767 4100 3781 4111 Ι
3822 4091 3884 4113 ,‘.'

659 4102 927 4200 praebuit.
960 4128 1105 4182 Tota
1132 4138 1396 4195 namque
1427 4124 1647 4178 domus
1678 4102 2024 4191 ejus—divini
2056 4122 2253 4175 numin

2289 4138 2316 4175 s
2427 4108 2654 4168 διετέθη.
2712 4115 2815 4170 Πᾶς
2867 4112 2967 4181 γὰρ
3022 4110 3048 4160 ὁ
3101 4104 3242 4170 οἶκος
3286 4108 3447 4160 αὐτοῦ
3504 4102 3724 4159 θεοσεϐῶν
3764 4102 3883 4191 ἔριπὼῖ

659 4186 988 4273 cultoribus
1030 4214 1207 4285 plena
1244 4186 1392 4282 erat,
1436 4227 1629 4284 eaque
1667 4186 1913 4282 prorsus
1954 4209 2099 4265 nihil
2154 4208 2253 4264 alii

2285 4209 2314 4264 ει
2424 4197 2485 4258 ἦν
2519 4219 2532 4233 ⁶
2588 4203 2677 4251 καὶ
2733 4200 2970 4271 ἄντικρυς
3020 4196 3276 4269 ἐκκλησίᾳ
3316 4196 3462 4268 ἐῴκει
3509 4201 3646 4250 Θεοῦ.
3705 4186 3815 4242 ’Δλὶὶ
3839 4186 3879 4227 τλ⁵

2436 4288 2445 4291 _
2502 4288 2511 4291 _
2627 4288 2636 4291 -
2957 4289 2965 4291 _
3124 4288 3134 4291 -
3198 4285 3211 4291 -
3448 4288 3457 4291 -
3692 4276 3709 4291 ι
3740 4273 3780 4291 δ’
3832 4267 3879 4291 -‘u

660 4321 846 4378 quam
879 4304 978 4360 Dei
1028 4303 1279 4358 ecclesia
1322 4317 1450 4356 esse
1500 4300 1831 4355 videbatur.
1867 4298 2148 4354 Sedenim
2190 4315 2249 4353 m

2293 4328 2315 4338 -
2426 4288 2512 4341 ἀπ’
2569 4288 2846 4360 Αὐγύπτου
2878 4289 3068 4359 Μάγων
3114 4288 3139 4339 ὁ
3189 4285 3639 4358 ἀρχισυνάγωγος,
3682 4273 3882 4332 διδάσκω

660 4367 871 4467 gorum
902 4393 1315 4465 [Egyptiorum
1346 4404 1675 4463 synagogas
1699 4389 1976 4461 princeps
2001 4394 2057 4444 et
2086 4388 2254 4444 docte

2287 4403 2310 4447 ι,
2424 4398 2483 4450 γε
2540 4383 2607 4430 ῶν
2665 4386 2760 4439 τῆς
2806 4381 3130 4450 μαγγανείας
3186 4381 3275 4427 καὶ
3333 4380 3616 4449 τερατείας,
3666 4367 3785 4421 πείθιι
3827 4370 3881 4405 7t";

660 4452 1034 4557 imposturas'
1057 4486 1111 4537 et
1139 4480 1466 4553 praestigias
1511 4480 1776 4549 magicas
1829 4478 2073 4543 docens,
2106 4478 2157 4531 ei
2189 4492 2254 4548 pe

2288 4493 2319 4517 --
2348 4514 2393 4568 D
2426 4472 2515 4540 μιν
2568 4469 2748 4528 ὁσίους
2798 4462 2996 4539 ἄνδρας
3044 4470 3115 4538 μὴ
3169 4469 3321 4533 μόνον
3376 4474 3467 4526 τῆς
3514 4463 3662 4520 οἰκίας
3704 4452 3882 4555 tif)?“

661 4551 894 4638 suadet,
937 4577 998 4627 ut
1038 4551 1277 4627 sanctos
1331 4571 1489 4625 viros
1539 4584 1659 4623 non
1709 4572 1941 4623 tantum
1979 4567 2163 4622 domo
2211 4582 2255 4621 ει

2284 4582 2318 4621 a
2348 4551 2391 4568 ν
2426 4562 2516 4609 καὶ
2559 4560 2623 4618 ὡς
2670 4557 2989 4631 πορρωτάτω
3045 4562 3230 4620 ποιεῖν,
3288 4553 3416 4606 ἀλλὰ
3462 4557 3550 4606 καὶ
3596 4554 3707 4622 φόνῳ
3746 4551 3878 4603 ὑπεῖξαι

661 4636 886 4734 exigat,
936 4665 994 4717 et
1044 4675 1229 4732 quam
1284 4658 1633 4728 longissime
1686 4656 1949 4727 repellat,
2005 4656 2109 4711 sed
2166 4654 2250 4710 fer

2286 4669 2320 4710 ο
2428 4650 2492 4708 ὡς
2572 4642 2813 4719 ἐμποδὼν
2875 4647 3290 4716 καθισταμένους
3362 4649 3479 4705 ταῖς
3544 4641 3715 4692 ἐκείνων

659 4724 903 4825 quoque
946 4724 1137 4813 tollat,
1176 4756 1240 4804 ut
1278 4724 1649 4820 quivartibus
1694 4724 2253 4816 incantationibusqi

2284 4758 2321 4798 θ
2428 4740 2586 4799 νείαις
2645 4754 2697 4788 τε
2754 4739 2837 4787 καὶ
2900 4730 3199 4796 ἐπαοιδίαις
3227 4750 3239 4763 ·
3303 4738 3391 4785 καὶ
3445 4733 3544 4806 γάρ
3601 4746 3685 4780 που
3735 4724 3878 4805 περιέσῄ

661 4815 899 4899 illorum
941 4841 1250 4895 obstarent
1294 4815 1351 4891 et
1386 4836 1746 4891 resisterent.
1800 4834 2120 4890 Restabant
2160 4815 2255 4889 eni

2285 4846 2323 4887 ιι
2430 4828 2526 4894 ἔτι,
2593 4826 2642 4878 οἶ
2702 4830 2791 4878 καὶ
2850 4828 3001 4896 μόνον
3076 4825 3323 4895 ὁρώμενοι
3385 4826 3475 4874 καὶ
3532 4815 3879 4913 φθεγγόμενοιντίθ

662 4932 883 4997 adhuc,
910 4930 1013 5003 qui
1039 4929 1515 5001 perniciosorum
1546 4926 2080 4997 pestiferorumque
2101 4923 2256 4977 daem

2280 4937 2323 4977 )-
2431 4925 2529 4970 τῶν
2621 4914 2956 4987 παλαμναίων
3052 4909 3311 4985 δαιμόνων
3415 4909 3615 4983 πράξεις
3688 4888 3874 4952 ἀνέστδω

662 5038 809 5079 num
844 5020 1113 5078 actiones
1151 5018 1277 5073 solo
1310 5021 1559 5089 aspectu
1600 5031 1709 5070 suo
1740 5030 1810 5069 ac
1838 5028 1979 5068 voce
2022 5014 2210 5068 missa
2238 5028 2256 5066 ι

2276 5027 2325 5066 e-
2433 5006 2651 5067 Τούτοις
2703 5011 2828 5075 γοῦν
2879 5000 3195 5075 συμϐούλοις
3268 5004 3675 5095 πρε)α-χρεέιμιενοςζ
3726 4994 3870 5095 τονςῖ

659 5076 1007 5182 primorent.
1084 5109 1326 5164 Talibus
1387 5076 1571 5175 igitur
1640 5100 2079 5158 consultoribus
2155 5116 2253 5156 usu

2262 5118 2321 5166 ,s,
2432 5098 2516 5150 τὸν
2586 5096 2815 5167 Χριστὸν
2881 5092 3255 5164 ὁμολογοῦντας
3314 5089 3523 5149 ἀπηνῶς
3578 5076 3792 5173 tittiin

665 5171 960 5259 ilhristum
998 5198 1347 5255 conﬁtentes
1386 5171 1793 5252 crudelissime
1837 5196 2179 5263 persecutus
2212 5205 2259 5245 ei

2262 5194 2323 5253 it,
2436 5190 2578 5248 σίαις
2618 5181 2667 5237 δ’
2721 5183 3013 5255 ἐξαγίστοις
3062 5179 3311 5247 ἐπέκειτο,
3368 5182 3455 5230 καὶ
3504 5175 3715 5243 ἀνάγ-ὀυς

662 5299 717 5346 et
759 5290 838 5347 ad
869 5288 1328 5345 sceleratissima
1357 5300 1529 5341 sacra
1557 5284 1829 5339 animum
1861 5281 2169 5351 adjiciens,
2210 5280 2256 5334 ir

2262 5295 2323 5333 [ι’
2438 5277 2752 5347 ἱερουργίας,
2808 5268 3001 5331 παῖδας
3057 5268 3267 5332 ἀθλίους
3328 5266 3665 5339 ἀποσφάττων,
3706 5256 3764 5304 καὶ

661 5382 796 5451 pias
839 5379 1053 5436 obtulit
1100 5377 1394 5442 victimas,
1444 5388 1660 5446 pueros
1710 5372 1963 5427 miseros
2020 5369 2255 5425 occiden

2314 5407 2324 5431 ,
2435 5368 2663 5440 πατέρων
2732 5358 3007 5420 δὺστηνων
3071 5355 3297 5432 ἀφειδῶς
3363 5356 3628 5415 καταθύων,
3690 5354 3805 5407 νεογνι
3836 5354 3849 5365 “’

732 5561 810 5632 (1)
840 5558 905 5613 In
938 5572 1155 5615 manus
1181 5554 1322 5612 olim
1354 5549 1948 5610 communicantibus
1978 5544 2349 5605 Eucharistia
2372 5545 2531 5603 data.
