4036 6288
152 336 275 393 1153

1160 329 1729 391 ECCLESIASTICAE
1773 330 2132 399 HISTORUE
2169 331 2311 390 LIB.
2354 331 2442 388 Vl.

3334 330 3476 386 1154

149 458 343 536 διαιρῶν
411 460 721 533 σπλάγχνα,
788 464 878 512 καὶ
941 461 1008 511 τὰ
1069 467 1158 511 τοῦ
1228 464 1357 511 Θεοῦ
1436 458 1719 530 πλάσματα

1849 456 2146 513 nfelicium
2176 461 2491 529 parentum
2520 455 2739 511 liberos
2770 454 3265 511 inbumanissime
3298 456 3475 511 sacri-

145 550 191 611 ές
240 550 405 603 λεπτὸν
468 546 795 615 διακόπτων,
859 548 1096 621 αἰόμενος
1164 548 1390 601 ἐντεῦθεν

142 644 315 697 νήσειν.
377 641 463 692 Διό
528 643 617 690 καὶ
678 647 767 699 τῆς
818 641 907 710 μὲν
978 637 1287 698 Ἐκκλησίας
1343 636 1585 708 πολέμιος
1639 640 1718 708 γέ-

140 743 282 798 γονε·
312 730 513 801 μακρὰν
567 725 625 780 δέ
680 747 778 780 που
828 728 1009 780 ἑαυτὸν
1052 732 1142 780 καὶ
1196 734 1287 788 τῆς
1336 730 1390 778 ἐκ
1449 734 1581 779 Θεοῦ
1630 746 1716 798 φι-

135 812 442 886 λανθρωπίας
503 815 680 865 ἓποίει.
743 817 924 866 Τοίνυν
982 817 1142 884 μέγαν
1216 816 1304 863 καὶ
1384 810 1534 872 οὗτος
1609 810 1718 863 ἀνε-

134 907 281 975 γείρει
341 907 427 955 τὸν
490 899 741 974 διωγμόν.
814 907 915 957 Καὶ
979 904 1095 954 ὅσοι
1170 908 1459 960 τηνικαῦτα
1532 897 1717 960 δεινοῖς

136 992 508 1057 συνηλάθησαν,
566 991 720 1053 άλλης
767 990 826 1043 ἂν
884 994 1119 1064 ἱστορίας
1160 987 1496 1066 προσδέοιτο,
1547 992 1590 1043 εῖ
1637 1010 1715 1051 τις

129 1083 255 1133 κατὰ
310 1080 490 1133 λεπτὸν
553 1079 854 1152 ἒκλέγεσθαι
919 1079 1183 1153 βούλοιτο.
1250 1084 1383 1140 Τέως
1447 1084 1536 1131 καὶ
1607 1084 1717 1131 Διο-

128 1164 295 1231 νύσιος
363 1170 389 1221 ό
458 1170 657 1243 ῥηθεὶς,
721 1177 813 1222 τοῦ
891 1177 1054 1221 κακοῦ
1127 1168 1532 1241 ἐπακμάζοντος,
1614 1173 1717 1228 τοῖς

128 1254 451 1319 δικαστικοῖς
506 1260 777 1334 παραστὰς
868 1255 1123 1330 ϐήμασιν,
1176 1258 1473 1323 ίξητάζετο,
1555 1262 1719 1328 Δίμυ-

123 1346 297 1399 λιανοῦ
368 1352 463 1406 τὴν
544 1347 664 1401 κατ’
742 1350 1002 1419 Αἴγυπτον
1070 1350 1347 1419 ἡγεμονίαν
1428 1343 1714 1407 διέποντοςο

1474 544 1718 621 εὐδαιμο-

127 1443 286 1495 Συνῆν
334 1432 391 1489 δξ
445 1440 586 1507 αὐτῷ
638 1442 729 1490 καὶ
787 1439 812 1488 ὁ
868 1436 1218 1511 πρεσϐύτερος
1268 1436 1502 1508 Μάξιμος
1532 1453 1544 1465 ·
1602 1432 1720 1487 διά-

124 1530 267 1578 κονοί
317 1544 370 1577 τε
432 1522 547 1592 δύο,
608 1531 843 1588 Φαῦστος
907 1545 960 1578 τε
1006 1529 1093 1577 καὶ
1148 1523 1425 1585 Εὐσέϐιος·
1483 1531 1571 1577 καὶ
1626 1528 1718 1576 σὺν

120 1618 413 1688 Χαιρήμονι
468 1614 665 1689 ἓτεροςο
722 1621 811 1667 καὶ
873 1611 1050 1673 ἐπειδὴ
1114 1618 1320 1685 σύναμα
1374 1622 1443 1685 τῷ
1496 1614 1714 1687 ίεράρχη

123 1707 262 1757 θύειν
320 1700 683 1771 διεκελεύοντο,
749 1704 1009 1775 ἀντέλεγον
1072 1706 1139 1756 τά
1193 1712 1407 1776 πρῶτα·
1470 1710 1722 1777 Χριστια-

1823 546 2038 611 ﬁcans,
2078 561 2284 601 recens
2317 545 2473 601 edita
2503 544 2733 599 viscera
2763 543 3053 607 dividens,
3084 549 3138 599 et
3170 549 3473 599 creaturas

1829 635 1926 690 Dei
1957 637 2016 690 in
2058 635 2486 689 minutissimas
2527 640 2727 706 partes
2774 632 3118 689 concidens.
3151 635 3340 705 Atque
3385 633 3477 688 his

1825 721 2004 777 rebus
2028 722 2257 779 felicem
2286 739 2346 778 se
2377 728 2435 778 et
2462 725 2706 779 beatum
2736 721 2860 777 fore
2886 727 2973 777 est
3001 722 3303 793 opinatus.
3328 723 3478 787 Qua-

1826 818 2066 882 propter
2087 817 2143 867 et
2183 812 2455 867 Ecclesiaa
2480 811 2663 866 hostis
2708 810 2901 865 factus
2931 816 3041 876 est,
3070 816 3125 865 et
3159 810 3477 880 indignum

1826 915 1887 955 se
1929 899 2293 969 benignitate
2335 900 2435 955 Dei
2474 900 2683 955 effecit.
2730 899 2813 955 Ita
2860 899 3077 954 scilicet
3106 914 3395 971 magnam
3428 899 3478 954 is

1824 1004 2067 1061 quoque
2097 989 2415 1045 concitavit
2445 989 2937 1061 persecutionem.
2969 992 3032 1043 Et
3062 989 3163 1060 qui
3189 987 3478 1059 tempori-

1825 1077 1939 1132 bus
1968 1078 2073 1145 eis,
2106 1077 2532 1134 certaminibus
2561 1078 2858 1133 obeundis
2888 1082 3027 1132 sunt
3056 1077 3396 1142 conﬂictati,
3430 1077 3479 1132 si

1825 1166 1903 1221 ad
1949 1166 2195 1238 plenum
2239 1183 2451 1223 omnes
2488 1167 2688 1222 referri
2729 1167 3034 1233 deberent,
3069 1166 3355 1238 peculiari
3394 1165 3477 1221 illi

1825 1254 2158 1325 indigerent
2196 1256 2463 1312 historia.
2495 1258 2642 1311 Tum
2673 1271 2817 1311 sane
2842 1261 2898 1311 et
2925 1256 3263 1328 Dionysius,
3294 1270 3478 1328 quem

1826 1343 2108 1410 diximus,
2154 1345 2316 1400 malo
2364 1361 2435 1400 eo
2479 1345 2899 1411 invalescente,
2944 1361 3081 1399 cum
3126 1345 3476 1401 Emilianus

1826 1432 2138 1503 prmfectus
2168 1436 2489 1506 Egyptum
2535 1434 2904 1505 provinciam
2938 1439 3179 1503 teneret,
3230 1450 3339 1505 pro
3383 1436 3481 1490 tri-

1826 1519 2032 1577 bunali
2072 1538 2317 1579 causam
2363 1522 2529 1587 dixit,
2575 1521 2750 1595 402
2803 1528 2858 1578 et
2900 1539 3037 1578 cum
3075 1539 3145 1579 eo
3190 1525 3479 1580 Maximus

1828 1610 2137 1682 presbyter
2170 1628 2182 1666 :
2217 1617 2503 1683 praeterea
2523 1614 2645 1667 duo
2672 1611 2930 1676 diaconi,
2959 1613 3204 1667 Faustus
3227 1618 3283 1667 et
3309 1615 3482 1669 Euse-

1827 1699 1983 1765 bius,
2016 1705 2071 1755 et
2117 1717 2256 1755 cum
2301 1701 2682 1756 Chaaremone
2727 1700 2873 1756 alter
2918 1701 3188 1772 quidam.
3236 1704 3301 1756 Et
3341 1719 3480 1759 cum

120 1797 243 1855 νοὺς
294 1788 350 1845 δε
401 1800 535 1866 σφᾶς
587 1790 715 1847 εἶναι
780 1793 1166 1865 ὁμολογοῦντες,
1207 1797 1278 1865 μὴ
1336 1789 1553 1845 δυνατὸν
1592 1788 1721 1844 εἶναι

1841 1789 1867 1844 ii
1908 1804 2028 1843 una
2065 1804 2202 1844 cum
2232 1788 2545 1845 hierarcha
2576 1804 2685 1844 suo
2716 1789 3047 1845 sacrificare
3073 1791 3225 1861 jussi
3264 1797 3481 1862 essent,

122 1887 275 1959 ἑτέρῳ
326 1890 440 1953 Θεῷ
494 1882 649 1944 σέϐας
700 1888 863 1955 νέμειν
898 1882 1060 1955 ’μήτ’
1116 1878 1180 1934 αὖ
1250 1878 1479 1934 δεδιέναι
1531 1880 1718 1954 ἓτερον.

121 1985 309 2032 Τοῦτον
358 1980 458 2049 γὰρ
512 1972 643 2028 εἶναι
710 1973 928 2046 ούρανοῦ
980 1991 1035 2025 τε
1081 1976 1170 2023 καὶ
1221 1980 1319 2043 γῆς
1374 1968 1722 2045 δημιουργὸν,

119 2073 215 2121 καὶ
269 2066 573 2141 βασιλεῦσιν
643 2065 952 2136 ὡρισμένοις
1030 2064 1195 2113 ἔτεσιν
1260 2060 1343 2113 ἐπὶ
1403 2068 1499 2131 γῆς
1568 2063 1723 2132 παρέ-

120 2177 291 2230 χοντα
353 2159 411 2209 τὸ
476 2159 702 2227 κρατεῖν.
763 2152 854 2213 Ὠς
914 2146 1001 2203 οὖν
1048 2154 1138 2202 καὶ
1194 2149 1325 2202 ἄλλα
1390 2148 1723 2221 έπισυνείρων

119 2247 360 2315 πλεῖστα,
433 2243 618 2296 ἀπεῖπε
690 2244 750 2294 τὸ
822 2242 1034 2305 πείθειν,
1115 2235 1282 2310 μηδεν
1364 2240 1722 2311 ὑπερθέμενος,

119 2340 307 2409 καίπερ
374 2338 511 2405 νόσῳ
578 2332 909 2401 κατάσχετον
971 2332 1093 2380 ὄντα
1143 2331 1230 2379 τὸν
1294 2330 1580 2393 Διονύσιον,
1642 2326 1725 2379 ἐπί

122 2443 241 2477 τινα
306 2430 393 2484 τῆς
465 2420 665 2480 Λιϐύης
732 2423 888 2471 τόπον
952 2420 1142 2490 ἔρημον
1205 2422 1295 2469 καὶ
1382 2416 1725 2487 ἀπάνθρωπον

124 2510 454 2587 ἰφυγάδευεν.
513 2509 675 2563 Ἔνθα
735 2505 802 2567 δὴ
862 2507 1039 2560 πολλοὶ
1094 2515 1195 2559 τῶν
1257 2509 1313 2558 εκ
1366 2515 1457 2566 τῆς
1516 2505 1725 2573 πόλεως,

125 2602 223 2655 οὐκ
273 2602 547 2673 ίλάχιστοι
595 2595 656 2650 δὲ
709 2602 799 2649 καὶ
848 2606 949 2649 τῶν
1010 2595 1099 2648 ἀπ’
1167 2595 1433 2666 Αἰγύπτου
1486 2594 1724 2660 ἐξιόντες,

128 2699 203 2761 τῷ
269 2698 357 2752 τῆς
410 2688 526 2741 κατ’
590 2690 745 2740 αὐτὸν
816 2690 1043 2747 πίστεως
1095 2684 1233 2756 λόγῳ
1299 2680 1729 2756 οἰκοδομούμενοι

141 2776 401 2832 διετέλουν.
482 2774 611 2831 Εἶτα
676 2777 864 2828 ῖκεῖθεν
922 2774 994 2835 εἰς
1056 2776 1269 2846 μείζονα
1332 2778 1423 2825 καὶ
1491 2772 1731 2844 χαλεπω-

140 2871 284 2941 τέραν
338 2864 547 2921 δίαιταν
604 2867 874 2940 ὑπερόριον
937 2865 1075 2915 κατά
1132 2866 1228 2921 τὴν
1289 2868 1470 2934 Κεφρῷ
1524 2861 1732 2933 λεγομέ-

138 2977 229 3016 νην
275 2956 521 3029 ἀπήγετο.
578 2955 827 3010 Κολύθιον
881 2950 943 3011 ἧν
995 2957 1155 3025 ὄνομα
1213 2960 1286 3023 τῷ
1340 2956 1503 3023 τόπῳ.
1560 2950 1620 3005 Ὀ
1673 2948 1732 3004 δέ

1831 1884 2154 1933 renuerunt
2184 1878 2243 1933 id
2279 1878 2561 1950 primum,
2596 1878 2812 1933 deinde
2844 1879 3203 1936 Christianos
3234 1897 3296 1936 se
3327 1897 3482 1948 esse,

1832 1966 2079 2039 ﬁerique
2114 1966 2362 2022 omnino
2401 1981 2523 2022 non
2555 1982 2729 2038 posse
2769 1972 2833 2023 ut
2864 1970 3048 2023 Deum
3079 1968 3263 2025 alium
3296 1970 3390 2025 vel
3420 1971 3485 2026 ti-

1833 2060 2064 2111 merent
2095 2055 2189 2111 vel
2218 2056 2497 2119 colerent,
2536 2055 2784 2127 professi
2833 2062 2991 2112 sunt.
3024 2056 3187 2113 Hanc
3219 2073 3483 2132 namque

1834 2160 1959 2201 esse
1990 2145 2094 2217 qui
2124 2145 2342 2200 caelum
2373 2151 2429 2199 et
2458 2150 2677 2200 terram
2711 2145 3045 2201 condiderit
3077 2162 3088 2200 :
3121 2153 3175 2203 et
3195 2149 3299 2220 qui
3328 2150 3489 2220 prin-

1833 2235 2089 2306 cipibus,
2122 2234 2449 2303 designatis
2479 2235 2773 2306 certisque
2803 2236 3191 2306 temporibus,
3227 2239 3287 2292 in
3318 2240 3487 2295 terris

1833 2328 2188 2397 potestatem
2223 2329 2279 2379 et
2305 2323 2623 2395 imperium
2652 2324 2962 2380 concedat.
2998 2328 3129 2381 Haec
3161 2332 3341 2399 atque
3372 2329 3490 2386 alia

1836 2429 1972 2469 cum
2026 2412 2104 2468 ab
2147 2413 2231 2468 eis
2282 2412 2638 2468 atferrentur
2686 2412 2966 2484 plurima,
3017 2415 3368 2471 Emilianus
3427 2417 3488 2473 in

1835 2501 2127 2557 sententia
2157 2501 2428 2573 perstitit,
2458 2506 2512 2557 et
2544 2517 2681 2556 cum
2716 2516 2777 2556 se
2820 2502 2937 2557 hoc
2979 2503 3093 2557 illis
3124 2505 3489 2575 persuadere

1836 2607 1957 2647 non
1989 2606 2169 2662 posse
2198 2590 2443 2655 videret,
2477 2590 2644 2646 nulla
2670 2590 3021 2663 interposita
3047 2609 3237 2649 mora.
3270 2595 3492 2667 Diony-

1838 2681 2014 2745 sium,
2074 2678 2466 2751 quantumvis
2525 2678 2740 2734 morbo
2780 2690 3140 2752 correptum,
3196 2684 3256 2738 in
3327 2684 3490 2741 solos

1838 2769 2139 2841 quosdam
2170 2773 2225 2823 et
2262 2784 2299 2824 a
2334 2768 2667 2839 frequentia
2694 2768 3011 2825 hominum
3038 2770 3214 2842 longe
3246 2772 3489 2829 dissitas

1840 2858 2002 2913 locos
2032 2858 2091 2912 in
2124 2856 2375 2929 Libyam
2428 2856 2728 2928 relegavit.
2772 2858 2859 2913 Ad
2899 2874 3080 2930 quem
3112 2862 3390 2931 permulti
3420 2877 3493 2918 ex

1841 2948 2010 3015 urbe,
2041 2961 2161 3002 non
2195 2946 2546 3018 paucissimi
2574 2962 2715 3002 vero
2745 2948 2920 3003 etiam
2963 2963 3033 3005 ex
3064 2947 3317 3022 Egypto
3348 2966 3493 3007 con-

131 3049 384 3122 μακάριος
474 3048 741 3105 Διονύσιος
822 3044 994 3095 πάντα
1076 3045 1317 3113 γενναίως
1411 3037 1729 3114 διεκαρτέρει

1841 3040 2152 3101 venerunt,
2190 3041 2371 3107 atque
2411 3035 2493 3090 ibi
2532 3051 2670 3091 cum
2709 3051 2781 3091 eo
2819 3036 3154 3094 doctrinam
3195 3040 3331 3095 ﬁdei
3363 3041 3494 3111 ejus

131 3140 310 3210 φέρων.
363 3138 488 3208 Οὐχ
530 3135 685 3205 ᾕττον
739 3128 788 3185 δ’
838 3128 971 3190 ἦσαν
1021 3134 1109 3183 καὶ
1150 3138 1250 3183 τῶν
1294 3125 1527 3202 ἀδελφῶν
1568 3147 1733 3190 τινες-

129 3233 195 3298 ff}
266 3231 479 3296 συνεχεῖ
539 3219 797 3295 ἕπιδημιᾳ
859 3224 916 3274 τὸ
949 3220 1174 3293 σκληρὸν
1231 3227 1326 3271 τοῦ
1384 3223 1543 3271 τόπου
1599 3216 1729 3287 λεαί,

126 3333 318 3380 νοντες,
385 3318 476 3366 καὶ
540 3310 919 3385 παρακλήσεως
1001 3308 1352 3381 ῖμπιπλῶντες
1416 3311 1503 3359 τὸν
1566 3308 1730 3360 ὅσιον.

124 3406 201 3477 ’ῼ
244 3400 303 3456 δε
353 3401 650 3476 βουλόμένῳ
698 3400 811 3453 ἕστὶ
876 3400 1057 3471 μαθεῖν
1115 3400 1215 3451 ὃσα
1270 3404 1375 3457 τοῖς
1413 3398 1529 3449 κατ’
1576 3395 1734 3449 έκεῖνο

128 3499 321 3568 καιροῦ
387 3493 606 3545 πέπονθε
690 3486 967 3560 διωγμοῖς,
1040 3486 1133 3539 οὐκ
1200 3486 1360 3547 αὐτὸς
1431 3482 1491 3538 δὲ
1564 3488 1733 3557 μόνος,

132 3582 263 3635 ἀλλὰ
338 3586 429 3633 καὶ
515 3578 659 3632 ἄλλοι
748 3577 973 3651 ἀριθμοῦ
1060 3578 1322 3649 κρείττους
1406 3573 1736 3645 ἐντυγχάνειν

130 3673 485 3744 προτρέπομεν
558 3670 644 3729 αἷς
708 3666 867 3728 αὐτὸς
938 3672 1128 3737 φωναῖς
1190 3666 1534 3737 κεχρημένος,
1608 3665 1738 3736 πρός

131 3780 251 3813 τινα
308 3767 408 3812 τῶν
467 3758 582 3810 κατ’
647 3756 803 3808 αὐτόν
858 3758 1175 3819 ἐπῖσκοπων,
1230 3752 1270 3823 ᾧ
1326 3756 1486 3823 ὄνομα
1546 3756 1739 3823 Γερμα-

128 3853 241 3913 νὸς,
319 3855 493 3908 κακῶς
560 3846 716 3898 αὐτὸν
786 3843 1048 3916 ἀγορεύειν
1120 3840 1453 3914 βουλόμενον,
1532 3842 1739 3892 ἀποτεί-

126 3956 297 3999 νεται,
362 3939 572 4008 φάσκων
620 3936 817 3986 οὑτωσὶ
869 3933 1173 4005 καταρχάς·
1230 3951 1253 3981 ε
1306 3930 1393 3991 Εἰς
1447 3928 1741 4003 ἀφροσύνην

125 4023 426 4080 κινδυνεύω
486 4024 678 4083 πολλὴν
744 4028 833 4075 καὶ
899 4021 1247 4079 ἀναισθησίαν
1316 4023 1470 4078 ὅντως
1548 4023 1740 4082 πεσεῖν,

126 4117 210 4177 εἰς
259 4114 495 4186 ἀνάγκην
560 4112 965 4185 ἱμϐιϐαζόμενος
1021 4107 1328 4180 διηγεῖσθαι
1392 4112 1486 4167 τὴν
1549 4109 1747 4179 θαυμα-

127 4210 270 4264 στὴν
334 4208 455 4271 περὶ
516 4205 657 4275 ἡμᾶς
708 4201 1009 4272 οἰκονομίαν
1068 4206 1161 4250 τοῦ
1219 4205 1372 4251 Θεοῦ.
1433 4196 1568 4250 Ἀλλ’
1641 4199 1750 4248 ἑτι-εὶ

1842 3124 2220 3181 addiscentes
2253 3129 2622 3181 manserunt.
2658 3126 2877 3182 Deinde
2909 3142 3050 3183 vero
3079 3128 3157 3184 ad
3182 3128 3359 3199 longe
3388 3129 3497 3185 du-

1842 3213 2062 3269 riorem
2088 3213 2545 3285 gravioremque
2576 3228 2934 3280 arumnam,
2971 3215 3030 3270 in
3060 3217 3369 3286 regionem
3399 3217 3496 3273 cui

1844 3317 2066 3359 nomen
2105 3305 2195 3357 est
2233 3301 2484 3373 Cephro,
2534 3307 2592 3356 et
2636 3301 2839 3358 locum
2871 3304 3210 3375 Colythium
3239 3306 3491 3374 dictum,

1845 3391 2013 3449 exsul
2039 3396 2129 3447 est
2166 3391 2534 3462 deportatus.
2568 3393 2747 3447 Porro
2776 3393 2990 3449 beatus
3031 3395 3352 3466 Dionysius
3389 3396 3500 3452 ad-

1844 3496 2015 3537 versa
2043 3479 2247 3536 omnia
2300 3495 2524 3549 magno
2567 3478 2821 3553 fortique
2860 3482 3099 3553 pertulit
3127 3484 3348 3540 animo.
3382 3487 3497 3540 Nec

1848 3571 2047 3626 minus
2101 3574 2158 3624 et
2185 3566 2395 3623 fratres
2424 3569 2671 3639 quidam
2729 3571 3014 3627 continua
3062 3573 3499 3628 consuetudine

1848 3674 1960 3714 sua
2010 3658 2122 3713 loci
2172 3658 2558 3729 asperitatem
2588 3658 2898 3725 lenierunt,
2948 3661 3495 3735 consolationisque

1851 3748 2132 3819 pietatem
2162 3747 2215 3802 ei
2248 3748 2668 3817 praestiterunt.
2719 3748 2827 3813 Qui
2872 3764 3013 3805 vero
3039 3751 3377 3807 accuratius
3407 3768 3512 3808 co-

1853 3852 2139 3907 gnoscere
2182 3836 2412 3901 volunt,
2443 3851 2580 3909 quas
2611 3852 2681 3892 ea
2708 3840 3138 3908 persecutionis
3189 3846 3513 3912 tempesta-

1855 3931 1909 3982 te
1962 3941 2084 3981 non
2142 3927 2274 3995 ipse
2326 3930 2557 3980 tantum
2619 3927 2953 3998 Dionysius,
3016 3928 3121 3983 sed
3172 3929 3270 3985 alii
3328 3931 3507 3987 etiam

1857 4014 2158 4070 innumeri
2186 4013 2396 4069 fratres
2426 4013 2680 4071 adversa
2710 4017 3075 4086 pertulerint,
3110 4018 3149 4072 ii
3179 4018 3374 4089 legere
3405 4035 3513 4087 po-

1859 4107 2073 4167 terunt,
2097 4118 2231 4175 qum
2260 4103 2390 4174 ipse
2413 4103 2491 4158 ad
2510 4104 2795 4175 temporis
2819 4106 2909 4160 sui
2930 4106 3281 4179 episcopum
3304 4124 3513 4180 quem-

1862 4193 2026 4261 dam,
2098 4192 2342 4247 nomine
2404 4193 2788 4262 Germanum,
2843 4192 3301 4252 obtrectatorem
3361 4198 3513 4269 ejus,

120 4267 457 4368 μυστήριον,
519 4267 672 4364 φησι,
730 4267 988 4362 βασιλέως
1037 4290 1285 4361 κρύπτειν
1338 4286 1512 4351 καλὸν,
1579 4288 1645 4338 τὰ
1696 4281 1729 4337 δ

1866 4282 2117 4354 scripsit,
2153 4282 2235 4337 ita
2263 4296 2510 4337 exorsus
2550 4282 2664 4352 (2):
2701 4304 2728 4332 α
2766 4283 2988 4339 Stultus
3042 4300 3187 4341 sane
3217 4267 3405 4358 atque
3428 4286 3516 4342 in-

118 4386 267 4455 ‘s'p'ya
324 4388 419 4434 τοῦ
473 4387 608 4434 Θεοῦ
662 4378 1031 4453 ἀνακηρύττειν
1091 4373 1323 4441 ἔνδοξον,
1373 4376 1534 4447 ὁμόσε
1579 4376 1762 4447 χωρή.

120 4491 212 4525 σω
237 4478 304 4543 τῇ
336 4468 612 4541 διηγήσω
650 4488 678 4518 n
719 4473 809 4520 καὶ
832 4470 900 4519 τὰ
927 4466 1062 4529 ἑξῆς.

1869 4386 2054 4428 sanus
2084 4370 2315 4435 fuerim,
2339 4371 2385 4425 si
2407 4372 2820 4427 necessitatem
2839 4388 2972 4428 eam
3004 4373 3149 4429 mihi
3178 4375 3515 4446 imponam,

1871 4468 1936 4517 ut
1965 4459 2388 4516 admirandam
2420 4459 2494 4514 de
2520 4460 2694 4515 nobis
2724 4460 2824 4515 Dei
2855 4477 3061 4517 curam
3097 4469 3276 4535 atque
3315 4464 3518 4535 dispo-

113 4562 425 4617 sitionem
461 4559 695 4629 scriptis
725 4570 1072 4629 persequar.
1109 4553 1386 4611 Sedenim
1437 4567 1574 4609 cum
1624 4550 1819 4623 (sicuti
1864 4551 2165 4622 Scriptura
2218 4549 2299 4604 ait
2328 4549 2401 4619 ⁵⁵)
2428 4564 2715 4604 arcanum
2760 4551 2916 4621 regis
2947 4551 3136 4607 celare
3191 4552 3511 4624 pulchrum

110 4652 224 4721 sit,
282 4663 475 4722 opera
526 4653 727 4705 autem
775 4646 874 4701 Dei
926 4643 1329 4715 depraadicare
1390 4642 1745 4713 gloriosum,
1800 4639 1877 4697 ad
1908 4638 2311 4695 narrationem
2342 4652 2541 4693 rerum
2592 4638 2840 4709 propius
2871 4640 3179 4709 accedam,
3236 4660 3264 4693 »
3301 4646 3358 4698 et
3409 4657 3518 4697 caa-

114 4746 290 4797 tera.

750 4856 995 4906 KE<I>AA.
1049 4847 1154 4904 IA'.

110 4983 297 5053 Περὶ
367 4986 488 5033 τῶν
561 4976 618 5029 ἂν
684 4978 1060 5053 Καισαρείᾳ.
1128 4980 1239 5035 τῆς
1306 4972 1755 5034 Παλαιστίνης

670 5048 1259 5122 μαρτυρησάντων,

202 5172 302 5237 Τῷ
369 5162 427 5219 δε
483 5166 620 5217 κατά
687 5163 1061 5237 Οὐαλλεριανὸν
1131 5157 1350 5232 διωγμῷ
1416 5158 1594 5212 πολλοὶ
1668 5161 1756 5229 μὶν

112 5260 227 5309 καὶ
286 5254 440 5307 ἄλλοι
486 5257 574 5307 τὸν
619 5261 713 5306 τοῦ
767 5256 1057 5327 μαρτυρίου
1104 5254 1348 5322 στέφανον
1402 5244 1750 5307 ἀνεδήσαντοο

2515 4843 2736 4899 CAPUT
2778 4843 2864 4898 XI.

2099 4967 2182 5024 De
2209 4966 2577 5039 martyribus
2608 4968 2894 5026 Caesarea:
2920 4970 3280 5029 Palaestinas.

1939 5154 2249 5212 Valeriane.
2303 5158 2502 5211 autem
2558 5156 2970 5225 persecutione
3002 5157 3241 5229 plurimi
3272 5157 3519 5232 quidem

1869 5245 1968 5302 alii
2024 5243 2292 5315 martyrii
2339 5258 2625 5300 coronam
2659 5245 2934 5302 tulerunt.
2982 5248 3263 5304 Caesareas
3316 5257 3520 5306 autem

114 5345 179 5397 ἐν
254 5340 319 5397 δὴ
375 5344 436 5417 τῇ
497 5346 633 5397 κατὰ
680 5341 1031 5400 Παλαιστίνην
1095 5343 1405 5415 Καισαρείᾳ,
1466 5343 1601 5411 τρεῖς
1646 5356 1729 5409 γεν

1872 5333 2051 5408 403
2084 5333 2436 5400 Palaestinas,
2470 5336 2587 5388 tres
2636 5332 2861 5390 fortiter
2885 5351 3024 5391 cum
3069 5337 3247 5395 laude
3297 5352 3523 5410 magna

209 5443 267 5478 ⁸⁵
297 5442 445 5500 Tob.
474 5458 575 5508 xu,
603 5447 658 5498 7.

250 5579 308 5649 t)
358 5576 563 5633 Omnis
590 5581 851 5645 potestas
877 5589 914 5630 a
942 5574 1061 5629 Deo
1080 5578 1187 5629 est.

214 5578 314 5725 i2)
348 5649 667 5723 Reperitur
693 5647 810 5707 hoc
846 5645 1135 5721 scriptum
1159 5658 1187 5701 a

246 5639 314 5722 2')
348 5639 667 5723 Reperit'ur
693 5647 810 5707 hoc
846 5645 1135 5721 scriptum
1159 5642 1323 5717 apud
1352 5640 1568 5701 Euseb.
1597 5639 1706 5700 lib.
1731 5654 1833 5710 vn,
1863 5653 1997 5715 cap.
2029 5639 2084 5697 2.
