4036 6288
156 352 285 408 1157

1188 349 1761 409 ECCLESIASTICE
1800 349 2157 409 HISTORIzE
2198 351 2336 409 LIB.
2382 352 2466 410 Vl.

3366 350 3502 408 1158

149 482 341 549 παρών.
422 479 573 533 Κατὰ
646 474 706 530 δέ
766 480 824 530 τό
898 479 1050 552 ῥηθεν
1119 480 1249 551 πρὸς
1302 482 1384 539 τός
1462 482 1731 549 προφήτην

1855 477 2021 550 ᾗ.οά
2038 477 2374 534 Declaratus
2390 482 2612 544 autem,
2628 477 3175 549 communibusque
3203 477 3499 549 suﬁragiis

144 565 382 633 Ἠσαίαν,
409 569 495 619 Τὰ
533 565 636 619 ἀπ’
669 565 875 642 ἀρχῆς
917 564 1059 619 ἰδοὺ
1092 570 1313 634 ἦκασι,
1347 570 1670 620 καὶκαινά
1701 566 1734 618 ἂ

146 663 248 707 νῦν
289 654 598 710 ἀνατελεῖ.
630 654 832 731 Ὠσπερ
882 658 982 729 γὰρ
1012 661 1152 729 νέφος
1189 660 1279 717 τὰς
1328 656 1551 717 ἡλιακὰς
1588 656 1733 707 ἀκτῖ-

143 764 232 805 νας
282 741 608 817 ύποδραμόν,
652 750 741 797 καὶ
786 748 912 819 πρὸς
968 745 1138 817 ὀλίγον
1185 746 1520 819 ἐπηλυγάσαν
1559 746 1734 798 ἐσκία-

148 852 230 886 σεν
270 833 446 901 αὐτόν,
490 839 579 887 καὶ
615 832 722 887 ἀντ’
772 834 932 887 αὐτοῦ
978 839 1236 909 προεφάνη
1274 853 1285 865 ·
1320 833 1431 888 εἶτα
1458 835 1734 910 παρελθόν-

145 943 227 986 τος
280 924 311 983 ἡ
374 920 705 987 διατακέντος
757 932 848 978 τοῦ
897 928 1094 997 νέφους,
1160 923 1369 997 ἐξεφάνη
1420 926 1575 977 πάλιν
1615 924 1736 978 ἐπα-

143 1012 373 1073 νατείλας
420 1014 450 1071 ἣ
494 1014 860 1086 προανατείλας
908 1018 934 1067 ό
966 1014 1106 1076 ἣλιος
1138 1031 1152 1045 ⁸
1209 1016 1340 1068 οὕτω
1386 1017 1615 1088 προστὰς
1646 1018 1737 1066 καὶ

142 1102 514 1177 προσπελάσας
588 1103 767 1156 ἑαυτὸν
840 1106 866 1156 6
945 1107 1201 1179 Μακρῖνος
1273 1112 1368 1165 τῆς
1441 1103 1737 1176 ἐφεστώσης

143 1190 396 1249 Γαλιήνου
425 1189 714 1265 βασιλείας,
770 1194 795 1245 6
834 1196 924 1266 μεν
954 1197 1048 1245 οὐκ
1101 1196 1261 1261 ἔστιν,
1309 1192 1413 1247 ἐπεὶ
1454 1190 1593 1265 μηδὲ
1632 1190 1692 1251 ἧν
1722 1208 1736 1223 ⁶

142 1281 169 1332 ό
200 1277 263 1333 δε
310 1284 449 1334 ἔστιν
494 1283 686 1353 ὁμοίως
727 1284 899 1357 ὧσπερ
935 1279 1015 1341 ἦν.
1074 1288 1173 1337 Καὶ
1204 1284 1309 1335 οἷον
1346 1282 1631 1354 ἀποθεμένη
1681 1284 1738 1334 τὸ

140 1377 315 1444 γῆρας
367 1373 398 1428 ἡ
451 1367 711 1443 βασιλεία,
764 1377 854 1425 καὶ
900 1376 987 1430 τὴν
1017 1380 1319 1446 προσοῦσαν
1362 1372 1471 1443 ἅμα
1509 1373 1741 1443 καθήρα-

141 1462 269 1531 μένη
326 1464 534 1525 κακίαν,
579 1460 918 1534 ἀκμαιότερον
974 1468 1061 1513 νῦν
1114 1461 1322 1514 ἐπανθει
1360 1479 1372 1491 ·
1406 1466 1496 1513 καὶ
1542 1458 1740 1534 πορῥώ-

140 1568 290 1623 τερον
364 1551 548 1623 ὁρᾶται
622 1555 712 1603 καὶ
788 1550 1030 1603 ἀκούεται
1104 1555 1193 1603 καὶ
1296 1547 1546 1623 διαφοιτᾷ
1621 1569 1743 1602 παν-

140 1646 339 1709 ταχοῦ.
383 1658 410 1690 ››
460 1645 688 1692 Τοιαῦτα
733 1644 822 1693 καὶ
880 1644 996 1713 περὶ
1059 1644 1245 1693 τούτου
1306 1642 1503 1715 ἱστορεῖ
1557 1640 1743 1691 Διονύ-

142 1746 277 1788 σιος.

1843 568 1921 623 ab
1950 566 2233 622 omnibus
2258 568 2629 622 renuntiatus
2660 570 2749 621 est
2780 565 3077 629 Galienus,
3116 572 3287 621 vetus
3321 567 3500 623 simul

1842 662 1897 710 et
1929 671 2122 711 novus
2162 656 2503 727 imperator.
2560 657 2707 711 Cum
2755 655 2913 709 enim
2957 660 3092 710 ante
3132 670 3235 710 eos
3274 654 3498 723 fuisset,

1845 750 1979 817 post
2000 761 2101 801 eos
2127 760 2368 817 quoque
2389 744 2637 800 exsistit.
2660 746 2834 800 Jnxta
2855 744 2914 799 id
2941 744 3104 817 quod
3125 745 3202 800 ad
3235 746 3502 818 prophe-

1844 839 1969 890 tam
2016 834 2236 890 Isaiam
2275 841 2360 890 est
2407 833 2635 889 dictum
2678 850 2691 888 :
2736 834 2875 901 Quae
2912 849 2950 889 a
2982 834 3274 904 principio
3308 837 3498 904 fuere,

1845 937 1974 979 ecce
2004 925 2267 989 veniunt,
2299 930 2353 980 et
2379 938 2534 979 nova
2562 930 2842 995 suntquae
2866 938 3030 979 nunc
3058 924 3403 980 exorientur
3428 926 3501 980 ⁵⁸.

1846 1012 2371 1078 Quemadmodum
2409 1013 2568 1068 enim
2598 1012 2789 1068 nubes
2820 1012 3022 1068 radios
3055 1012 3195 1068 solis
3230 1013 3497 1083 subiens,

1846 1106 1904 1157 et
1934 1102 2011 1156 ad
2039 1100 2219 1157 breve
2250 1107 2487 1173 tempus
2516 1116 2654 1156 eum
2680 1100 2899 1157 umbra
2928 1101 3157 1174 objecta
3198 1102 3497 1168 obscurat,

1847 1194 1904 1246 et
1941 1189 2068 1261 ejus
2106 1189 2239 1246 loco
2279 1194 2545 1262 apparet,
2578 1189 2795 1245 deinde
2834 1190 2926 1245 vel
2970 1196 3360 1263 praetereunte
3408 1194 3501 1247 vel

1847 1284 2238 1336 evanescente
2272 1279 2453 1347 nube,
2486 1278 2573 1335 sol
2600 1279 2721 1333 sive
2750 1279 3032 1335 subortus
3074 1296 3180 1336 seu
3210 1284 3500 1351 praeortus

1848 1368 2190 1439 resplendet
2234 1385 2247 1424 :
2295 1368 2377 1424 ita
2418 1368 2709 1423 Macrinus
2750 1368 3073 1439 imperium
3118 1368 3361 1437 Galieni,
3406 1369 3503 1425 cui

1851 1456 2161 1528 praefectus
2212 1455 2425 1522 fuerat,
2468 1472 2571 1527 per
2611 1456 2991 1527 tyrannidem
3030 1458 3266 1513 invasit.
3312 1462 3502 1529 Atque

1849 1546 1945 1602 ille
1973 1545 2218 1617 quidem
2251 1560 2410 1600 nunc
2439 1560 2561 1601 non
2594 1550 2801 1611 exstat,
2831 1545 3329 1618 quandoquidem
3357 1546 3503 1602 nihil

1851 1640 1977 1691 erat
2024 1651 2039 1701 ;
2080 1633 2176 1690 hic
2216 1640 2418 1690 autem
2460 1633 2688 1703 itidem,
2734 1639 2795 1690 ut
2842 1640 3018 1691 antea
3065 1634 3192 1700 fuit,
3247 1640 3499 1701 constat,

1852 1729 1909 1781 et
1950 1724 2271 1795 imperium
2320 1723 2472 1793 ejus,
2517 1722 2765 1794 perinde
2809 1728 2990 1796 atque
3032 1725 3268 1780 senium
3314 1724 3507 1797 depo-

139 1817 375 1881 suisset,
418 1822 475 1873 et
512 1816 828 1875 adhaarens
865 1817 976 1874 sibi
1011 1819 1217 1875 vitium
1252 1822 1654 1889 repurgasset,
1695 1813 1967 1871 ﬂoridius
2007 1814 2185 1869 etiam
2228 1828 2387 1869 nunc
2425 1812 2606 1883 viget,
2643 1812 3001 1886 longiusque
3041 1813 3233 1871 multo
3278 1813 3502 1887 ubique

141 1911 470 1978 spectatur,
511 1906 773 1974 auditur,
805 1907 1233 1981 frequentatur.
1275 1929 1306 1962 ι)
1334 1909 1469 1964 Hinc
1498 1907 1572 1963 de
1602 1905 1702 1963 illo
1724 1908 1929 1961 narrat
1959 1900 2294 1973 Dionysius.

764 2026 1007 2078 ΚΕΦΑΛ.
1036 2022 1131 2079 ῙΓ’.

140 2134 301 2204 Περὶ
328 2136 438 2182 τοῦ
465 2130 523 2181 ἐν
546 2135 908 2205 Καισαρείᾳ
931 2135 1220 2206 Μαρίνου
1250 2137 1359 2183 τοῦ
1390 2131 1742 2203 μάρτυρος.

210 2243 516 2295 Τηνικαῦτα
575 2233 634 2289 δε
690 2236 895 2311 εἰρήνης
944 2241 1102 2298 οὔσης
1141 2236 1473 2309 ἁπανταχοῦ,
1506 2244 1567 2309 τῇ
1609 2238 1744 2288 κατά

141 2326 470 2400 Καισάρειαν
520 2324 867 2399 Παλαιστίνῃ,
922 2331 1147 2401 Μαρῖνός
1202 2346 1282 2389 τις
1337 2335 1436 2378 τῶν
1492 2324 1539 2376 ἐν
1593 2324 1746 2388 ἀξιώ-

142 2435 298 2488 ματι,
358 2413 562 2487 πλούτῳ
613 2434 667 2466 τε
713 2420 803 2467 καὶ
840 2418 973 2487 γένει
1014 2424 1320 2489 περιφανῶν,
1384 2411 1478 2467 διὰ
1516 2418 1744 2487 Χριστὸν

143 2509 245 2562 τήν
299 2503 522 2576 κεφαλήν
594 2503 892 2576 ἀπετμήθη,
949 2504 1121 2558 αἰτίαν
1172 2507 1418 2561 τοιαύτην
1470 2523 1745 2576 παρεσχη-

145 2598 277 2655 κώς.
340 2592 541 2645 Ἐκάλει
595 2596 686 2665 μεν
732 2596 833 2667 γὰρ
883 2593 1038 2647 αὐτὸν
1092 2596 1120 2653 ἡ
1175 2601 1266 2647 τοῦ
1337 2590 1544 2666 βαθμοῦ
1599 2592 1748 2655 τάξις

152 2681 241 2734 ἐπί
301 2686 433 2748 τινα,
486 2684 622 2734 κατὰ
679 2685 736 2734 τὸ
790 2684 899 2743 ἔθος
938 2682 1231 2755 Ῥωμαίοις,
1293 2680 1582 2754 ἀξιώματος
1623 2701 1748 2755 προ-

152 2775 324 2828 κοπήν
358 2788 369 2799 ·
429 2770 604 2843 κλῆμα
658 2778 812 2823 τοῦτο
864 2770 1095 2836 ἐκάλουν,
1156 2772 1545 2845 ἑκατοντάρχου
1591 2775 1747 2823 τόπον

160 2858 361 2930 ἐπέχον,
418 2865 518 2913 Καὶ
568 2857 709 2919 δῆτα
746 2860 1011 2932 μέλλοντος
1041 2858 1148 2921 ἤδη
1182 2862 1398 2933 ἔχεσθαι
1448 2869 1543 2920 τῆς
1567 2868 1749 2932 τιμῆς,

157 2948 325 3019 ἕτερος
382 2948 523 3021 ζήλῳ
578 2952 848 3023 φερόμενος
904 2955 1102 3023 παριὼν
1156 2949 1239 3003 ἐπὶ
1297 2953 1354 3003 τὸ
1426 2948 1593 3022 βῆμα,
1647 2968 1746 3021 μη-

151 3032 332 3108 δαμῶς
362 3037 546 3101 ἐξεῖναι
600 3038 759 3109 αύτῷ,
812 3047 1109 3112 Χριστιανῷ
1159 3059 1219 3111 γε
1270 3042 1398 3105 ὄντι,
1430 3043 1619 3111 καὶμὴ
1655 3037 1751 3110 βα-

152 3126 361 3180 σιλεῦσι
430 3130 626 3197 θύοντι,
684 3136 775 3191 τῆς
826 3127 880 3180 ἐκ
930 3128 1190 3201 Ῥωμαίων
1241 3130 1523 3201 τυγχάνειν
1580 3127 1746 3197 ἀξίας,

146 3220 438 3287 κατηγόρει
466 3234 478 3245 ·
522 3216 660 3287 αύτῷ
717 3213 775 3269 δε
822 3217 1013 3290 μᾶλλον
1040 3223 1323 3291 προσήκειν
1379 3226 1468 3270 τοῦ
1523 3216 1745 3289 ἀξιώμα-

2475 2017 2702 2075 CAPUT
2742 2017 2875 2074 XllI.

2160 2126 2246 2182 De
2277 2125 2512 2182 Marino
2543 2124 2885 2183 Casariensi
2910 2130 3198 2196 martyre.

1923 2235 2001 2289 Eo
2040 2238 2328 2304 tempore,
2379 2249 2517 2288 eum
2562 2249 2681 2304 pax
2729 2233 2950 2305 ubique
2990 2239 3162 2299 esset,
3215 2236 3496 2292 Caasareaa

1854 2321 2178 2378 Palaestinae
2192 2322 2451 2378 Marinus
2465 2321 2738 2394 quidam,
2753 2322 2989 2394 opibus,
3005 2338 3219 2393 genere
3232 2323 3501 2394 etdigni-

1852 2414 1971 2466 tate
2011 2409 2230 2475 clarus,
2264 2426 2371 2482 pro
2404 2410 2630 2466 Christo
2661 2410 2849 2482 capite
2880 2410 3088 2482 plexus
3119 2417 3226 2482 est,
3273 2428 3377 2484 per
3419 2417 3504 2470 ta-

1852 2499 1972 2555 lem
2018 2514 2285 2555 causam.
2339 2498 2602 2555 Vocabat
2654 2516 2793 2555 eum
2847 2499 3175 2572 disciplinae
3227 2501 3502 2558 militaris

1854 2588 2003 2645 ordo
2042 2588 2121 2644 ad
2153 2588 2467 2653 honorem,
2510 2591 2917 2645 Romanorum
2955 2605 3142 2656 more,
3186 2590 3500 2661 majorem,

1855 2677 2235 2749 gradumque
2311 2677 2613 2748 dignitatis
2696 2678 2965 2733 altiorem
3046 2679 3251 2748 (vitem
3327 2696 3503 2737 voca-

1854 2766 2004 2823 bant
2034 2767 2133 2838 (l),
2167 2772 2223 2822 et
2250 2781 2385 2822 eam
2415 2768 2517 2838 qui
2550 2769 3091 2839 consequebantur.
3126 2769 3504 2826 centuriones

1856 2856 2097 2913 ﬁebant.
2140 2858 2209 2910 Et
2235 2856 2363 2927 jam
2405 2855 2694 2912 honorem
2746 2856 2920 2912 talem
2973 2863 3315 2929 recepturus
3352 2864 3501 2926 erat,

1857 2961 1996 3001 cum
2022 2945 2173 3001 alius
2193 2945 2591 3001 mmulationis
2616 2945 2810 3001 studio
2831 2946 2910 3002 ad
2934 2946 3192 3002 tribunal
3213 2948 3503 3019 procedit,

1858 3034 2226 3107 minimeque
2278 3034 2597 3090 convenire
2642 3034 3020 3091 criminando
3068 3036 3300 3102 asserit,
3349 3043 3412 3093 ut
3454 3038 3504 3092 is

1858 3125 2189 3179 Romanam
2204 3123 2553 3195 dignitatem
2572 3131 2992 3196 consequatur,
3013 3126 3115 3197 qui
3132 3125 3504 3182 Christianus

1858 3212 1951 3277 sit,
1992 3218 2049 3268 et
2083 3212 2545 3284 imperatoribus
2580 3228 2701 3268 non
2743 3214 3033 3269 sacriﬁcet
3076 3237 3089 3269 :
3135 3215 3506 3288 proindeque

140 3322 238 3363 τος
300 3298 613 3357 διετείνετο·
674 3310 763 3357 καὶ
828 3309 914 3357 τόν
973 3303 1234 3365 δικαστήν
1293 3302 1376 3367 (ἦν
1430 3303 1479 3358 δ’
1531 3306 1744 3377 ’Δχαῖος

1855 3301 2129 3356 ordinem
2168 3317 2307 3357 eum
2347 3300 2460 3356 sibi
2491 3302 2686 3372 potius
2725 3302 2926 3357 deberi
2959 3303 3287 3359 contendit.
3324 3303 3502 3376 405

140 3392 358 3464 ὄνομα),
444 3390 865 3468 δυσχεράναντα,
928 3400 1140 3468 Μαρίνῳ
1205 3396 1273 3456 εἰς
1327 3395 1510 3467 λόγους
1564 3374 1744 3448 ἐλθεῖν.

1856 3390 1941 3446 lbi
1965 3391 2151 3461 judex
2189 3391 2464 3462 (Achasus
2495 3390 2635 3445 huic
2673 3406 2893 3447 nomen
2925 3392 3052 3460 fuit)
3080 3392 3141 3447 id
3176 3374 3378 3465 inique
3410 3374 3506 3449 tu-

142 3482 194 3534 εἰ
253 3488 316 3554 τῇ
368 3488 546 3555 γνώμῃ
605 3481 833 3555 ἐμμένειν
886 3486 1106 3558 αἰροῖτο.
1155 3483 1292 3537 Ἐπεὶ
1352 3481 1410 3536 δε
1448 3488 1506 3536 τό
1562 3483 1749 3556 ἀμετά-

141 3573 296 3624 θετον
327 3577 417 3623 τοῦ
470 3567 660 3646 ἀνδρὸς
691 3571 823 3645 ἐώρα
875 3580 964 3632 τῆς
1009 3575 1136 3645 πρός
1194 3575 1424 3647 Χριστόν
1464 3569 1748 3634 διαθέσεως

135 3666 287 3733 τρεῖς
340 3661 471 3733 ὧρας
521 3661 758 3713 τολοιπόν
807 3658 989 3714 ἐδίδου
1043 3667 1136 3720 τὴν
1191 3664 1388 3735 αἵρεσιν
1453 3658 1749 3732 διασκέψα-

142 3752 299 3815 σθαι,
358 3749 452 3812 ἔξω
508 3757 598 3803 τοῦ
657 3746 1007 3825 δικαστηρίου
1056 3756 1341 3823 γενόμενον,
1409 3750 1503 3803 ⁴ΙΟν
1550 3751 1749 3813 ἐξιόντα

139 3843 425 3899 Θεότεκνος
474 3840 499 3890 ό
560 3849 655 3902 τῆς
710 3839 874 3892 ἐκεῖσε
944 3842 1219 3913 παροικίας
1284 3844 1589 3905 ἐπίσκοπος,
1658 3848 1747 3901 τῆς

134 3931 333 4002 χειρός
362 3927 656 4001 λαϐόμενος,
714 3929 797 3982 ἐπὶ
835 3934 927 3988 τήν
967 3928 1245 3987 ἐκκλησίαν
1296 3930 1445 3994 εἷλκε,
1479 3932 1544 3982 τὰ
1572 3930 1749 3982 εἰκότα

138 4016 178 4071 δ
188 4016 564 4089 ιομιλούμενος.
610 4022 747 4071 Εἴσω
808 4014 866 4071 δε
920 4018 1127 4090 ἀγαγὼν
1183 4024 1272 4071 καὶ
1321 4022 1463 4091 παρά
1503 4027 1572 4090 τῷ
1602 4018 1748 4091 ἁγιά-

141 4126 319 4179 σματι
387 4112 609 4173 στήσας,
668 4111 755 4159 τὸν
834 4112 1151 4179 χιτωνίσκον
1207 4108 1637 4180 παραναστείλας,
1689 4111 1745 4161 τό

137 4198 578 4267 προσηρτημένον
609 4195 745 4266 αύτῷ
778 4195 920 4267 ξίφος
968 4193 1192 4252 ἐδείκνυ.
1239 4196 1401 4269 Ὀμοῦ
1442 4193 1501 4249 δε
1547 4202 1636 4249 καὶ
1687 4216 1745 4249 το

141 4286 287 4357 ἱερὸν
352 4290 672 4357 παραγαγών
746 4285 1073 4356 Εύαγγέλιον,
1134 4284 1181 4337 ἐν
1238 4289 1381 4357 μέσῳ
1453 4286 1742 4358 προύτίθει,

139 4372 307 4426 εἰπὼν
362 4374 601 4448 ὁπότερον
657 4382 755 4425 τῶν
814 4370 910 4426 δύο
974 4374 1180 4427 ἐλέσθαι
1236 4373 1501 4447 βούλοιτο.
1546 4374 1633 4436 Ὠς
1694 4372 1745 4427 δ’

138 4462 301 4523 εὐθὺς
356 4467 449 4521 τὴν
499 4460 675 4526 δεξιὰν
755 4468 1045 4537 προτείνας,
1103 4468 1196 4522 τήν
1254 4463 1436 4536 βίϐλόν
1503 4460 1744 4537 ἐδέχετο,

139 4550 332 4622 ἐξῆγεν
369 4552 557 4623 εὐχαῖς
610 4552 933 4614 καθοπλίσας
988 4556 1072 4604 τόν
1120 4554 1382 4627 μάρτυρα,
1435 4552 1516 4605 ἐπὶ
1556 4554 1746 4625 μᾶλλον

138 4641 373 4715 ἔχεσθαι
434 4643 930 4716 παρεγγυησάμενος
1006 4648 1098 4693 τοῦ
1154 4649 1287 4694 Θεοῦ
1321 4659 1334 4671 ·
1396 4650 1578 4714 τυχεῖν
1644 4646 1746 4715 γὰρ

1854 3478 1937 3544 lit,
1980 3480 2388 3550 Marinumque
2431 3494 2507 3534 an
2537 3479 2598 3534 in
2640 3480 2934 3536 sententia
2966 3496 3345 3553 perseverare
3375 3498 3507 3553 per-

1857 3574 2035 3638 geret,
2081 3568 2481 3637 interrogavit.
2507 3573 2695 3639 Atque
2740 3570 2839 3624 uhi
2871 3576 3249 3625 constantem
3281 3571 3412 3643 ejus
3442 3572 3505 3628 in

1856 3657 2153 3713 Christum
2210 3658 2477 3712 animum
2527 3656 2885 3730 ﬁrmamque
2933 3658 3305 3715 affectionem
3339 3659 3499 3726 vidit,

1858 3752 1971 3803 tres
2013 3747 2063 3800 ei
2090 3746 2165 3802 ad
2191 3744 2499 3801 deliberan
2524 3747 2667 3801 bum
2694 3753 2852 3802 extra
2874 3747 3169 3817 judicium
3214 3749 3513 3805 concessit

1856 3836 2054 3891 horas.
2083 3837 2272 3907 Atque
2312 3852 2449 3891 eum
2484 3835 2567 3890 sic
2598 3842 2934 3902 exeuntem,
2976 3838 3344 3893 Theotecnus
3380 3839 3511 3909 ejus

1857 3924 1965 3981 loci
2006 3925 2325 3996 episcopus
2364 3940 2552 3980 manu
2586 3925 3053 3997 apprehensum,
3103 3926 3163 3981 in
3196 3927 3508 3983 ecclesiam

1856 4014 2117 4077 deducit,
2164 4029 2591 4085 sermonesque
2637 4030 2775 4069 cum
2821 4030 2911 4079 eo,
2964 4031 3119 4087 quos
3159 4032 3315 4084 opus
3363 4022 3510 4087 erat,

1857 4106 2084 4159 confert
2121 4119 2132 4157 :
2170 4118 2310 4159 mox
2335 4102 2514 4158 etiam
2552 4103 2611 4158 in
2648 4106 3032 4159 sacratiorem
3070 4105 3275 4176 templi
3309 4106 3510 4161 locum

1857 4193 2133 4259 admittit,
2178 4193 2498 4263 tunicaque
2537 4193 2665 4262 ejus
2705 4192 2966 4263 diducta,
3010 4209 3214 4249 ensem
3247 4210 3368 4267 quo
3408 4210 3509 4251 ac-

1856 4283 2083 4337 cinctus
2134 4286 2275 4347 erat,
2338 4280 2392 4337 ei
2443 4281 2837 4346 demonstrat,
2907 4284 3207 4355 simulque
3267 4299 3509 4341 sacrum

1857 4370 2157 4441 Evangelii
2197 4370 2419 4426 librum
2462 4370 2821 4441 productum
2860 4371 2921 4425 in
2959 4371 3158 4428 medio
3201 4374 3507 4446 proponit,

1856 4463 2289 4533 optionemque
2334 4460 2408 4524 ei,
2459 4464 2521 4515 ut
2557 4465 2756 4514 utrum
2800 4459 2970 4516 vellet
3016 4462 3329 4532 acciperet,
3379 4477 3510 4533 per-

1858 4550 2049 4606 mittit.
2083 4549 2286 4615 Porro,
2326 4554 2647 4620 postquam
2678 4547 2773 4603 ille
2804 4550 3003 4604 statim
3032 4550 3302 4606 dextram
3334 4550 3411 4607 ad
3439 4550 3509 4605 li-

1855 4640 2032 4695 brum
2084 4639 2284 4710 ipsum
2337 4636 2756 4707 accipiendum
2816 4638 3098 4701 extendit,
3158 4640 3505 4711 precatione

135 4732 345 4806 ῥᾷστον
399 4726 528 4782 εἶναι
577 4732 770 4801 γένοιτο
836 4734 964 4804 πρὸς
1024 4734 1210 4783 ἐκείνου
1275 4731 1589 4805 ῥωννύμενον
1646 4741 1744 4784 τῶν

1856 4736 2182 4800 martyrem
2220 4732 2523 4782 armatum
2570 4725 2866 4797 producit,
2895 4742 3153 4798 eumque
3201 4732 3264 4783 ut
3308 4726 3508 4797 magis

139 4818 268 4873 κατ’
295 4821 463 4891 ἔφεσιν
498 4836 510 4849 ⁸
571 4824 659 4871 καὶ
710 4820 817 4891 μετ’
848 4819 1056 4893 εἰρήνης
1111 4818 1306 4891 ἐξῆγεν.
1359 4819 1498 4873 Ἐπεὶ
1552 4816 1610 4873 δε
1658 4827 1746 4874 καὶ

142 4912 173 4962 6
235 4916 332 4972 τῆς
395 4911 717 4984 προθεσμίας
773 4909 938 4961 ἐκάλει
1021 4912 1219 4984 καιρός,
1288 4910 1313 4960 ὁ
1379 4909 1547 4984 κῆρυξ
1598 4906 1746 4972 αὖθις

138 4998 476 5073 μετεκαλεῖτο
534 5001 618 5050 τόν
674 5000 935 5073 μάρτυρα.
1014 5000 1297 5072 Παραστὰς
1350 4998 1437 5050 οὖν
1490 5004 1580 5050 καὶ
1640 5003 1749 5068 μεί-

143 5089 281 5149 ζονα
339 5092 432 5146 τήν
489 5089 784 5161 προθυμίαν
837 5088 867 5147 ἡ
918 5092 1162 5162 πρότερον
1221 5089 1345 5161 ὑπερ
1390 5094 1623 5161 Χριστοῦ
1676 5086 1751 5139 ἐν·

148 5173 473 5249 δειξάμενος,
526 5177 674 5237 εὐθὺς
727 5174 913 5229 ἐκεῖθεν
967 5181 1059 5229 τὴν

146 5271 245 5317 καὶ
277 5265 406 5338 ξίφει
422 5269 515 5324 τήν
542 5264 765 5337 κεφαλήν
794 5265 1060 5338 ἀφῃρεῖτο.

1138 5177 1221 5229 ἐπὶ
1300 5178 1515 5229 θάνατον
1572 5180 1746 5248 ἤγετο,

1856 4820 1973 4874 Deo
2018 4816 2491 4889 obtemperando
2531 4831 2719 4886 quam
2761 4815 3110 4871 hominibus
3148 4817 3502 4887 adhtereret,

1856 4908 2220 4963 cohortatur.
2260 4905 2446 4961 Facile
2481 4905 2641 4960 enim
2672 4920 2810 4959 eum
2842 4904 2920 4959 ab
2950 4904 3049 4959 illo
3079 4905 3508 4972 confortatum,

1856 5013 1991 5069 quas
2025 4995 2285 5051 maxime
2324 4993 2709 5059 desideraret,
2745 5000 3205 5049 consecuturum
3241 5011 3394 5051 esse.
3438 4995 3507 5051 ll-

1856 5084 2102 5157 lumque
2152 5083 2234 5137 sic
2284 5098 2423 5138 cum
2470 5098 2617 5154 pace
2665 5081 2922 5137 dimittit.
2976 5083 3165 5154 Atque
3215 5083 3317 5138 ubi
3367 5099 3508 5139 con-

1859 5176 2127 5229 stitutum
2191 5176 2429 5227 vocaret
2493 5179 2749 5241 tempus,
2819 5176 2876 5225 et
2946 5186 3141 5241 praeco
3208 5177 3508 5244 matyrem

1858 5279 2100 5319 rursum
2132 5261 2358 5331 citaret,
2398 5259 2684 5316 assistens
2729 5258 2844 5323 ille,
2878 5260 3290 5332 majoremque
3320 5277 3509 5333 quam

150 5360 332 5411 antea
359 5371 465 5427 pro
497 5353 726 5411 Christo
750 5354 1116 5412 alacritatem
1143 5354 1494 5421 ostendens,
1527 5352 1827 5426 extemplo
1855 5352 1993 5409 inde
2020 5352 2100 5409 ad
2132 5355 2383 5407 mortem
2409 5355 2495 5405 est
2521 5348 2837 5413 abductus,
2871 5353 2928 5417 et
2957 5350 3149 5421 capite
3175 5353 3505 5408 truncatus.

229 5487 277 5521 ⁵⁸
306 5486 414 5542 Isa.
448 5502 601 5551 XLIII,
639 5490 721 5541 t9.

231 5603 309 5673 (1)
347 5606 484 5674 Τιμή
536 5605 616 5664 τίς
666 5599 776 5653 ἐστι
835 5602 977 5674 παρὰ
1027 5599 1297 5673 Ῥωμαίοις
1348 5604 1406 5653 τό
1458 5599 1654 5673 κλῆμα,
1696 5598 1757 5653 οὗ

152 5672 295 5737 τοὺς
324 5672 585 5749 τυχόντας
635 5678 794 5748 φασὶν
848 5672 1266 5750 ἑκατοντάρχους
1299 5672 1568 5744 γίνεσθαι,
1596 5678 1757 5728 τόπου

1870 5598 2245 5677 σχολάζοντος.
2287 5594 2501 5677 Euseb.
2546 5593 2648 5651 lib.
2691 5609 2807 5677 Ytt,_
2836 5609 2969 5677 cap.
3025 5595 3109 5649 l9.
3136 5592 3510 5677 .Spartianus

1868 5670 1939 5730 in
1955 5671 2217 5731 Adriano
2246 5670 2428 5728 vitem
2450 5682 2560 5741 pro
2585 5670 3001 5727 centurionatu
3024 5670 3259 5742 accipit.
