4036 6288
595 290 735 349 1159

1221 412 1448 469 CAPUT
1492 412 1623 469 XIV.

596 524 737 580 DeA
748 523 942 587 sterio,
958 526 1012 578 et
1024 520 1155 575 adm
1164 520 1383 577 iranda
1391 519 1679 589 ﬁdemque
1689 533 1917 575 omnem
1932 518 2247 575 excedente

977 594 1065 649 rei
1090 607 1197 663 per
1230 607 1352 648 eum
1384 601 1561 662 gestas
1594 590 1868 646 historia.

666 700 1191 757 Verumenimvero
1222 697 1501 763 Asterius,
1518 698 1603 752 vir
1618 698 1889 769 apprime
1908 698 2243 762 Deiamans,

589 795 828 847 senator
863 792 1187 858 Romanus,
1227 786 1389 842 claro
1428 786 1560 842 loco
1600 791 1797 851 natus,
1844 786 2150 857 copiosus,
2192 790 2248 841 et

588 894 813 949 magno
838 878 915 933 ab
947 875 1409 947 imperatoribus
1439 875 1500 930 in
1529 875 1718 946 pretio
1748 873 2010 939 habitus,
2046 873 2246 945 proin-

586 968 783 1040 deque
810 970 1050 1039 propter
1076 963 1446 1020 nobilitatem
1476 968 1532 1019 et
1557 979 1702 1035 opes
1725 964 1951 1020 nemini
1978 964 2243 1034 ignotus,

586 1057 759 1114 morti
821 1055 1095 1126 martyris
1143 1052 1315 1109 affuit
1371 1070 1382 1107 :
1436 1058 1491 1109 et
1542 1068 1681 1108 mox
1730 1052 2002 1123 pretiosis
2051 1051 2244 1108 allatis

586 1145 869 1209 vestibus,
921 1142 1199 1215 martyris
1240 1156 1459 1212 corpus
1488 1143 1547 1196 in
1593 1140 1878 1197 humeros
1912 1141 2239 1206 sublatum,

590 1240 647 1290 et
687 1234 880 1304 (sicuti
916 1232 1187 1302 decebat)
1231 1230 1589 1294 involutum,
1629 1245 1773 1286 sane
1817 1246 2003 1303 quam
2042 1230 2242 1302 splen-

585 1324 728 1380 dida
770 1329 828 1379 et
867 1321 1189 1393 magniﬁca
1235 1320 1514 1389 dignatus
1554 1324 1643 1375 est
1689 1320 2014 1390 sepultura.
2056 1320 2240 1388 Hujus

582 1415 692 1469 viri
723 1412 838 1469 alia
867 1427 1109 1484 quoque
1139 1410 1312 1481 plura
1344 1414 1484 1464 sunt
1515 1414 1853 1465 memoratu
1882 1409 2066 1478 digna
2097 1408 2239 1463 faci-

582 1518 752 1559 nora.
784 1500 956 1567 Quod
980 1516 1121 1555 vero
1150 1500 1201 1554 is
1234 1500 1512 1554 Caesareae
1546 1498 1817 1569 Philippi,
1850 1513 2035 1570 quam
2076 1498 2240 1553 Phae-

582 1592 746 1649 nices
776 1590 1107 1646 Paneadem
1138 1592 1372 1657 vocant,
1408 1586 1562 1652 fecit,
1596 1587 1812 1643 referre
1838 1588 1896 1642 in
1927 1587 2238 1643 historiam

580 1686 851 1738 nostram
899 1694 1019 1734 non
1060 1677 1551 1747 intempestivum
1594 1682 1685 1732 est
1727 1677 1945 1731 visum.
1998 1675 2238 1747 Propin-

1901 281 2294 342 NICEPHORI
2334 282 2658 343 CALLISTl
3749 294 3839 349 ll60

2276 414 2324 467 Α

2962 421 3203 471 ΚΕΦΔΛ.
3247 415 3343 470 ιε’.

2357 524 2508 593 Περὶ
2546 520 2885 597 Ἀστερίου
2917 526 3031 598 ’καὶ
3071 530 3186 598 τῆς
3244 524 3381 575 κατ’
3437 523 3609 577 αύτόν
3642 523 3847 598 παραδό-

2914 593 3021 656 ξου
3065 597 3377 669 ἱστορίας.

2427 697 2694 773 Ἀστέριος
2745 696 2805 753 δε
2850 701 3080 774 θεοφιλὴς
3133 700 3263 775 ἀνὴρ
3312 700 3363 763 ἐς
3414 704 3477 755 τὰ
3520 702 3732 774 μάλιστα,
3766 723 3854 777 συγ.

2354 784 2547 843 κλήτου
2596 807 2649 840 τε
2690 787 2890 860 βουλῆς
2931 790 3016 843 ἐπὶ
3059 792 3264 863 Ῥώμης
3301 795 3550 864 μετέχων,
3587 789 3791 863 διαφανής
3816 814 3851 847 τι

2352 873 2555 947 πλούτῳ
2592 882 2683 929 καὶ
2736 882 2868 949 γένει
2921 879 3274 953 περίϐλεπτος,
3336 877 3604 953 βασιλεῦσί
3644 899 3691 934 τε
3730 878 3851 954 διαμ-

2351 967 2540 1035 ρόντως
2589 972 2895 1039 τιμώμενος,
2948 967 3202 1041 εὐγενείας
3249 988 3303 1023 τε
3366 975 3451 1023 καὶ
3527 976 3778 1044 περιουσίας
3810 976 3850 1023 ιε-

2351 1072 2474 1105 νεκα
2525 1051 2714 1115 μηδενὶ
2768 1056 3133 1129 ἀγνοούμενος,
3189 1063 3365 1134 παρὼν
3420 1066 3482 1131 τῇ
3546 1059 3761 1112 τελειώσει
3793 1069 3850 1113 τιν

2351 1144 2633 1215 μάρτυρος,
2686 1144 2912 1209 ἕσθῆτας
2960 1146 3248 1209 πολυτελεῖς
3306 1146 3531 1219 ἀγαγὼν,
3575 1152 3627 1200 τό
3672 1168 3849 1223 μαρτυρία

2352 1233 2442 1282 κόν
2488 1231 2645 1286 ὶκείνο
2718 1242 2907 1298 σκῆνος
2959 1240 3211 1310 μετέωρον
3272 1235 3349 1289 ἐπ’
3404 1241 3551 1309 ὤμων
3602 1238 3729 1311 ἄρας,
3768 1238 3850 1308 lap-

2351 1325 2486 1392 πρᾶς
2524 1341 2658 1383 τινος
2694 1328 2785 1375 καὶ
2822 1327 3195 1398 προσηκούσης
3233 1325 3381 1387 ἠξίου
3425 1333 3605 1397 ταφῆς,
3645 1328 3701 1387 ὡς
3737 1332 3849 1397 χρείη

2353 1409 2696 1480 περιστείλας.
2761 1418 2865 1465 Τοῦ
2933 1410 2983 1466 δ’
3042 1414 3315 1487 Ἀστερίου
3366 1416 3545 1467 τούτου
3609 1413 3744 1466 πολλὰ
3793 1420 3849 1465 ui

2352 1496 2482 1549 ἄλλα
2511 1504 2719 1571 μνήμης
2768 1500 2891 1563 οἰξια
2921 1506 3147 1575 φέρεται.
3195 1502 3262 1556 ⁸⁸0
3315 1499 3374 1555 δέ
3413 1502 3551 1573 αύτῷ
3594 1502 3851 1575 πρᾶξαισυν-

2352 1583 2440 1644 έϐη
2503 1589 2587 1641 ἰπὶ
2652 1593 2745 1647 τὴν
2824 1591 3081 1644 Φιλίππου
3168 1594 3505 1662 Καισάρειαν,
3587 1591 3641 1649 ἣν
3694 1596 3850 1652 θοίναις

2352 1674 2598 1730 Πανεάδα
2638 1683 3144 1754 προσαγορεύουσιν,
3210 1681 3301 1734 ούκ
3350 1683 3560 1755 ἄκαιρον
3608 1680 3660 1732 ἂν
3708 1684 3768 1737 εἴη
3796 1686 3851 1733 ui

584 1786 771 1844 quum
809 1769 862 1825 ei
897 1768 1029 1823 urbi
1057 1772 1325 1823 montem
1353 1782 1485 1821 esse
1511 1766 1727 1831 ferunt,
1762 1766 1865 1837 qui
1897 1765 2119 1821 Panius
2148 1764 2235 1820 d1-

2350 1772 2413 1837 τῇ
2457 1773 2551 1827 τῆς
2606 1767 2840 1842 ἱστορίας
2890 1766 3223 1845 παραδοῦναι
3259 1779 3456 1845 γραφῇ.
3508 1770 3849 1842 ’Δγχίθυρονμο

585 1861 732 1915 citur
762 1876 774 1914 :
802 1858 979 1931 406
1002 1858 1075 1912 ad
1112 1855 1343 1910 radices
1368 1855 1499 1925 ejus
1528 1854 1719 1910 fontes
1749 1860 1888 1910 sunt
1908 1853 2236 1919 uberiores,

584 1949 747 2003 unde
797 1947 977 2003 etiam
1034 1945 1358 2001 Iordanem
1403 1942 1698 2015 proﬂuere
1742 1943 1968 1999 dicunt.
2021 1945 2085 1997 1n
2136 1957 2239 1997 eos

582 2038 802 2104 fontes,
836 2034 1026 2108 patrio
1059 2032 1326 2104 quodam
1360 2047 1524 2087 more
1557 2031 1776 2087 accolae
1809 2030 2028 2087 celebri
2058 2029 2241 2086 festo-

584 2141 700 2197 que
730 2124 823 2180 die
854 2120 1213 2191 congregati,
1256 2119 1559 2175 victimam
1592 2119 1854 2175 daamoni
1899 2119 2103 2175 nescio
2145 2118 2238 2174 cui

579 2214 869 2286 projicere
902 2210 1175 2267 solebant
1208 2226 1220 2264 :
1268 2225 1404 2281 quae
1444 2209 1609 2280 quod
1641 2208 1889 2264 miriﬁce
1920 2209 2238 2279 derepente

581 2302 637 2358 vi
668 2308 725 2358 et
748 2317 966 2373 operae
990 2300 1213 2355 fﬁcacis
1238 2299 1396 2353 illius
1420 2297 1715 2353 daemonis
1738 2297 2107 2369 disparebat,
2131 2311 2240 2368 pro

583 2392 872 2448 miraculo
907 2390 1131 2458 ingenti
1172 2389 1398 2460 ubique
1438 2402 1510 2442 ea
1547 2402 1643 2441 res
1683 2392 1771 2443 est
1811 2386 2128 2444 celebrata.
2174 2386 2242 2441 Et

581 2498 721 2538 cum
759 2478 1089 2552 aliquando
1128 2478 1210 2533 ibi
1243 2477 1478 2533 adesset
1518 2478 1807 2544 Asterius,
1841 2476 2135 2547 simulque
2178 2474 2235 2530 id

581 2570 748 2643 quod
791 2569 969 2625 ﬁebat
1016 2567 1260 2633 videret,
1308 2566 1707 2638 hominesque
1749 2580 1821 2621 eo
1868 2563 2238 2620 consternari

583 2659 1099 2723 animadverteret,
1149 2656 1469 2711 miseratus
1520 2656 1781 2726 primum
1830 2670 2095 2710 errorem
2142 2668 2240 2709 eo-

581 2764 738 2818 rum,
761 2746 996 2811 deinde,
1024 2744 1273 2801 sublatis
1298 2744 1358 2799 in
1387 2743 1604 2800 coelum
1639 2743 1941 2810 manibus,
1974 2758 2112 2798 eum
2135 2746 2237 2814 qui

581 2843 670 2895 est
710 2828 889 2907 super
926 2834 1132 2891 omnia
1174 2836 1349 2899 Deus,
1394 2834 1656 2898 invocat,
1710 2836 1771 2887 ut
1798 2848 1937 2888 cum
1969 2833 2238 2889 seducto-

580 2944 709 2985 rem
734 2924 941 2999 populi
968 2924 1308 2978 daemonem
1335 2922 1500 2978 illum
1528 2922 1702 2993 aquis
1724 2922 2095 2977 innatantem
2118 2922 2238 2978 dis-

578 3016 843 3089 pelleret,
876 3018 999 3069 tum
1034 3012 1243 3067 fraude
1268 3018 1325 3067 et
1363 3026 1561 3067 errore
1605 3015 1768 3066 tanto
1808 3010 2065 3066 miseros
2105 3011 2236 3067 illos

2348 1857 2449 1927 γὰρ
2480 1863 2541 1928 τῇ
2585 1855 2731 1910 πόλει
2770 1863 2900 1930 φασὶ
2950 1862 3009 1911 τό
3056 1862 3174 1933 ὅρος
3221 1860 3351 1913 εἶναι
3380 1860 3407 1911 ὃ
3438 1861 3614 1913 Πάνιον
3661 1858 3845 1925 lilium,

2348 1947 2479 2017 πρὸς
2526 1941 2585 1997 δε
2612 1953 2727 2008 ταῖς
2771 1948 3047 2020 ὑπωρείαις
3088 1951 3277 2002 τούτου
3311 1956 3403 2001 τοῦ
3461 1953 3600 2023 ὄρους
3622 1950 3761 2018 πηγὰς
3794 1966 3844 2017 με·

2348 2037 2539 2103 γίστας
2570 2033 2976 2091 ἁναδείκνυσθαι
3015 2054 3030 2069 ο
3067 2042 3159 2091 καὶ
3207 2034 3448 2113 Ἰορδάνῃ
3486 2038 3626 2108 λόγος
3667 2040 3715 2089 τό
3741 2036 3844 2110 ῥεῦμα

2348 2124 2691 2195 προχεῖσθαι.
2752 2124 2833 2178 Ἐν
2883 2122 2950 2184 δὴ
3008 2133 3122 2189 ταῖς
3174 2133 3373 2199 πηγαῖς
3419 2130 3642 2195 ταύταις,
3692 2128 3789 2176 κατὰ
3814 2142 3841 2173 τι

2348 2212 2568 2283 πάτριον
2620 2214 2753 2280 ἔθος,
2814 2214 2997 2286 ἑορτῆς
3045 2216 3216 2288 ἡμέρᾳ
3276 2217 3321 2267 οἱ
3382 2219 3629 2287 περίοικοι
3678 2212 3838 2286 ἀθροιζό-

2349 2319 2510 2372 μενοι,
2574 2305 2793 2374 σφάγιον
2865 2300 3079 2375 δαίμονί
3131 2324 3233 2357 τινι
3304 2305 3427 2358 καθ’
3481 2302 3661 2365 ὕδατος

2349 2408 2529 2446 πτουν.
2560 2388 2627 2443 Ὃ
2676 2388 2743 2450 δὴ
2794 2395 2939 2466 παρὰ
2991 2389 3151 2456 δόξαν
3191 2392 3376 2466 ἀφανὲς
3401 2390 3463 2453 ἦν
3505 2402 3565 2465 τῇ
3597 2390 3832 2464 δυνάμεωιέ

2350 2481 2693 2553 ἐνεργοῦντος.
2762 2487 2862 2534 Καὶ
2921 2483 3096 2554 θαῦμα
3154 2481 3464 2555 περιϐόητον
3528 2484 3824 2553 ἁπανταχοῡτι

2347 2574 2612 2641 γινόμενον
2692 2572 3019 2645 ἑκηρύττετο.
3095 2570 3235 2626 Ἐπεὶ
3303 2568 3366 2625 δέ
3444 2590 3567 2625 ποτε
3613 2576 3754 2645 παρὼν
3785 2574 3819 2617 ei

2350 2657 2642 2732 Ἀστέριος,
2680 2662 2738 2711 τό
2776 2678 2831 2712 τε
2857 2664 3121 2731 γινόμενον
3168 2656 3294 2727 εἶδε,
3353 2665 3445 2714 καὶ
3491 2664 3604 2723 τοὺς
3654 2660 3821 2723 ἔπιπτε

2349 2742 2417 2805 δὴ
2485 2747 3005 2820 καταπληττομένους
3056 2745 3266 2821 διέγνω,
3314 2753 3530 2822 ᾤκτειρέ
3571 2768 3620 2802 τε
3662 2755 3735 2809 τῆς
3759 2746 3829 2796 rli-

2345 2855 2434 2897 νης
2470 2850 2485 2865 ⁸
2518 2834 2629 2889 εἶτα
2664 2842 2755 2889 καὶ
2797 2844 2986 2912 χεῖρας
3015 2837 3087 2900 εἰς
3134 2838 3384 2912 οὐρανοὺς
3436 2838 3680 2911 ἀνασχὼν,
3711 2834 3830 2889 τὸνέτί

2344 2928 2548 2978 πάντων
2599 2926 2766 2979 ὶκάλει
2820 2930 2967 2990 Θεὸν,
3024 2932 3112 2980 τόν
3159 2947 3213 2981 τε
3257 2927 3544 2983 λαοπλάνον
3598 2924 3761 2999 δαίμονι
3787 2929 3824 2988 ri

2345 3010 2507 3067 ύδατι
2562 3014 2936 3088 ἓπινηχόμενον
3001 3015 3212 3088 ἀπελᾷν,
3265 3016 3542 3081 κάκείνους
3588 3025 3672 3078 τῆς
3704 3014 3816 3070 ἑπέτις

581 3106 879 3161 liberaret.
905 3104 968 3160 Et
989 3101 1082 3157 ille
1104 3101 1349 3173 quidem
1373 3099 1456 3155 sic
1482 3099 1695 3156 orabat
1719 3116 1732 3165 ;
1756 3099 2071 3156 confestim
2094 3117 2235 3158 vero

2346 3103 2658 3177 ἱλευθεροῦν.
2695 3109 2796 3158 Καὶ
2826 3106 2852 3157 ό
2902 3107 2993 3178 μεν
3039 3108 3239 3178 ηὔχετο
3270 3124 3283 3137 ο
3336 3106 3538 3181 ἁθρόως
3568 3105 3623 3161 δε
3646 3109 3690 3159 τὸ
3714 3107 3813 3175 iretis

578 3194 777 3252 hostia
805 3192 906 3248 illa
943 3194 1345 3263 supernatans
1374 3189 1633 3246 emersit.
1666 3189 1751 3245 Ita
1790 3190 2147 3246 miraculum
2175 3190 2234 3246 id

579 3283 1018 3353 hominumque
1060 3280 1136 3335 de
1185 3294 1255 3335 eo
1297 3282 1648 3351 portentosa
1687 3278 1915 3350 opinio,
1953 3278 2105 3335 adeo
2144 3285 2237 3337 est

581 3372 838 3437 sublata,
878 3376 938 3425 ut
977 3369 1262 3441 deinceps
1302 3367 1447 3424 nihil
1480 3367 1815 3441 quidquam
1846 3368 2149 3439 ejusmodi
2172 3369 2235 3426 in

579 3477 652 3520 eo
681 3462 816 3518 loco
847 3460 923 3515 sit
953 3459 1199 3516 factum.

1206 3562 1440 3622 CAPUT
1487 3564 1576 3620 XV
1590 3608 1603 3622 .

573 3678 662 3735 De
680 3678 881 3733 statua
901 3672 1133 3729 Domini
1160 3673 1354 3727 nostri
1369 3670 1507 3728 Iesu
1530 3670 1755 3729 Christi
1774 3672 1835 3727 in
1857 3671 2146 3741 Paneade,
2176 3678 2232 3731 et

790 3762 855 3803 ea
887 3762 1011 3818 qum
1032 3744 1114 3801 ad
1141 3745 1298 3800 hanc
1324 3750 1582 3799 statuam
1604 3744 1786 3800 crevit
1814 3743 2013 3801 herba.

648 3923 1149 3996 Quandoquidem
1170 3925 1368 3977 autem
1388 3920 1678 3976 Paneadis
1698 3921 2102 3987 meminimus,
2122 3938 2231 3979 nec

575 4014 761 4073 aliam
799 4013 1133 4083 quamdam
1168 4010 1472 4066 historiam
1504 4010 2073 4081 praetermittendam
2102 4027 2230 4069 esse

572 4105 880 4168 duximus,
925 4101 1172 4173 dignam
1216 4100 1378 4154 illam
1416 4114 1552 4171 quae
1590 4099 1663 4153 sit
1692 4099 1753 4153 in
1784 4114 1885 4154 ore
1923 4101 2227 4157 omnibus.

572 4197 654 4250 Ex
678 4194 791 4249 hac
813 4193 974 4247 enim
1003 4192 1148 4246 urbe
1172 4189 1336 4244 fama
1360 4188 1467 4244 fert
1488 4193 1680 4244 ortam
1711 4187 1893 4243 fuisse
1922 4190 2230 4247 mulierem

570 4284 737 4340 illam
776 4282 877 4354 (1),
920 4296 1105 4352 quam
1155 4277 1470 4347 sanguinis
1510 4277 1807 4349 proﬂuvio
1850 4278 2230 4336 laborantem

570 4371 827 4428 ﬁmbriae
860 4369 1070 4425 Christi
1099 4372 1355 4424 attractu
1388 4366 1765 4422 sanationem
1789 4367 2060 4437 rapuisse
2080 4368 2228 4423 divi-

570 4476 789 4519 norum
836 4457 1293 4528 Evangeliorum
1333 4460 1582 4511 testatur
1626 4455 1949 4527 Scriptura.
1996 4455 2079 4511 lbi
2127 4457 2231 4513 do-

2341 4460 2427 4513 ἀπ’
2456 4460 2619 4524 αὐτῆς
2649 4460 2808 4514 εἰσέτι
2857 4466 2948 4514 καὶ
2988 4464 3075 4514 τὸν
3120 4460 3257 4515 οἰκον
3310 4461 3474 4536 ἐκείνη
3518 4448 3724 4535 περιφανῆ
3759 4448 3816 4503 δίί·

572 4567 710 4606 mus
733 4563 977 4621 quoque
1003 4547 1131 4619 ejus
1163 4544 1487 4615 magniﬁca
1512 4544 1707 4599 adhuc
1737 4545 1865 4600 visa
1884 4550 1991 4611 est,
2027 4546 2137 4600 sim
2150 4545 2230 4603 ul-

568 4657 687 4714 que
711 4637 1142 4696 admirandum
1164 4641 1461 4708 tropaeum
1481 4639 1538 4689 et
1552 4639 2012 4690 monumentum
2031 4635 2229 4691 collati

564 4730 627 4787 in
654 4746 790 4786 eam
820 4727 1094 4784 beneﬁcii
1122 4724 1448 4782 Servatoris
1478 4724 1832 4796 permansit.
1863 4725 1975 4780 Pro
2003 4724 2229 4780 foribus

564 4833 833 4891 namque
853 4817 1072 4872 domus
1087 4814 1138 4885 ej
1152 4830 1219 4868 us
1236 4814 1293 4868 in
1316 4811 1601 4868 columna
1618 4812 1887 4884 quadam
1906 4828 2075 4869 terere
2095 4800 2229 4869 dum

569 4912 782 4963 statuas
807 4905 1048 4960 stabant
1079 4901 1366 4957 sublimes
1398 4920 1411 4958 :
1442 4916 1699 4972 quarum
1732 4900 1936 4965 altera,
1976 4901 2230 4971 genibus

573 4995 762 5060 ﬂexis,
797 4992 1202 5063 manibusque
1228 4988 1539 5061 protensis,
1572 4988 1809 5043 feminae
1836 4988 2067 5055 habitu,
2095 5006 2232 5061 sup-

568 5085 846 5159 plicantis
877 5083 1092 5138 faciem
1124 5095 1246 5152 pra;
1277 5095 1338 5135 se
1374 5078 1504 5133 tulit
1534 5094 1547 5132 :
1582 5077 1769 5133 altera
1795 5083 1995 5133 autem
2024 5094 2096 5134 ex
2128 5078 2231 5134 ad-

565 5191 741 5232 verso
787 5172 1097 5235 collocata,
1141 5170 1369 5225 directo
1414 5169 1523 5223 viri
1558 5172 1741 5236 statu,
1791 5167 2058 5240 diploide
2090 5184 2227 5224 cum

566 5264 799 5321 decenti
820 5262 1088 5335 quadam
1104 5259 1392 5330 gravitate
1417 5256 1637 5324 amicti,
1654 5271 1904 5312 manum
1930 5256 2227 5313 inclinatas

566 5354 809 5411 feminae
839 5351 1144 5425 porrigere
1176 5349 1302 5403 visa
1331 5352 1442 5403 est.
1477 5346 1565 5400 Ad
1596 5345 1777 5416 hujus
1808 5350 1987 5418 pedes
2017 5347 2079 5402 in
2107 5352 2226 5402 sta-

650 5515 728 5639 st)
753 5512 959 5568 Mulier
990 5508 1300 5594 sanguinis
1324 5504 1617 5578 proﬂuvio
1641 5504 1924 5563 laborans
1943 5507 2005 5562 in
2035 5508 2221 5563 Evan-

678 5600 758 5639 ιο.
801 5582 1181 5639 Caesariensis
1218 5578 1349 5636 fuit.
1393 5580 1475 5635 Ea
1510 5584 1970 5637 monumentum
2005 5584 2064 5637 et
2106 5582 2221 5638 sta-

574 5578 758 5661 gelio,
801 5578 1181 5642 Caesariensis
1218 5578 1349 5636 fuit.
1393 5580 1475 5635 Ea
1510 5584 1970 5637 monumentum
2005 5584 2064 5637 et
2106 5582 2224 5638 sta-

2346 3193 2629 3255 ἕπεπόλαζε
2670 3201 2782 3256 ταῖς
2851 3202 3071 3266 πηγαῖς,
3144 3198 3318 3270 ὥσπερ
3384 3194 3731 3269 διανηχόμεναι.
3760 3192 3821 3244 Καὶ

2345 3286 2403 3335 τό
2444 3285 2619 3356 θαῦμα
2655 3288 2746 3337 καὶ
2795 3287 2854 3336 τὸ
2908 3287 2991 3338 ἐπὶ
3036 3288 3204 3358 τούτῳ
3241 3284 3543 3359 παράδοξον
3579 3282 3826 3345 διελύετθ,ὸς

2344 3369 2484 3446 μηδε
2529 3380 2625 3427 τοῦ
2690 3374 2875 3427 λοιποῦ
2929 3378 3161 3429 τοιοῦτόν
3214 3394 3267 3429 τι
3313 3378 3620 3449 γεγενῆσθαι
3668 3376 3750 3446 περὶ
3777 3374 3827 3421 τὸν

2342 3479 2442 3515 τοπ
2444 3480 2499 3514 ον
2505 3503 2518 3516 .

2957 3572 3199 3626 ΚΕΦΑΛ.
3229 3569 3326 3626 IE'.

2342 3679 2671 3762 Περὶ-τῆξ
2733 3673 2790 3727 ἓν
2828 3673 3143 3762 -Πανεάδι
3175 3678 3459 3762 ⁹στήλης
3520 3678 3815 3762 τίω-Κύρεις

2412 3748 2585 3819 ἡμῶν
2634 3748 2850 3822 Ἰησοῦ
2907 3748 3219 3822 Χριστοῦ,
3268 3755 3512 3811 καὶτῆς
3547 3749 3817 3817 iniec?"

2411 3817 2604 3891 μίνης
2642 3817 2938 3893 βοτάνης.

2412 3924 2554 3978 Ἐπεὶ
2604 3922 2663 3978 δε
2704 3933 2798 3988 τῆς
2847 3922 3112 3989 Πανεάδος
3142 3929 3429 3999 ἱμνήσθην,
3458 3927 3547 3981 ούκ
3590 3926 3707 3989 ἄξιον
3743 3916 3821 3991 οἶμαι

2339 4011 2705 4089 παραδραμεῖν
2756 4020 2847 4067 καί
2890 4034 3006 4067 τινα
3071 4015 3245 4089 ἑτέραν
3308 4013 3582 4089 διήγησιν,
3629 4020 3732 4067 πᾶσι
3774 4006 3821 4060 σ’ιέ

2344 4109 2600 4177 στόματος
2665 4107 2912 4178 φέρεσθαι
2973 4104 3134 4157 οὖσαν
3193 4104 3367 4168 ἀξίαν.
3427 4108 3512 4160 Ἐκ
3559 4107 3643 4179 γάρ
3690 4120 3746 4153 τοι
3774 4103 3820 4151 τες

2340 4194 2533 4255 πόλεως
2576 4196 2773 4256 ταύτης
2843 4193 2996 4266 λόγος
3056 4196 3167 4266 ἔχει
3240 4200 3335 4254 τὴν
3394 4196 3652 4270 αίμόρῥουν
3701 4192 3818 4242 ἰχώρ

2341 4282 2606 4356 ὁρμᾶσθαι
2639 4302 2652 4316 ’
2695 4283 2755 4342 ἦν
2784 4291 3019 4359 Χριστοῦ
3057 4281 3341 4357 κρασπέδῳ
3393 4286 3606 4343 συλῆσαι
3636 4286 3707 4339 τήν
3738 4280 3818 4327 ἵεσο

2340 4374 2369 4429 ἠ
2437 4381 2536 4425 τῶν
2593 4358 2740 4425 θείων
2800 4358 3123 4445 Εγύαγγελίων
3182 4370 3435 4427 διδάσκει
3484 4378 3651 4450 γραφή-
3692 4360 3818 4450 [⁸³17.

2339 4552 2600 4602 κνυσθαι·
2632 4554 2721 4603 καὶ
2755 4557 2851 4611 τῆς
2902 4549 2979 4602 ἐπ’
3031 4550 3161 4623 αὐτῇ
3219 4558 3312 4603 τοῦ
3356 4559 3583 4624 Σωτῆρος
3624 4544 3815 4618 city/“iii

2341 4641 2621 4711 θαυμαστὰ
2672 4643 2898 4712 τρόπαια
2961 4644 3288 4713 παραμένειν.
3360 4644 3498 4716 Πρὸς
3548 4641 3634 4709 γὰρ
3672 4630 3719 4689 δὲ
3752 4631 3815 4681 ταῖς

2336 4727 2526 4789 πύλαις
2554 4734 2647 4779 τοῦ
2676 4729 2821 4780 οἴκου
2866 4730 3059 4790 ταύτης
3108 4727 3195 4781 ἕπί
3238 4748 3379 4792 τινος
3433 4733 3589 4789 κίονος
3626 4724 3814 4797 μετιένρηῖ
3902 4738 3911 4797 1

2342 4811 2532 4872 στήλας
2583 4811 2794 4865 ἑστάναι
2826 4808 2944 4879 δύο,
3001 4817 3346 4886 πεποιημένας
3384 4813 3579 4886 χαλκοῦ
3608 4826 3619 4841 ⁸
3651 4808 3701 4859 ὧν
3719 4803 3811 4871 ire:

2338 4903 2428 4972 μεν
2472 4899 2556 4953 ἐπὶ
2602 4904 2727 4972 γόνυ
2784 4902 3051 4974 κεκλιμένη
3100 4901 3260 4970 ἐστὶν,
3313 4903 3385 4965 εἰς
3422 4897 3720 4975 τοῦμπροσθεν
3754 4905 3811 4939 πυ
3886 4918 3895 4975 ξ

2338 5007 2503 5041 νουσα
2531 4996 2736 5061 χεῖρας,
2787 4994 2875 5042 καὶ
2914 4993 2983 5052 ὡς
3031 4991 3136 5043 οἷον
3191 4990 3349 5044 εἰπεῖν
3400 4992 3678 5043 ἱκετεύουσα.
3717 4982 3809 5061 [ντε-

2338 5078 2425 5139 κός
2487 5058 2567 5131 δί
2595 5058 2723 5131 εἶναι
2760 5082 2818 5131 τὸ
2868 5082 3086 5132 ἔκτυπον
3136 5080 3166 5137 ἡ
3207 5078 3376 5153 γλυφὴ
3442 5075 3656 5132 δίδωσιν.
3699 5069 3738 5120 Ἡ
3776 5058 3806 5112 δί

2340 5166 2467 5225 ἄλλη
2520 5172 2834 5242 καταντικρὺ
2892 5168 3101 5221 ἑστῶσα
3152 5168 3201 5231 ἔς
3250 5171 3424 5242 ὄρθιον
3466 5163 3634 5239 ἀνδρὸς
3676 5163 3801 5229 alii“

2340 5253 2593 5309 διπλοΐδα
2670 5262 2902 5329 κοσμίως
2957 5256 3383 5331 περιϐεϐλημένη,
3440 5264 3588 5330 χεῖρα
3640 5253 3735 5303 ἔοικε
3769 5243 3798 5291 τε

2334 5351 2546 5417 γυναικὶ
2582 5352 2860 5422 προτείνειν
2912 5346 3180 5420 κλινούση,
3233 5350 3431 5401 Τούτου
3478 5343 3525 5399 δ’
3567 5346 3608 5396 ἓν
3649 5343 3726 5395 τοῖς
3753 5345 3793 5378 π’

3914 4227 3919 4339 1

3914 4358 3917 4467 1

3913 4482 3915 4595 1

3910 4612 3913 4725 1

2333 5514 2498 5583 tuam
2522 5507 2749 5583 Christo
2772 5508 3056 5568 Cassarees
3097 5524 3208 5583 pro
3239 5510 3456 5567 aedium
3485 5514 3688 5563 suarum
3718 5490 3785 5550 Ῑοιτ·
3884 5492 3887 5575 ξ

2330 5579 2447 5637 bus
2472 5580 2679 5641 erexit.
