4036 6288
167 305 296 359 1161

1194 296 1758 355 ECCLESIASTICIE
1796 298 2163 356 HISTORIA!
2201 302 2338 361 LIB.
2380 301 2475 358 VI.

3375 304 3516 362 1162

168 433 249 480 σὶν
305 430 386 480 ἐπὶ
429 433 522 478 τοῦ
589 425 804 500 ὕπερθεν
865 424 956 484 τῆς
1012 423 1211 486 στήλης
1269 420 1468 496 βάθρου
1534 421 1755 496 βοτάνην

1871 430 1984 479 tuae
2011 425 2202 496 ipsius
2230 426 2363 483 basi
2387 425 2576 482 herba
2605 440 2942 483 excrescere
2967 426 3068 498 (l),
3102 443 3239 500 quae
3268 443 3409 484 cum
3437 427 3519 485 ad

167 519 276 588 ἔχει
330 517 477 588 λόγος
531 515 841 587 ἕκφύεσθαι·
903 517 963 572 ἣν
997 510 1065 571 δὴ
1113 515 1248 584 ἄχρι
1309 520 1401 565 τοῦ
1456 509 1758 586 κρασπέδου

165 614 258 667 τῆς
306 615 396 657 τοῦ
432 604 637 676 χαλκοῦ
695 600 971 663 διπλοΐδος
1030 601 1297 666 ἀνιοῦσαν,
1350 603 1544 660 ἣκιστα
1583 621 1760 675 περαι-

164 701 288 769 τέρω
333 695 644 768 προϐαίνειν.
706 696 912 751 Ταύτην
971 689 1020 744 δ’
1078 693 1166 744 οἰτε
1217 698 1307 744 τοῦ
1367 694 1502 766 ἱεροῦ
1565 692 1758 744 ἐκείνου

161 781 462 858 κρασπέδου
538 786 790 855 ἡμμένην,
866 782 1275 855 ἀλεξιφάρμακον
1355 785 1607 833 παντοίων
1680 799 1760 832 νο-

167 877 412 947 σημάτων
457 875 834 926 καθίστασθαι.
879 875 978 924 Τόν
1025 868 1074 922 δ’
1126 868 1412 945 ἀνδριάντα
1463 878 1642 922 τοῦτον
1689 870 1758 932 εἰς

163 971 397 1038 Χριστοῦ
448 972 638 1035 σχῆμα
682 958 1012 1032 διαχυθῆναι
1041 963 1186 1034 παρὰ
1219 968 1314 1022 τῆς
1353 959 1756 1034 αἱμορροούσης,

163 1053 362 1114 ἀληθὴς
410 1060 670 1105 κατιοῦσα
721 1051 771 1112 ἐς
814 1053 947 1121 ἡμᾶς
1001 1052 1206 1122 ἱστορία
1253 1046 1572 1124 παρέδωκεν,
1604 1051 1634 1108 ἡ
1687 1045 1754 1106 δὴ

160 1147 251 1194 καὶ
298 1147 458 1217 μέχρι
519 1150 617 1194 τῶν
673 1147 876 1215 χρόνων
924 1145 1220 1211 παρέμεινεν
1282 1139 1588 1192 Ἰουλιανοῦ.
1659 1141 1759 1190 Καὶ

160 1237 335 1284 καινὸν
391 1229 541 1284 οὐδὲν
593 1235 712 1292 τοὺς
768 1231 931 1282 πάλαι
976 1232 1104 1301 πρὸς
1183 1236 1274 1280 τοῦ
1331 1236 1562 1300 Σωτῆρος
1613 1229 1758 1297 ἡμῶν

162 1320 360 1392 ἀγαθοῦ
416 1339 554 1382 τινος
591 1325 950 1392 μετασχόντας
991 1325 1208 1371 τοιαῦτα
1246 1325 1319 1388 τῷ
1369 1324 1568 1389 Σωτῆρι
1615 1315 1758 1387 ἀμεί-

157 1409 388 1481 ψασθαι.

747 1613 992 1668 ΚΕΦΑΛ.
1037 1603 1162 1687 ις’.

160 1716 313 1786 Περὶ
357 1721 474 1764 τῶν
521 1720 776 1785 μορφῶν
825 1721 942 1763 τῶν
985 1710 1179 1783 ἁγίων
1218 1707 1613 1786 ἀπρστόλων,
1651 1710 1756 1759 καὶ

260 1779 366 1836 τοῦ
437 1777 669 1857 θρόνου
731 1777 1045 1837 Ἰακώϐου
1087 1788 1198 1834 τοῦ
1253 1777 1664 1852 ἁδελφοθέου.

231 1891 397 1946 Ὀπου
449 1912 508 1964 γε
558 1897 648 1944 καὶ
700 1900 798 1944 τῶν
858 1893 1001 1964 ἱερῶν
1056 1889 1213 1941 αὑτοῦ
1267 1888 1512 1958 μαθητῶν
1561 1889 1754 1957 Πέτρου

156 1988 251 2035 καὶ
293 1982 496 2035 Παύλου
544 1984 639 2042 τὰς
677 1981 894 2044 εἰκόνας,
951 1982 1027 2031 ἔτι
1081 1974 1139 2030 δὲ
1186 1981 1275 2029 καὶ
1319 1975 1480 2028 αὐτοῦ
1517 1980 1755 2050 Χριστοῦ

157 2077 250 2124 καὶ
310 2079 404 2133 τῆς
453 2071 606 2123 αύτόν
650 2073 903 2129 τεκούσης
945 2069 1234 2141 ὑπερφυῶς,
1291 2064 1338 2117 ἐν
1390 2073 1559 2140 γραφῇ
1616 2083 1757 2136 χρω-

158 2164 334 2235 μάτων
400 2161 472 2223 εἰς
533 2157 686 2233 δεῦρο
756 2159 1053 2230 σωζομένας
1130 2156 1375 2217 πλείστας
1450 2153 1753 2225 ἀνέγνωμεν,

159 2257 342 2304 Λουκᾶ
395 2253 484 2323 μὲν
540 2257 628 2302 τοῦ
692 2246 982 2301 ἀποστόλου
1034 2252 1252 2321 πρώτως
1317 2245 1479 2305 αὐτὰς
1535 2241 1757 2314 ἀκριϐῶς

160 2337 379 2400 εἰδυίαις
416 2341 630 2414 γράφειν
667 2342 856 2411 χερσὶν
909 2339 1302 2406 ἱστορήσαντος,
1343 2337 1431 2384 καὶ
1482 2340 1573 2384 τοῦ
1603 2334 1755 2407 ἔργου

159 2429 548 2502 κατάρξαντος·
604 2431 779 2480 ἔπειτα
810 2423 868 2478 δὲ
917 2430 1006 2477 καὶ
1047 2433 1142 2476 τῶν
1190 2423 1352 2475 ἄλλων
1385 2421 1621 2497 ἀρχαίων
1674 2419 1757 2470 ἀν-

163 2517 301 2594 δρῶν
350 2521 412 2579 ὡς
465 2518 599 2579 εἰκός
652 2518 737 2569 οἶα
773 2523 1031 2586 σωτῆρας,
1073 2515 1246 2584 ἐθνικῇ
1284 2533 1387 2564 τινι
1425 2514 1570 2582 τάχα
1602 2528 1758 2566 συνη-

165 2611 279 2680 θείᾳ
323 2605 684 2672 δουλευόντων,
740 2610 829 2657 καὶ
878 2612 1058 2657 τοῦτον
1109 2599 1175 2660 δὴ
1220 2605 1306 2654 τὸν
1359 2605 1548 2675 τρόπον
1600 2604 1755 2669 τιμᾷν

519 2701 609 2748 καὶ
664 2693 1112 2766 ἁπαραφυλάκτως
1167 2693 1247 2762 (2)
1299 2687 1574 2762 διενεργεῖν
1615 2689 1755 2739 τοῦτ’

1571 2777 1757 2830 ἐκεῖθεν

167 2697 411 2749 εἰωθότων
443 2714 455 2725 ·

171 2786 292 2838 αύτὸ
360 2781 806 2859 παραδεδωκότων
841 2804 853 2814 '
910 2783 1029 2856 ὅπερ
1107 2783 1135 2839 ἡ
1219 2779 1505 2837 Ἐκκλησία

170 2873 410 2942 λαϐοῦσα,
478 2875 546 2935 εἰς
609 2878 744 2947 μέγα
796 2893 848 2924 τε
888 2871 1085 2934 ηὔξησε
1116 2874 1205 2921 καὶ
1236 2865 1480 2934 ἐπέδωκε,
1515 2875 1647 2920 Θεοῦ
1699 2869 1757 2919 τό

166 2967 308 3039 ἔργον
354 2965 789 3037 οἰκονομήσαντος
819 2982 830 2994 ·
885 2963 941 3013 ού
991 2963 1192 3033 μορφὰς
1233 2955 1290 3012 δὲ
1315 2963 1468 3032 μόνον
1515 2962 1604 3010 καὶ
1629 2963 1758 3016 στή-

160 3054 273 3119 λας,
333 3052 458 3106 ἀλλὰ
509 3059 598 3106 καὶ
644 3052 811 3106 πέπλα
871 3056 959 3103 καὶ
1022 3047 1254 3125 ῥάϐδους
1311 3054 1400 3100 καὶ
1461 3043 1759 3118 σκίμποδας

1869 513 2170 571 ﬁmbriam
2222 531 2390 571 aerem
2435 515 2716 588 diploidis
2774 516 3132 587 pertigisset,
3163 532 3286 573 non
3337 517 3516 573 altius

1868 603 2362 674 progrediebatur
2393 623 2404 662 :
2441 619 2698 676 eamque
2729 603 2909 659 veluti
2939 620 3172 660 sacram
3213 604 3516 662 ﬁmbriam

1868 697 2120 761 tangens
2148 692 2268 758 illa,
2303 708 2565 766 praesens
2597 695 2882 748 adversus
2921 708 3101 749 omne
3141 709 3330 762 genus
3363 709 3519 750 mor-

1866 780 2082 837 borum
2115 781 2698 838 auxiliumhabuissc
2725 782 2884 851 dicta
2905 787 3016 838 est.
3044 781 3220 855 407
3246 785 3518 840 Statuam

1867 885 2047 942 porro
2077 871 2250 926 istam
2283 887 2318 925 a
2349 871 2595 926 muliere
2627 870 2724 926 illa
2757 866 3066 940 sanguinis
3103 872 3399 944 proﬂuvio
3427 872 3520 930 la-

1865 959 2134 1029 borante,
2168 959 2246 1015 ad
2269 960 2481 1016 Christi
2519 960 2778 1016 formam
2809 967 2864 1015 et
2888 961 3164 1016 habitum
3191 960 3518 1017 conﬂatam

1867 1062 2016 1113 esse,
2059 1063 2202 1104 vera
2231 1054 2533 1121 certaque,
2561 1065 2698 1120 quas
2715 1048 2794 1104 ad
2809 1064 2920 1105 nos
2946 1049 3236 1122 pervenit,
3263 1049 3519 1107 historia

1867 1137 2129 1192 tradidit.
2171 1140 2362 1209 Atque
2401 1154 2474 1194 ea
2501 1137 2581 1193 ad
2610 1137 2822 1194 Iuliani
2866 1153 3055 1209 usque
3086 1143 3360 1211 tempora
3388 1155 3518 1212 per-

1867 1224 2125 1281 duravit.
2157 1226 2360 1297 Neque
2388 1227 2540 1282 adeo
2568 1227 2789 1282 mirum
2822 1226 3009 1283 videri
3047 1227 3246 1295 debet,
3287 1229 3395 1300 qui
3414 1227 3516 1284 ali-

1867 1314 2013 1385 quid
2043 1315 2315 1370 beneﬁcii
2347 1315 2491 1371 olim
2529 1331 2567 1372 a
2617 1316 2925 1372 Servatore
2959 1320 3164 1372 nostro
3209 1332 3514 1388 accepere,

1867 1419 1970 1458 eos
1991 1419 2096 1474 per
2111 1405 2414 1474 ejusmodi
2428 1409 2822 1461 monumenta
2842 1405 2993 1476 grati
3005 1420 3150 1477 erga
3165 1421 3305 1462 eum
3326 1405 3518 1463 animi

1867 1491 2226 1548 memoriam
2254 1491 2587 1564 reliquisse.

2483 1598 2712 1656 CAPUT
2763 1600 2892 1656 XVI.

1865 1705 1947 1761 De
1973 1705 2173 1776 ﬁgura
2202 1710 2255 1762 et
2279 1705 2483 1775 forma
2510 1712 2849 1762 sanctorum
2882 1707 3310 1776 apostolorum,
3361 1713 3415 1765 et
3445 1708 3520 1765 de

2199 1778 2415 1834 throno
2445 1778 2652 1834 Jacobi
2677 1779 2890 1847 fratris
2923 1779 3177 1834 Domini.

1939 1885 2086 1940 Cum
2133 1884 2312 1940 etiam
2367 1890 2711 1940 sanctorum
2768 1884 3178 1956 apostolorum
3239 1886 3390 1943 Petri
3462 1891 3520 1944 et

1867 1973 2049 2039 Pauli,
2090 1974 2398 2046 ipsiusque
2427 1974 2580 2029 adeo
2625 1974 2852 2041 Christi,
2889 1980 2941 2030 et
2987 1990 3124 2047 quae
3162 1989 3301 2032 eum
3334 1991 3520 2048 supra

1866 2066 2096 2117 natura;
2140 2069 2383 2134 captum
2424 2062 2671 2118 miriﬁce
2729 2063 2936 2132 genuit
2985 2063 3236 2134 Virginis
3287 2065 3514 2131 matris,

1867 2151 2165 2206 coloribus
2182 2151 2572 2206 adumbratas
2593 2151 2912 2221 imagines,
2939 2151 3228 2224 plurimas
3254 2153 3331 2209 ad
3356 2153 3519 2210 hunc

1868 2255 2058 2312 usque
2088 2239 2246 2295 diem
2279 2245 2665 2296 conservatas
2709 2256 2836 2296 esse
2880 2242 3170 2297 norimus.
3208 2243 3290 2297 Ac
3329 2243 3519 2299 Lucas

1867 2329 2111 2401 quidem
2145 2330 2453 2400 apostolus
2479 2330 2710 2402 primus
2739 2331 2903 2402 ipsas
2944 2334 3239 2397 accurate,
3282 2349 3432 2403 opus
3456 2331 3520 2388 id

1867 2434 2136 2486 exorsus,
2182 2418 2461 2474 manibus
2507 2419 2630 2474 suis
2677 2419 2982 2491 depinxit;
3019 2419 3235 2476 deinde
3264 2436 3407 2477 vero
3444 2436 3518 2478 ex

1866 2507 2164 2562 veteribus
2193 2507 2292 2562 alii
2328 2523 2570 2580 quoque
2594 2508 2728 2574 viri,
2759 2524 2869 2580 pro
2898 2524 2970 2565 eo
3011 2513 3192 2581 atque
3240 2525 3351 2582 par
3392 2517 3518 2566 erat

1868 2595 2047 2651 veluti
2093 2603 2422 2652 servatores
2466 2612 2607 2652 suos
2659 2597 2718 2652 in
2750 2597 2936 2666 signis
2997 2603 3054 2653 et
3091 2598 3338 2670 picturis
3396 2615 3520 2655 ser-

1867 2692 2095 2756 vantes,
2126 2686 2285 2741 idem
2320 2685 2506 2741 fecere
2541 2703 2553 2740 :
2588 2686 2824 2742 ethnica
2848 2686 3096 2759 quidem
3142 2687 3222 2742 illi
3263 2687 3518 2744 fortasse

1869 2773 2302 2830 consuetudine
2349 2774 2530 2837 ducti,
2570 2778 2625 2828 et
2676 2790 2906 2830 morem
2933 2790 3070 2830 eum
3111 2775 3302 2831 colere
3335 2775 3516 2847 soliti,

1868 2865 2096 2936 absque
2125 2873 2321 2919 tamen
2350 2864 2693 2919 necessaria
2719 2863 3135 2921 observatione
3156 2865 3427 2921 obtinere
3456 2866 3518 2922 id

1871 2953 2257 3009 tradiderunt.
2299 2953 2412 3010 Sed
2442 2953 2698 3009 Ecclesia
2730 2953 2868 3009 inde
2895 2959 3208 3027 acceptum
3232 2955 3426 3027 magis
3448 2971 3518 3012 ac

1869 3044 2058 3113 magis
2111 3042 2357 3097 adauxit
2433 3043 2830 3114 (providentia
2880 3043 2981 3098 Dei
3028 3049 3274 3100 curante
3335 3049 3518 3117 atque

159 3151 260 3195 τῶν
304 3143 459 3215 ἁγίων
499 3141 697 3195 ἐκείνων
738 3137 939 3214 ἀνδρῶν
997 3140 1069 3200 εἰς
1113 3143 1319 3210 μνήμην
1377 3133 1496 3195 δῆτ’
1557 3134 1755 3187 ἕκείνων

1870 3131 2268 3204 disponente),
2301 3147 2424 3187 non
2471 3133 2653 3187 modo
2679 3131 2907 3204 efﬁgies
2937 3138 2993 3188 et
3031 3138 3277 3203 statuas,
3307 3148 3517 3190 verum

157 3233 383 3290 ἄληστον
424 3229 770 3292 διασῶζουσα
794 3251 806 3262 ·
849 3232 986 3282 καθὰ
1018 3226 1084 3287 δὴ
1115 3233 1198 3280 καὶ
1234 3231 1319 3279 τὸν
1349 3224 1599 3280 Ἰακώϐου
1643 3226 1759 3300 θρό-

157 3341 242 3374 νον
302 3320 517 3373 ἐπιπολὺ
571 3329 663 3372 τοῦ
728 3323 925 3392 χρόνου
978 3317 1362 3390 πεφυλαγμένον
1423 3313 1706 3386 ἀνέγνωμεν
1740 3330 1754 3342 ·

159 3413 212 3464 ὄν
269 3407 487 3483 ἀδελφὸν
542 3413 631 3482 μὲν
692 3417 783 3462 τοῦ
843 3412 1036 3481 Κυρίου
1091 3405 1242 3472 εἶναι,
1282 3413 1483 3480 πρῶτον
1544 3399 1602 3456 δε
1661 3411 1758 3455 τῶν

154 3501 523 3573 Ἰεροσολύμων
577 3499 879 3564 ἐπίσκοπον,
960 3502 1086 3573 πρὸς
1161 3495 1320 3548 αὐτοῦ
1386 3501 1617 3568 Χριστοῦ
1670 3497 1758 3544 καὶ

157 3599 257 3643 τῶν
300 3591 600 3642 ἀποστόλων
650 3595 989 3664 χρηματίσαι
1044 3589 1092 3638 οἰ
1145 3589 1270 3638 θεῖοι
1323 3584 1465 3656 λόγοι
1531 3579 1760 3656 παραδι-

156 3676 337 3734 δόασι.
397 3687 663 3752 Περιεῖπον
718 3682 819 3752 γὰρ
879 3680 928 3730 οί
975 3677 1082 3748 μετ’
1139 3675 1355 3734 ἐκείνους
1411 3676 1598 3725 ἑκείνου
1641 3669 1756 3723 διά-

155 3767 340 3840 δοχοι,
405 3777 570 3821 ταῦτα
627 3777 797 3840 σαφῶς
836 3762 1270 3836 ἐπιδεδειγμένοι,
1318 3763 1422 3815 οἷον
1478 3765 1595 3834 περὶ
1639 3763 1759 3820 τούς

154 3859 406 3931 θεοφιλεῖς
457 3855 649 3930 ἄνδρας
719 3856 1006 3928 ἀξιόχρεων
1086 3858 1144 3906 τό
1223 3851 1374 3913 σέϐας
1442 3850 1754 3910 ἁπέσωζον’

148 3951 330 4023 ὥσπερ
411 3949 477 4006 δὴ
557 3952 645 3999 καὶ
699 3945 746 4008 ἐς
815 3949 951 4017 ἡμᾶς
1004 3951 1156 3997 τοῦτο
1222 3943 1362 4016 μάλα
1421 3939 1759 4015 πρεσϐεύεται

144 4043 366 4112 μνήμης
419 4039 561 4090 ἕνεκα
615 4035 812 4089 πολλῶν
890 4043 990 4087 τῶν
1050 4034 1177 4108 παρ’
1241 4035 1365 4106 ἡμῖν
1431 4033 1753 4102 σωζομένων.

142 4129 315 4184 Ἀλλὰ
352 4133 469 4200 περὶ
494 4131 583 4200 μὲν
609 4129 804 4179 τούτων
834 4125 1007 4185 οὕτως.

774 4411 1014 4465 ΚΕΦΑΑ.
1053 4410 1151 4464 ΙΖ’.

1867 3223 2043 3277 etiam
2062 3226 2271 3287 vestes,
2308 3221 2575 3287 baculos,
2611 3226 2664 3277 et
2696 3221 2884 3277 lectos
2905 3227 3250 3279 sanctorum
3275 3222 3515 3280 illorum

1867 3311 2131 3366 virorum
2153 3326 2540 3376 conservans,
2559 3311 2636 3366 ad
2661 3311 3018 3367 memoriam
3047 3327 3255 3368 eorum
3297 3311 3518 3385 sempi-

1869 3404 2117 3455 ternam.
2155 3401 2335 3455 Sicuti
2377 3405 2433 3455 et
2466 3400 2669 3456 Jacobi
2711 3400 2995 3456 thronum
3043 3401 3120 3456 ad
3153 3400 3343 3456 multa
3374 3407 3520 3458 tem-

1867 3505 2016 3560 pora
2057 3495 2358 3544 servatum
2402 3504 2534 3544 esse
2564 3490 2809 3554 scimus,
2834 3505 3014 3562 quem
3044 3489 3286 3546 fratrem
3318 3491 3516 3562 ipsum

1869 3578 2123 3645 Domini,
2157 3579 2418 3648 primum
2453 3577 2998 3650 Hierosolymorum
3031 3579 3404 3651 episcopum,
3435 3579 3514 3635 ab

1868 3669 1998 3739 ipso
2040 3667 2272 3722 Christo
2304 3671 2362 3720 et
2390 3665 2674 3738 apostolis
2706 3673 2970 3722 creatum
2994 3683 3144 3734 esse,
3187 3683 3356 3723 sacra
3386 3684 3520 3724 mo-

1869 3759 2156 3810 numenta
2188 3755 2502 3810 tradidere.
2539 3755 2804 3809 Venerati
2837 3759 2978 3809 sunt
3003 3755 3162 3811 enim
3193 3755 3356 3811 hunc
3387 3771 3517 3811 suc-

1871 3859 2136 3898 cessores
2172 3843 2320 3914 ejus,
2359 3849 2770 3898 asservatum:
2805 3842 2946 3898 satis
2976 3850 3176 3915 aperte
3215 3843 3518 3901 declaran-

1869 3937 1974 3999 tes,
2031 3949 2152 4004 quo
2188 3932 2351 3987 cultu
2391 3936 2447 3986 et
2499 3931 2698 3987 studio
2742 3933 2860 3987 Deo
2905 3931 3150 3988 dilectos
3192 3933 3354 3989 viros
3402 3933 3518 3991 sint

1868 4021 2187 4094 prosecuti.
2231 4021 2758 4088 Quemadmodum
2804 4020 2863 4076 id
2895 4021 2972 4077 ad
3013 4037 3124 4077 nos
3150 4038 3394 4096 quoque
3424 4027 3516 4079 est

1871 4111 2315 4176 transmissum,
2353 4110 2514 4182 apud
2545 4126 2699 4182 quos
2749 4109 2934 4166 multa
2988 4111 3167 4167 etiam
3211 4111 3515 4168 memoria

1868 4201 2058 4270 gratia
2087 4206 2488 4257 asservantur.
2521 4201 2732 4256 Verum
2772 4199 2846 4255 de
2876 4199 2967 4255 his
2993 4200 3123 4256 haac
3154 4200 3313 4258 dicta
3351 4200 3518 4256 suffi-

1868 4293 2045 4348 ciant.

2364 4395 2543 4469 408
2584 4398 2810 4453 CAPUT
2851 4397 3006 4452 xvu.

135 4525 314 4596 Περὶ
371 4526 482 4571 τοῦ
528 4519 1138 4596 ἁγίουΔΓρηγορίου
1183 4522 1304 4596 *τοῦ
1349 4510 1755 4596 περιϐοήτου

1874 4508 1952 4562 De
2001 4511 2208 4562 sancto
2239 4505 2521 4574 Gregorio
2541 4504 2876 4596 nmiraca‘lis
2907 4506 3095 4568 claro,
3130 4510 3192 4560 ut
3239 4519 3307 4562 ea
3345 4509 3518 4562 astate

219 4585 286 4644 ἔν
342 4585 687 4662 θαύμασιν,
731 4585 998 4650 ὡς’τόίς
1061 4587 1194 4639 κατ’
1261 4585 1466 4638 έκεῖνο
1527 4601 1756 4654 καιρον

218 4667 502 4736 χρόνοις
527 4662 796 4735 ἤκμαζε.

193 4779 330 4833 Τοῖς
362 4767 419 4822 δὲ
451 4772 586 4822 κατὰ
637 4769 882 4827 Γαλιηνόν
945 4771 1159 4840 χρόνοις
1187 4764 1394 4836 ἤκμαζε
1443 4766 1533 4814 καὶ
1573 4761 1750 4832 λόγοις

105 4866 220 4914 καὶ
276 4855 592 4933 παραδόξων
627 4862 832 4932 τέρασιν
872 4857 1032 4930 ἔργων
1082 4859 1366 4928 Γρηγόριος
1409 4853 1434 4904 ό
1465 4860 1566 4902 τῶν
1616 4851 1754 4901 κατὰ

103 4952 331 5004 Πόντον
377 4949 664 5006 ίκκλησιῶν
714 4952 808 5000 σὺν
859 4941 1206 5016 Ἀθηνοδώρῳ
1376 4937 1579 5011 ἀδελφῷ
1621 4941 1754 5009 ἡγη-

102 5043 378 5111 σάμενος,
467 5047 558 5098 τῆς
618 5040 1010 5109 Νεοκαισαρέων
1103 5038 1192 5105 μὲν
1273 5036 1365 5089 τὴν
1459 5031 1750 5086 ἐπισκοπὴν

101 5129 296 5198 ἔχων,
380 5132 473 5186 τὴν
555 5147 612 5198 γε
673 5132 774 5198 μὴν
842 5134 940 5177 τῶν
1011 5125 1427 5197 κατορθωμάτων
1493 5117 1750 5188 ἐνέργειαν

525 5219 575 5264 ii:
646 5217 776 5264 sixé:
856 5215 1302 5264 κληρωσάμενος⁶
1373 5211 1425 5264 ὅς
1500 5207 1751 5264 Ἑλλήνων

467 5047 558 5098 τῆς
618 5040 1010 5109 Νεοκαισαρέων

104 5219 432 5287 ἐπωνυμίαν
512 5219 575 5276 ὡς
646 5217 776 5276 εἰκός
856 5215 1302 5288 κληρωσάμενοςο
1373 5211 1425 5270 ὃς

106 5309 216 5378 μὲν
280 5309 378 5377 φύς
431 5309 681 5380 πατέρων,
733 5310 791 5356 τό
853 5303 1006 5365 σέϐας
1063 5303 1322 5374 μετέθετο,
1375 5303 1464 5350 καί
1507 5295 1589 5348 ἐπὶ
1615 5295 1750 5368 μᾱλ·

103 5394 208 5446 λον
271 5397 339 5447 τὰ
400 5403 495 5455 τῆς
551 5400 776 5455 πίστεως
841 5393 980 5463 αὐτῷ
1039 5391 1284 5453 ηὔξησεν.
1341 5387 1590 5460 Ὠριγένει
1650 5387 1745 5456 γὰρ

2533 4576 2826 4645 ﬂoruerit.

1939 4753 2161 4811 Galieni
2206 4751 2576 4824 temporibus
2625 4753 2804 4808 simul
2851 4757 2904 4807 et
2934 4753 3206 4809 doctrina
3249 4759 3305 4810 et
3340 4754 3517 4810 mira-

1869 4845 2014 4900 culis
2067 4842 2412 4912 ingentibus
2483 4841 2682 4896 ﬂoruit
2747 4843 3083 4910 Gregorius,
3139 4859 3276 4897 cum
3336 4843 3515 4899 fratre

1867 4932 2248 4990 Athenodoro
2295 4929 2576 4985 ecclesias
2630 4929 2689 4983 in
2740 4930 2922 4984 Ponto
2972 4930 3340 4999 gubernans.
3389 4931 3513 5004 lpsi

1864 5028 2062 5078 autem
2093 5018 2582 5075 Neocaesariensis
2614 5018 2902 5087 obtigerat
2921 5020 3327 5090 episcopatus,
3355 5026 3409 5074 et
3437 5021 3514 5074 ab

1863 5111 2129 5167 efﬁcacia
2159 5107 2581 5162 miraculorum
2606 5107 2976 5162 edendorum
3009 5124 3347 5179 cognomen
3370 5109 3514 5163 Miri-

1864 5203 1977 5256 ﬁci.
2022 5199 2345 5254 Gentilibus
2377 5203 2578 5250 autem
2624 5197 2855 5264 genitus
2889 5197 3235 5266 parentibus
3284 5197 3515 5266 religio-

1864 5308 2002 5347 nem
2048 5287 2318 5351 mutavit,
2376 5293 2431 5340 et
2495 5286 2551 5340 in
2619 5284 2736 5340 fide
2792 5287 3051 5340 maxime
3107 5287 3406 5357 profecit:
3459 5290 3518 5342 et

1865 5377 2236 5436 Alexandriae
2282 5375 2521 5445 Origeni
2571 5390 2816 5446 Operam
2860 5374 3034 5442 dans,
3085 5390 3287 5431 sacras
3329 5382 3512 5446 atque

183 5529 278 5600 (1)
311 5529 434 5586 Sub
461 5544 530 5584 ea
555 5533 752 5584 statua
788 5527 979 5582 herba
1011 5522 1430 5596 ἁδεξιφάρμακος
1453 5520 1732 5576 excrevit.

1874 5515 1998 5570 seb.
2025 5512 2128 5568 lib.
2153 5527 2255 5576 vn,
2299 5526 2411 5582 cap
2473 5508 2586 5579 14.)

188 5619 276 5692 (‘2)
309 5617 765 5692 ’Δπαραλλάκτως,
800 5615 1111 5680 Eusebius,
1145 5619 1209 5670 ut
1249 5628 1459 5684 supra.

425 5715 668 5773 ΡΑτιιοι.
701 5717 803 5773 Gn.
844 5713 1038 5771 CXLV
1051 5757 1066 5771 .

3154 5696 3222 5754 37
