4036 6288
603 265 744 321 1163

1911 213 2178 317 l‘lICEPH
2191 261 2314 316 ORI
2354 259 2680 317 CALLISTI
3739 273 3828 327 1164

600 392 885 465 profanas
922 391 1146 448 litteras
1195 406 1432 447 summe
1487 389 1794 446 addidicit.
1830 389 1934 444 Ubi
1989 388 2243 444 meretri-

2367 386 2444 439 ἐπ’
2506 383 2876 459 Ἀλεξανδρείᾳ
2932 390 3213 458 φοιτήσας,
3274 405 3338 438 τα
3400 395 3488 450 τῆς
3541 391 3650 452 θείας
3697 399 3832 466 rma;

601 482 758 548 cula,
815 497 950 554 quae
1013 481 1330 536 calumnias
1375 497 1562 535 causa
1618 480 1697 536 ad
1735 495 1872 534 eum
1918 483 2180 544 venerat,
2220 494 2256 534 a

602 571 878 626 daemone
908 577 1200 643 correpta,
1228 586 1335 641 per
1357 570 1687 625 orationem
1719 569 1847 638 ejus
1878 569 2252 624 sanationem

603 667 689 714 est
721 665 1081 715 consecuta:
1115 660 1377 715 ecclesiae
1407 666 1606 714 autem
1633 658 1950 731 praefectus
1988 657 2084 729 (t),
2115 673 2254 712 cum

602 748 915 804 Plaedimus
949 749 1002 803 ei
1039 749 1374 803 Amasenus
1422 748 1746 819 episcopus
1804 763 2019 802 manus
2059 747 2255 816 impo-

600 839 833 903 suisset,
895 853 1107 909 rupem
1149 837 1452 907 ingentem
1493 836 1658 891 collis
1726 837 1932 900 instar,
1979 851 2114 890 cum
2175 835 2253 890 ad

599 941 734 982 eam
782 932 934 981 esset
973 927 1314 997 perductus,
1363 926 1628 981 oratione
1685 925 1810 979 sola
1852 925 2056 990 movit,
2098 928 2154 979 et
2193 925 2252 978 in

600 1015 788 1071 alium
811 1015 1107 1071 transtulit
1141 1016 1362 1071 locum.
1395 1015 1617 1069 Deinde
1646 1013 2018 1070 sacerdotem
2058 1013 2252 1084 profa-

598 1119 745 1160 num
783 1105 985 1175 templi
1034 1105 1364 1169 custodem,
1407 1105 1593 1174 ejecto
1633 1109 1810 1176 atque
1862 1111 2095 1173 recepto
2134 1104 2252 1158 daa-

599 1209 778 1249 mone
819 1193 917 1265 ('2),
968 1194 1045 1248 ad
1095 1195 1302 1250 Christi
1358 1193 1540 1248 ﬁdem
1603 1193 1905 1264 pertraxit.
1944 1194 2009 1246 Et
2051 1191 2250 1248 lacum

597 1283 948 1356 quemdam,
978 1284 1051 1338 de
1077 1299 1198 1353 quo
1229 1283 1435 1338 fratres
1471 1283 1592 1337 duo
1623 1283 1846 1350 ingenti
1875 1283 2250 1336 contentione

597 1373 1004 1438 decertabant,
1030 1375 1256 1427 siccum
1276 1372 1633 1444 ari-dumque
1664 1371 1942 1426 reddidit.
1969 1373 2250 1428 Praeterea

598 1461 736 1533 Lyci
764 1461 1031 1516 ﬂuminis
1065 1463 1255 1517 undas
1284 1461 1652 1532 perniciosas
1678 1461 2248 1532 repressit,scipione

599 1566 708 1606 suo
757 1551 976 1618 deﬁxo,
1026 1551 1129 1622 qui
1182 1551 1492 1621 hucusque
1532 1551 1593 1605 in
1653 1551 1953 1618 ingentem
1997 1551 2251 1604 excrevit

597 1641 896 1704 arborem,
949 1645 1006 1694 et
1058 1656 1092 1695 a
1145 1642 1472 1696 viatoribus
1516 1641 1597 1695 ibi
1649 1639 1932 1694 cernitur.
1971 1639 2246 1694 Judaeum

597 1729 948 1802 quemdam,
1001 1729 1106 1800 qui
1152 1735 1455 1784 mortuum
1514 1746 1576 1784 se
1641 1745 1772 1784 esse
1845 1728 2246 1794 simulaverat,
2283 1750 2324 1805 Β

597 1834 801 1874 revera
857 1825 1159 1874 mortuum
1210 1817 1419 1873 effecit.
1450 1821 1514 1872 Et
1554 1834 1692 1872 cum
1732 1833 1869 1873 eum
1919 1817 2248 1888 aliquando

597 1907 846 1979 quidam
887 1915 1403 1979 persequerentur,
1437 1907 1493 1962 in
1548 1907 1824 1962 arborem
1859 1907 2249 1962 transforma-

597 2001 717 2062 tus,
741 1997 825 2052 ita
873 1997 1129 2051 orationi
1177 1997 1493 2052 intendens
1541 1996 1819 2060 constitit,
1851 2001 1912 2050 ut
1951 2012 1986 2050 a
2014 1996 2249 2052 nemine

595 2087 918 2141 videretur.
950 2086 1351 2141 Pestilentiam
1384 2085 1726 2140 inﬁdelibus
1786 2085 2116 2140 conciliavit
2149 2107 2160 2138 :
2195 2091 2250 2140 et

596 2174 886 2231 feminam
919 2176 1272 2247 quamdam,
1314 2191 1450 2246 quae
1497 2174 1573 2230 ad
1609 2175 1789 2229 ﬁdem
1829 2179 2179 2240 accesserat,
2213 2190 2249 2229 a

595 2270 786 2320 morte
852 2264 1143 2319 liberavit.
1179 2265 1320 2319 Huic
1379 2265 1478 2318 Dei
1537 2269 1725 2318 mater
1763 2279 2083 2334 apparens,
2144 2279 2249 2334 per

596 2353 889 2409 Joannem
907 2352 1360 2421 evangelistam,
1381 2353 1810 2424 professionem
1844 2352 1982 2406 ﬁdei
2007 2359 2244 2419 nostrae,

595 2447 893 2513 quantum
923 2442 1002 2497 ad
1026 2441 1388 2511 theologiam
1418 2442 1494 2513 (3)
1534 2447 1588 2496 et
1617 2441 1940 2496 divinitatis
1956 2443 2248 2496 rationem

593 2533 847 2602 pertinet
922 2532 1208 2602 scriptam
1243 2531 1529 2586 exhibuit.
1582 2531 1672 2585 Ad
1739 2531 1988 2586 multam
2046 2537 2246 2586 autem

595 2621 865 2691 pervenit
897 2625 1355 2685 senectutem,et
1393 2621 1468 2675 ad
1491 2620 1833 2675 Diocletiani
1867 2636 2057 2692 usque
2097 2624 2246 2674 tem-

595 2725 746 2780 pora
779 2708 1015 2764 duravit
1061 2709 1160 2780 (4),
1202 2710 1530 2778 gratiarum
1576 2709 1823 2764 actionis
1862 2725 2038 2763 voces
2075 2709 2247 2764 edere

595 2797 823 2856 solitus.
855 2798 1019 2870 quod
1052 2798 1260 2853 urbem
1310 2797 1884 2870 frequentissimam,
1919 2805 1975 2853 et
2000 2798 2248 2854 inﬁdeli-

595 2887 730 2942 tatis
761 2886 1280 2958 plenissimam,ad
1307 2887 1672 2942 contrarium
1695 2887 2084 2958 professionis
2105 2888 2246 2942 ﬁdei

2365 481 2452 528 καὶ
2481 479 2544 529 τὰ
2595 484 2686 536 τῆς
2736 475 2831 538 ἔξω
2876 474 2948 537 εἰς
2978 477 3138 547 ἀκρον
3169 475 3401 534 ἠσκήθη.
3441 475 3578 530 Ἔνθα
3621 476 3672 538 δή
3711 481 3835 558 im?“

2363 569 2452 616 κὸν
2505 568 2714 629 γύναιον
2785 564 2870 618 ἐπὶ
2919 561 3136 636 διαϐολῇ
3204 565 3338 635 αὐτῷ
3389 567 3651 640 προσελθὸν,
3695 567 3836 640 δαίμονι

2361 653 2571 726 ληφθὲν,
2623 651 2717 707 διὰ
2743 662 3049 728 προσευχῆς
3099 657 3191 712 τὴν
3230 657 3371 706 ἴασιν
3409 655 3566 728 ἔσχεν.
3599 657 3692 709 Ἐπὶ
3713 655 3755 711 δε
3781 669 3839 724 τῆς

2364 744 2679 804 Ἐκκλησίας
2737 746 2917 808 τεθεὶς,
2973 739 3236 816 Φαιδίμου
3296 744 3431 815 αὐτῷ
3475 749 3558 807 τὰς
3591 754 3732 821 χεῖρας
3771 749 3840 801 ἐπι-

2363 832 2621 899 ϐαλόντος,
2691 835 2741 895 ὃς
2802 834 3089 905 Ἀμασείας

2361 928 2517 976 αὑτὸν
2556 925 2733 994 ἣγετο,
2785 923 2929 976 λίθον
2976 928 3139 995 μέγαν
3191 922 3363 995 βουνῷ
3410 924 3723 998 παραπλήσιον
3758 927 3836 997 εὐχῇ

2361 1017 2490 1085 μόνῃ
2545 1018 2786 1076 κινήσας,
2838 1011 2904 1073 εἰς
2960 1014 3130 1085 ἕτερον
3159 1016 3420 1083 μετήγαγε
3474 1012 3768 1066 τόπον.”Ενθα
3799 1011 3836 1070 δή

3177 836 3458 897 ἐπίσκοπος
3503 832 3574 900 ἦν,
3636 837 3717 888 ἐπεὶ
3759 844 3837 912 πρὸς

2359 1107 2449 1154 καὶ
2495 1106 2582 1154 τὸν
2637 1107 2884 1177 νεωκόρον
3058 1109 3157 1152 τῶν
3221 1097 3475 1172 δαιμόνων
3525 1100 3676 1174 ἐκϐολῇ
3711 1122 3749 1155 τε
3790 1110 3840 1154 ni

2359 1190 2567 1263 εἰσϐολῇ
2623 1194 2754 1266 πρὸς
2815 1194 2909 1250 τὴν
2967 1192 3104 1243 κατά
3153 1194 3382 1261 Χριστόν
3429 1195 3586 1243 πίστιν
3615 1192 3840 1242 Datur-ni

2358 1299 2473 1331 τινα
2528 1280 2710 1351 λίμνην
2763 1277 3138 1353 διαφερομένην
3190 1275 3346 1331 δυσὶν
3403 1276 3620 1350 ἀδελφοῖς
3646 1279 3766 1351 ξηρὰν
3791 1284 3843 1331 καὶ

2357 1371 2572 1442 οἱνικμον
2612 1366 2833 1422 ἐδείκνυ.
2897 1368 3056 1423 Ἀ).λά
3095 1372 3182 1420 καί
3223 1375 3318 1421 τοῦ
3378 1377 3594 1440 ποταμοῦ
3641 1372 3772 1422 Λύκον
3811 1373 3843 1420 τὸ

2360 1457 2789 1530 βλαπτικὼτάτον
2849 1458 3072 1533 ῥεῖθρον,
3142 1466 3214 1528 τῷ
3280 1462 3373 1516 τὴν
3432 1457 3604 1509 οἰκείαν
3641 1457 3847 1519 amantia

2360 1547 2674 1621 βακητρίαν,
2733 1547 3037 1601 ἀνέστειλεν.
3088 1545 3241 1608 ἹΙτις
3309 1544 3376 1604 δή
3433 1552 3516 1598 καὶ
3565 1549 3607 1608 ἒς
3660 1544 3787 1621 δεῦρο,
3820 1546 3848 1605 ἐς

2358 1641 2496 1708 μέγα
2545 1634 2763 1711 δένδρον
2822 1634 3109 1701 διήκουσα,
3160 1643 3266 1695 τοῖς
3323 1635 3708 1710 προσπελάζονσι
3739 1640 3848 1707 cuivs-

2359 1747 2467 1780 ται.
2540 1732 2642 1779 Καὶ
2706 1731 2792 1779 τόν
2846 1733 3028 1800 νεκροῦ
3092 1732 3287 1797 σχῆμα
3351 1724 3651 1796 πλασάμενον
3694 1724 3848 1798 Ἑϐραῖοι

2359 1815 2494 1890 ἔργῳ
2541 1820 2716 1890 νεκρὸν
2776 1819 3031 1887 καθιστᾴ.
3101 1820 3198 1868 Καὶ
3262 1823 3374 1877 τοῖς
3433 1813 3682 1868 δειώκουσι
3720 1822 3846 1874 τοῦτον,

2360 1906 2432 1967 εἰς
2491 1903 2706 1978 δένδρον
2761 1906 3306 1978 μετασχηματισθεὶς,
3377 1904 3532 1965 ἑστὼς
3577 1905 3620 1956 ἐν
3662 1912 3846 1979 προσευχῇ

2361 1995 2571 2058 ἀθέατος
2628 1995 2806 2067 ἔμεινε.
2868 1997 2972 2050 Καὶ
3013 1994 3190 2066 λοιμόν
3241 1990 3301 2046 δὲ
3341 1992 3573 2055 ἀπίστοις
3612 1993 3846 2067 προῦξέπεί,

2360 2089 2450 2137 καὶ
2497 2093 2558 2157 τῇ
2622 2091 2799 2138 πίστει
2847 2083 3206 2158 προσελθοῦση
3253 2090 3347 2135 τοῦ
3414 2086 3567 2157 μόρου

2359 2172 2661 2246 Ἐγγραφον
2716 2171 2774 2226 δὲ
2821 2183 2911 2234 τῆς
2958 2175 3224 2243 θεογοθίας
3266 2177 3359 2230 τὴν
3404 2177 3574 2224 πίστιν
3608 2175 3635 2230 η
3676 2179 3743 2223 τοῦ
3773 2175 3844 2223 Θεοῦ

2359 2267 2535 2335 μήτηρ
2619 2259 2712 2315 διὰ
2790 2270 2882 2315 τοῦ
2965 2262 3333 2333 εὐαγγελιστοῦ
3429 2262 3647 2315 Ἰωάννου
3715 2268 3845 2332 φανεῖτε

2359 2355 2526 2423 τούτῳ
2569 2357 2813 2428 παρέχει.
2858 2353 2942 2413 Εἰς
3000 2349 3059 2404 δὲ
3099 2350 3239 2423 βαθύ
3291 2359 3459 2424 γῆρας
3502 2355 3645 2414 ἥκων,
3675 2352 3772 2420 ἄχρι
3798 2355 3840 2398 κιέ

2361 2441 2731 2500 Διοκλητιανοῦ
2802 2445 3132 2515 παρατείνας,
3189 2441 3538 2514 εὐχαριστίας
3585 2448 3745 2512 προῆκε
3792 2459 3836 2507 ga-

2357 2535 2445 2592 νάς
2477 2549 2488 2560 ”
2539 2533 2717 2606 ὅτεπερ
2772 2536 2865 2589 τὴν
2910 2529 2993 2583 ἐπὶ
3051 2535 3204 2582 τόσον
3248 2530 3550 2588 πλήθουσαν
3580 2528 3829 2586 ἀπιστίαςτιι

2356 2619 2434 2672 λιν
2481 2621 3020 2696 πολυναθρωποτοίτην
3077 2620 3238 2672 οὖσαν
3297 2622 3383 2672 ἐπὶ
3446 2629 3534 2680 τῆς
3582 2619 3763 2679 ἐναντίας
3793 2635 3831 2665 xl-

2356 2709 2622 2762 ταλέλοιπε
2679 2709 2886 2772 τάξεως,
2929 2708 3127 2771 Ὀσους
3175 2713 3264 2761 καὶ
3315 2712 3422 2783 γὰρ
3479 2708 3622 2761 ἐλθὼν
3681 2707 3762 2777 εὗρε
3794 2709 3838 2758 τὶν

2355 2805 2535 2851 πίστιν
2592 2798 2690 2870 πρὸ
2771 2798 2928 2850 αὐτοῦ
2986 2794 3481 2871 παραδεδεγμένους
3546 2800 3766 2854 τοσούτους
3803 2811 3845 2843 τι·

2353 2887 2542 2940 λευτῶν
2617 2896 2678 2960 τῇ
2753 2886 2978 2960 ἀπιστίᾳ
3045 2894 3542 2962 παραμεμενηκότας
3602 2884 3838 2939 κατιὺελσιτι.

594 2975 918 3044 redegisset
950 2977 1499 3041 statum.Quantum
1525 2977 1683 3030 enim
1711 2976 1791 3029 ibi
1824 2992 2028 3031 eorum
2062 2977 2243 3032 adve-

2353 2983 2599 3029 Τοσαῦτα
2653 2980 2721 3038 ὡς
2774 2975 2821 3028 ἐν
2877 2981 3115 3048 συντόμῳ
3176 2976 3333 3029 εἰπεῖν
3405 2981 3496 3030 καὶ
3559 2979 3620 3029 τὰ
3665 2978 3742 3048 περὶ
3783 2974 3834 3020 τοῦ

595 3065 768 3120 niens
831 3070 1152 3137 repererat,
1218 3065 1320 3136 qui
1379 3070 1513 3119 ante
1556 3081 1619 3118 se
1660 3064 1840 3119 fidem
1872 3072 2242 3136 receperant,

2359 3069 2665 3138 θαυμαστοῦ
2702 3072 2905 3140 Γρηγορ
2915 3069 3014 3119 ἰου.

593 3159 826 3210 tantum
851 3169 1060 3209 eorum
1095 3154 1197 3225 qui
1239 3153 1300 3208 in
1349 3153 1693 3208 inﬁdelitate
1743 3161 2206 3223 perseverarent,
2250 3155 2511 3212 moriens
2550 3171 2872 3212 numerum
2910 3153 3168 3227 reliquit.
3198 3157 3333 3210 Haec
3398 3156 3643 3212 breviter
3678 3159 3838 3208 etcom-

594 3241 881 3314 pendiose
907 3242 981 3297 de
1012 3242 1372 3298 admirando
1397 3241 1680 3312 Gregorio
1712 3243 1828 3298 sint
1859 3242 2042 3298 dicta.

1092 3365 1270 3439 409
1303 3368 1526 3424 CAPUT
1561 3368 1741 3422 XVIII.

981 3475 1068 3530 De
1087 3474 1359 3544 Dionysii
1375 3475 1541 3545 festis
1568 3475 1848 3544 epistolis.

663 3581 982 3652 Dionysius
1024 3589 1224 3636 autem
1273 3582 1730 3649 Alexandrinus,
1759 3582 2031 3638 nondum
2089 3599 2239 3655 pace

587 3669 850 3725 ecclesiis
873 3687 908 3726 a
939 3671 1178 3726 Galieno
1213 3672 1461 3736 reddita,
1488 3672 1564 3727 ad
1623 3688 1724 3727 eas
1773 3689 1927 3744 quas
1978 3673 2240 3727 diximus

585 3758 660 3813 de
712 3760 1062 3830 poenitentia
1122 3765 1178 3814 et
1228 3761 1549 3832 baptismo,
1579 3760 1725 3816 alias
1761 3778 2002 3832 quoque
2033 3762 2106 3817 de
2140 3765 2240 3818 Pa-

587 3848 792 3902 schate
831 3847 1010 3904 festas
1032 3850 1374 3920 composuit
1413 3849 1710 3920 epistolas.
1755 3851 2020 3915 Quarum
2057 3867 2237 3906 unam

587 3936 832 4009 quidem
881 3937 958 3992 ad
1000 3938 1345 3993 Flavianum
1370 3939 1448 4009 (5)
1481 3939 1642 3994 dedit
1671 3956 1683 3994 :
1715 3939 1891 3995 aliam
1935 3940 2012 3994 ad
2062 3941 2239 4012 Didy-

586 4042 756 4081 mum
809 4031 866 4081 et
917 4027 1258 4093 Domitium,
1290 4028 1349 4081 in
1401 4043 1520 4098 qua
1548 4029 1729 4082 etiam
1771 4034 1905 4084 octo
1937 4045 2237 4084 annorum

588 4131 879 4170 canonem
897 4117 1158 4185 exponit,
1176 4132 1292 4170 non
1311 4116 1457 4171 alias
1470 4134 1650 4188 quam
1669 4118 2027 4188 aequinoctio
2059 4135 2237 4175 verno

584 4204 810 4259 Pascha
841 4203 1118 4258 celebrari
1153 4211 1426 4275 oportere
1465 4214 1762 4261 astruens.
1805 4207 1999 4261 Aliam
2033 4224 2236 4263 rursus

585 4293 663 4348 ad
695 4293 1072 4363 presbyteros
1099 4293 1554 4358 Alexandrinos,
1579 4301 1758 4366 atque
1786 4298 2054 4351 diversas
2087 4296 2236 4352 alias

585 4381 664 4436 ad
691 4381 839 4436 alios
869 4382 1121 4453 scripsit.
1185 4386 1329 4436 Pace
1384 4399 1558 4453 porro
1612 4391 1840 4447 exorta,
1882 4384 1959 4439 ab
2027 4386 2235 4441 exsilio

581 4468 1004 4525 Alexandriam
1037 4471 1223 4526 rediit.
1260 4471 1345 4526 lbi
1385 4472 1672 4528 seditione
1703 4480 1757 4528 et
1796 4473 2052 4530 tumultu
2078 4474 2232 4529 civili

582 4560 856 4624 excitato,
891 4561 1178 4630 quoniam
1217 4561 1548 4631 episcopali
1607 4577 1853 4616 munere
1906 4579 2017 4618 suo
2066 4562 2234 4632 fungi

582 4664 703 4704 non
732 4648 942 4720 potuit,
975 4648 1256 4704 fratribus
1284 4650 1505 4705 scilicet
1527 4649 1588 4705 in
1630 4651 1971 4706 alterutram
2007 4659 2235 4724 partem

583 4736 857 4792 factionis
902 4737 1213 4803 inclinatis,
1275 4739 1420 4810 ipsis
1476 4740 1713 4795 Paschae
1756 4739 1917 4795 feriis
1958 4757 2026 4796 ex
2105 4742 2236 4813 ipsa

580 4825 940 4882 Alexandria
980 4827 1157 4882 veluti
1215 4828 1382 4883 exsul
1435 4845 1535 4900 per
1587 4829 1807 4886 litteras
1853 4846 1990 4885 cum
2022 4830 2107 4886 eis
2149 4835 2237 4886 est

584 4915 934 4972 collocutus.
971 4916 1138 4973 Dedit
1168 4933 1410 4990 quoque
1433 4918 1509 4974 ad
1549 4919 1853 4975 Hieracem
1894 4920 2234 4992 Egyptium

654 5061 728 5130 (t)
784 5060 929 5114 Cum
983 5058 1234 5132 ecclesia
1307 5060 1366 5114 in
1411 5061 1680 5132 quodam
1725 5060 1858 5116 loco
1902 5063 2236 5119 arctissimo

582 5129 734 5185 inter
765 5137 1029 5185 montem
1061 5139 1115 5203 et
1149 5129 1397 5186 ﬂuvium
1433 5129 1648 5203 wposito
1679 5135 1941 5188 construi
1972 5135 2232 5200 deberet,

580 5207 637 5257 et
675 5205 936 5275 spatium
981 5201 1282 5257 sufﬁciens
1339 5201 1473 5258 non
1519 5210 1692 5268 esset,
1736 5207 1869 5275 ipso
1923 5213 2128 5262 sancto
2173 5207 2235 5261 in

581 5273 954 5327 orationibus
982 5280 1384 5345 pernoctante,
1421 5291 1600 5329 mane
1646 5273 1819 5344 facto,
1867 5275 2108 5333 inventa
2149 5283 2236 5332 est

580 5359 758 5414 rupes
811 5351 974 5400 tanto
1027 5346 1218 5419 spatio
1265 5347 1397 5419 loco
1450 5347 1721 5412 cessisse,
1783 5355 2077 5419 quantum
2111 5357 2237 5404 erat

581 5423 926 5495 competens
964 5432 1070 5487 pro
1113 5418 1245 5488 ipsa
1281 5418 1526 5473 ecclesia
1565 5418 1938 5475 fabricanda.
1965 5420 2118 5475 Hier.
2152 5422 2236 5477 De

586 5485 728 5540 viris
757 5487 947 5542 illast.

656 5557 732 5628 (2)
790 5558 999 5615 Euseb.
1043 5558 1147 5614 lib.
1193 5575 1286 5626 vu,
1311 5575 1443 5632 cap.
1502 5564 1593 5631 25,
1636 5561 1848 5617 Rufino
1895 5561 2233 5635 interprete.

2956 3371 3199 3424 ΚΕΦΑΛ.
3241 3369 3351 3422 ΙΗ’·

2350 3480 2502 3547 Περὶ
2543 3483 2662 3528 τῶν
2702 3475 3137 3548 ἐορταστικῶν
3169 3476 3537 3532 ’Διονυσίου
3578 3472 3849 3531 ἐπιστολῶν.

2421 3585 2687 3645 Διονύσιος
2737 3579 2797 3634 δὲ
2845 3584 2870 3634 ὁ
2914 3592 3009 3644 τῆς
3049 3580 3469 3658 Ἀλεξανδρείας,
3508 3589 3654 3658 μὸπω
3688 3591 3846 3641 nitu“

2351 3672 2598 3730 Γαλιηνὸν
2661 3671 3012 3734 ἐπιλαϐούσης
3079 3672 3306 3746 εἰρήνης,
3377 3679 3512 3750 πρὸς
3575 3681 3678 3735 ταῖς
3727 3671 3842 3736 εἰρεὲ

2347 3781 2461 3822 ναις
2511 3769 2605 3823 τῆς
2658 3765 2929 3832 μετανοίας
2985 3766 3076 3812 καὶ
3137 3770 3228 3814 τοῦ
3295 3761 3656 3836 βαπτίσματος
3703 3764 3771 3812 καὶ
3803 3761 3846 3811 τίς

2347 3856 2465 3925 περὶ
2518 3857 2608 3903 τοῦ
2656 3852 2854 3922 Πάσχα
2903 3849 3246 3923 ἑορτσατικὰς
3304 3871 3578 3905 συνατττει
3622 3847 3849 3906 ἐπιστολάς.

2348 3940 2415 3989 ὧν
2471 3944 2593 4012 μίαν
2647 3943 2736 4005 μὲν
2789 3938 3055 4010 Φλαϐιανῷ
3113 3951 3430 4014 προσφωνεῖ,
3484 3941 3634 3999 ἄλλην
3681 3936 3727 3992 δὲ
3763 3929 3854 3988 Διδύ-

2347 4048 2428 4099 μῳ
2483 4033 2572 4080 καὶ
2621 4033 2866 4099 Δομετίῳ.
2939 4029 3020 4081 Ἐν
3168 4035 3256 4080 καὶ
3307 4027 3671 4105 ὁκταετηρίδος
3737 4027 3853 4076 κανόνι

2348 4115 2624 4180 ἐκτίθεται,
2673 4121 2744 4188 μὴ
2797 4113 2904 4169 δεῖν
2950 4116 3128 4169 ἄλλοτε
3171 4117 3303 4176 πλὴν
3356 4127 3450 4182 τῆς
3504 4119 3706 4193 εἰαρινῆς
3741 4114 3854 4182 ἰσημε-

2345 4211 2464 4281 ρίας
2520 4212 2576 4258 τό
2626 4207 2826 4277 Πάσχα
2878 4205 3121 4259 ἐπιτελεῖν
3157 4211 3564 4280 παριστάμενος.
3612 4215 3714 4267 Τοῖς
3757 4200 3792 4254 δ’
3829 4200 3856 4248 έν

2349 4291 2710 4367 Ἀλεξανδρεία
2783 4294 3150 4369 πρεσϐυτέροις
3233 4296 3391 4356 ἄλλην
3481 4299 3740 4358 συντάττει,
3803 4291 3853 4339 καὶ

2348 4380 2631 4456 διαφόρους
2687 4383 2876 4445 ἄλλοις.
2921 4391 3027 4447 Τῆς
3073 4382 3123 4437 δ’
3174 4385 3384 4458 εἰρήνης
3437 4384 3788 4459 διαλαμψάσης,
3825 4374 3857 4426 ἀ

2347 4482 2440 4534 τῆς
2496 4475 2775 4547 ὑπερορίας
2827 4473 3074 4533 ἐπανῆκεν
3126 4475 3198 4536 εἰς
3245 4474 3651 4552 Ἀλεξάνδρειαν.
3699 4473 3857 4525 Στάσεως

2347 4559 2398 4615 δ’
2450 4565 2614 4614 ἐκεῖσε
2687 4567 2777 4614 καὶ
2826 4562 3048 4635 πολέμου
3106 4562 3515 4637 ἐπισυμϐοίντος,
3571 4568 3670 4620 ἐπεὶ
3734 4564 3783 4630 μὴ
3820 4555 3858 4604 τί

2345 4659 2440 4713 τῆς
2497 4653 2789 4712 ἐπισκοπῆς
2821 4648 3017 4705 διέπειν
3049 4654 3157 4714 οἶός
3202 4673 3255 4706 τε
3309 4651 3388 4722 ἧν,
3433 4657 3522 4707 ἅτε
3552 4651 3615 4712 δὴ
3666 4641 3858 4704 7932;13:3-

2347 4750 2451 4812 φῶν
2503 4740 2568 4801 εἰς
2623 4741 2858 4816 ἑκάτερον
2930 4743 3026 4803 τῆς
3107 4746 3343 4806 στάσεως
3392 4751 3544 4820 μέρος
3618 4739 3857 4812 atatim?“

2345 4851 2463 4895 νων,
2521 4830 2570 4881 ἐν
2619 4839 2679 4903 τῇ
2715 4837 2805 4883 τοῦ
2856 4833 3058 4904 Πάσχα
3082 4832 3231 4905 ἑορτῇ
3269 4833 3321 4896 ἐξ
3351 4834 3517 4895 αὐτῆς
3545 4824 3857 4898 Ἀλεξανδρείας,

2346 4921 2483 4972 καθά
2525 4939 2603 4981 τις
2649 4921 2923 4992 ὑπερόριος
2976 4918 3248 4984 διατελῶν,
3309 4923 3490 4995 ὡμίλει
3564 4922 3732 4980 αὐτοῖς.
3773 4915 3861 4985 Πρὸς

2419 5065 2495 5136 (3)
2525 5064 3006 5142 Ibeologia_baec_
3019 5069 3308 5139 reperitur
3333 5069 3496 5142 apud
3525 5056 3856 5126 Ruﬁnumﬂt-

2347 5137 2483 5212 oles.
2519 5137 2654 5212 ζιίει.
2692 5138 2928 5212 Eusebii
2949 5137 3208 5212 nam",
3233 5137 3484 5212 cap.'25.

2416 5209 2493 5279 (4)
2521 5209 2646 5263 Imo
2678 5209 2798 5264 alia
2816 5213 3000 5280 etiam
3031 5211 3161 5280 ejus
3203 5209 3492 5268 miracula
3524 5209 3632 5266 sub
3659 5209 3849 5263 Constar

2347 5279 2471 5334 tino
2493 5283 2703 5349 Magno
2740 5279 3074 5336 referuntur
3103 5280 3256 5338 infra
3280 5283 3382 5339 lib.
3413 5300 3530 5350 vm,
3554 5297 3677 5352 cap.
3697 5282 3766 5334 33.

2417 5351 2493 5422 (5)
2537 5345 2748 5407 Euseb.
2792 5352 3071 5430 F_laviu_m
3110 5355 3309 5418 habet,
3346 5345 3637 5430 libro'vu;
3656 5365 3766 5430 ρᾶΡ·

2345 5421 2512 5498 item,
2540 5431 2687 5498 post;
2696 5425 3127 5498 aequinoctium
3152 5441 3421 5492 vernum,
3465 5429 3596 5498 μετὰ
3618 5428 3697 5480 τὴν
3718 5421 3838 5492 inpar

2348 5493 2647 5568 ἰσημερίαν.
2671 5493 2822 5551 Ibid.
