4036 6288
173 358 309 412 1165

1163 354 1735 414 ECCLESIASTICE
1775 357 2133 414 HISTORUE
2174 359 2312 415 LIB.
2367 359 2455 416 VI.

3383 365 3524 424 1166

170 477 227 533 δὲ
271 485 363 533 καὶ
415 481 604 556 ’ῐέρακι
654 489 728 552 τῷ
787 482 899 534 κατ’
942 482 1206 552 Αἴγυπτον
1261 481 1528 554 ἔπισκόπῳ
1587 481 1759 554 ἑορτα-

1872 483 2218 555 episcopum
2249 483 2499 541 alteram
2531 485 2744 544 festam
2777 487 2899 543 sive
2925 487 3279 546 Paschalem
3306 489 3527 562 episto-

169 575 353 629 στικὴν
405 571 578 643 ἑτέραν
633 573 942 645 ἐχάραττεν,
987 570 1035 622 ἐν
1177 577 1266 624 καὶ
1322 579 1416 632 τῆς
1453 573 1564 623 κατ’
1616 571 1761 625 Ἀλε-

166 657 436 736 ξάνδρειαν
497 662 728 724 στάσεως
780 665 956 734 μνείαν
1009 663 1333 734 ποιούμενος,
1389 669 1569 714 τοῦτον
1625 662 1762 714 ὑπα-

163 753 470 825 γορεύειτὸν
508 755 696 826 τρόπον
729 767 742 781 ⁸

769 883 1010 931 ΚΕΦΑΛ.
1053 875 1162 932 ΙΘ’.

160 1006 316 1077 Περὶ
354 1009 471 1063 τῆς
509 999 566 1054 ἓν
608 999 1445 1125 ’Δλεξανδρὶείᾳηγενομένης
1475 1002 1761 1063 στάσεως

800 1093 909 1125 του
988 1093 1118 1125 αου.

800 1093 909 1127 του
949 1093 1118 1126 Ααου.

234 1219 262 1246 ‹‹
301 1196 448 1269 Ἐμοὶ
488 1194 547 1249 δὲ
590 1201 642 1249 τί
695 1199 1018 1270 θαυμαστὸν,
1052 1197 1095 1249 εἰ
1143 1199 1266 1269 πρὸς
1302 1200 1418 1257 τοὺς
1457 1196 1760 1271 πορρωτέρω

154 1295 527 1346 κατοικοῦντας
574 1287 804 1358 χαλεπόν
855 1292 910 1340 τὸ
962 1287 1056 1338 κᾶν
1089 1283 1162 1339 δι’
1195 1286 1478 1338 ἐπιστολῶν
1516 1285 1708 1356 ὁμιλεῖν
1742 1303 1756 1353 ;

155 1376 242 1427 ὅτε
286 1381 474 1446 καὶτῷ
504 1379 633 1447 πρὸς
662 1375 881 1448 ἐμαυτόν
927 1376 1069 1446 αὐτῷ
1123 1394 1213 1447 μοι
1263 1371 1619 1446 διαλέγεσθαι,
1669 1378 1758 1426 καὶ

152 1471 219 1536 τῇ
275 1460 388 1536 ἰδίᾳ
442 1463 596 1538 ψυχῇ
635 1465 1102 1537 συμϐουλεύεσθαι,
1159 1466 1477 1522 καθέστηκεν
1510 1467 1702 1538 άπορον
1741 1481 1756 1530 ;

156 1557 298 1628 Πρὸς
347 1562 471 1622 γοῦν
526 1557 593 1606 τά
640 1553 867 1626 ἐμαυτοῦ
922 1555 1226 1626 σπλάγχνα,
1272 1559 1394 1616 τοὺς
1434 1556 1758 1626 ὁμόσκηνους

153 1648 249 1694 καὶ
304 1642 623 1714 συμψύχους
672 1641 946 1716 ἀδελφοὺς,
1005 1648 1096 1696 καὶ
1143 1651 1234 1703 τῆς
1284 1643 1446 1695 αὐτοῦ
1495 1642 1757 1703 πολιτείας

157 1737 247 1784 καὶ
311 1731 638 1799 Ἐκκλησίας,
721 1731 1062 1785 ἕπιστολαίων
1138 1729 1327 1805 δέομαι
1413 1733 1754 1807 γραμμάτων.

156 1826 263 1874 Καὶ
313 1823 461 1874 ταῦθ’
505 1824 643 1883 ὅπως
686 1821 746 1874 ἂν
796 1819 1222 1894 διαπεμψαίμην,
1279 1821 1553 1894 ἀμήχανον
1585 1824 1759 1892 φαίνε-

155 1929 267 1962 ται.
320 1910 464 1981 Ῥᾷον
501 1914 602 1984 γὰρ
657 1913 717 1963 ἄν
771 1931 852 1973 τις
895 1911 1001 1983 οὐχ
1057 1913 1189 1971 ὅπως
1219 1910 1286 1971 εἰς
1334 1915 1428 1967 τὴν
1467 1911 1755 1982 ὑπερόριον,

155 1999 288 2052 ἀλλά
332 2005 420 2052 καὶ
467 2000 554 2052 ἀπ’
613 2001 900 2055 Ἀνατολῶν
964 2000 1048 2051 ἐπι
1097 2002 1307 2072 Δυσμάς
1357 2001 1693 2072 περαιωθείη,
1726 1998 1754 2056 ἣ

153 2095 252 2148 τὴν
309 2085 703 2164 Ἀλεξάνδρειαν
785 2087 872 2141 ἀπ’
963 2089 1123 2150 αὐτῆς
1202 2097 1298 2150 τῆς
1366 2085 1759 2161 Ἀλεξανδρείας

157 2178 379 2233 ἕπέλθοι.
439 2187 540 2240 Τῆς
593 2182 695 2253 γὰρ
743 2181 930 2252 ἐρήμου
984 2188 1080 2240 τῆς
1131 2178 1324 2240 πολλῆς
1369 2183 1458 2230 καὶ
1517 2175 1762 2251 ἀτριϐοῦς

157 2268 375 2334 ἐκείνης,
438 2267 497 2326 ἣν
544 2268 593 2320 ἐν
670 2265 798 2321 δυσὶ
861 2275 1058 2339 γενεαῖς
1109 2265 1395 2320 διώδευσεν
1445 2268 1470 2318 6
1523 2265 1758 2340 Ἰσραὴλ,

159 2359 346 2430 ἄπορος
402 2357 593 2430 μᾶλλον
646 2362 736 2409 καὶ
787 2356 976 2417 ἄϐατος
1028 2358 1171 2408 ἐστιν
1227 2359 1256 2415 ἡ
1317 2358 1608 2428 μεσαιτάτη
1667 2363 1762 2416 τῆς

155 2447 342 2508 πόλεως
394 2443 519 2508 ὁδός
581 2452 670 2499 καὶ
739 2445 1055 2506 θαλάσσης·
1120 2445 1179 2503 ἣν
1256 2444 1435 2498 ἐκεῖνοι
1513 2446 1760 2519 ῥαγείσαν

160 2542 250 2590 καὶ
300 2533 755 2608 διατειχισθείσαν
800 2539 961 2606 ἔσχον
1003 2534 1291 2592 ἱππήλατον
1323 2552 1334 2564 ’
1387 2538 1475 2586 καὶ
1507 2534 1574 2584 ὧν
1615 2534 1664 2584 έν
1696 2538 1756 2604 τῇ

161 2626 396 2700 λεωφόρῳ
478 2627 964 2682 κατεποντίσθησαν
1051 2624 1350 2695 Αἰγύπτιοι,
1432 2643 1481 2674 οι
1544 2621 1760 2693 γαληνοῦ,

163 2720 253 2768 καὶ
311 2715 592 2788 ἀκύμαντοι
658 2715 849 2785 λιμένες
922 2718 1218 2785 γεγόνασιν,
1303 2712 1448 2765 εἰκὼν
1519 2711 1761 2772 πολλάκις

171 2808 392 2878 φανέντες
465 2804 568 2856 ἀπὸ
636 2812 735 2855 τῶν
816 2803 864 2854 ἓν
929 2803 1107 2865 αὐτοῖς
1176 2809 1355 2875 φόνων,
1410 2802 1514 2854 οἷον
1573 2800 1761 2875 ἐρυθρά

175 2893 422 2946 θάλασσα.
483 2891 543 2944 Ὁ
603 2888 652 2943 δ’
710 2891 956 2966 ἐπιρρέων
1010 2895 1238 2962 ποταμός
1283 2895 1375 2948 τὴν
1437 2889 1582 2942 πόλιν
1638 2892 1761 2941 ποτε

167 2984 258 3054 μὲν
310 2981 498 3056 ἐρήμου
556 2989 650 3039 τῆς
704 2978 931 3052 ἀνύδρου
991 2980 1262 3055 ξηρότερος
1299 2980 1468 3052 ὤφθη,
1505 2983 1594 3029 καὶ
1632 2979 1756 3050 μᾶλ-

163 3070 246 3123 λον
298 3067 597 3142 αὐχμώδης
653 3068 865 3134 ἐκείνης,
929 3070 991 3127 ἣν
1032 3065 1762 3142 διαπορευόμενοςόΊσραὴλ

1867 571 2011 637 lam,
2053 573 2112 628 in
2165 589 2286 646 qua
2333 573 2640 631 seditionis
2700 576 3110 635 Alexandrinae
3149 579 3518 639 mentionem

1869 660 2114 734 faciens,
2144 662 2223 720 ad
2246 662 2408 719 hunc
2438 664 2690 722 modum
2719 665 2923 723 scribit
2951 683 2964 724 :

2496 880 2720 936 CAPUT
2759 878 2891 936 XIX.

2154 1002 2236 1059 De
2264 1001 2546 1062 seditione
2564 1004 2781 1075 populi
2807 1003 3237 1064 Alexandrini.

1945 1215 1973 1247 ‹‹
2005 1195 2158 1261 Quid
2186 1211 2301 1268 ego
2354 1197 2615 1255 admirer
2652 1199 2892 1256 difﬁcile
2921 1216 3070 1266 esse,
3124 1217 3262 1257 cum
3293 1202 3379 1258 eis
3417 1201 3523 1276 qui

1870 1300 2094 1355 magna
2115 1285 2386 1342 locorum
2412 1287 2856 1360 intercapedine
2879 1305 2916 1346 a
2946 1290 3125 1346 nobis
3149 1296 3288 1347 sunt
3307 1291 3522 1358 dissiti,

1870 1389 1976 1446 per
2026 1375 2306 1447 epistolas
2358 1391 2534 1447 agere
2564 1379 2592 1434 ?
2625 1380 2772 1434 Cum
2821 1379 2876 1434 in
2937 1379 3190 1436 dubium
3232 1381 3522 1448 venerim,

1869 1465 2179 1536 quomodo
2234 1465 2361 1536 ipse
2393 1481 2631 1522 mecum
2662 1467 2992 1539 colloquar,
3029 1474 3084 1524 et
3125 1470 3253 1542 ipse
3307 1470 3526 1527 animas

1869 1569 2020 1609 mem
2050 1554 2362 1609 consulam
2384 1557 2412 1611 ‘I
2467 1556 2554 1611 Ad
2607 1556 2738 1627 ipsa
2763 1557 2922 1612 enim
2966 1559 3194 1614 viscera
3225 1575 3379 1629 mea,
3411 1560 3527 1617 hoc

1871 1649 1982 1708 est,
2016 1642 2094 1700 ad
2120 1643 2330 1700 fratres
2353 1645 2457 1716 qui
2478 1645 2750 1715 ejusdem
2778 1651 2916 1702 sunt
2941 1648 3338 1716 contubernii,
3360 1651 3529 1723 ejus-

1869 1733 2008 1787 dem
2058 1734 2265 1799 animi,
2325 1733 2596 1804 ejusdem
2644 1735 2780 1790 vita
2837 1735 3108 1802 instituti,
3159 1743 3216 1793 et
3254 1739 3527 1810 ejusdem

1795 1847 1836 1901 Β
1872 1821 2164 1885 Ecclesiae,
2219 1821 2484 1893 epistolis
2542 1839 2698 1894 opus
2755 1830 2884 1879 est:
2934 1840 3163 1898 easque
3216 1827 3525 1898 quomodo

1869 1909 2113 1981 perferri
2145 1926 2370 1976 curem,
2411 1913 2632 1966 durum
2673 1917 2730 1968 et
2769 1928 2956 1984 prope
2995 1914 3365 1986 impossibile
3406 1921 3518 1974 est.

1873 1997 2123 2052 Facilius
2163 2013 2426 2070 namque
2473 1998 2689 2069 aliquis
2718 2015 2837 2055 non
2864 2000 3000 2056 dico
3029 2001 3088 2056 in
3125 2001 3527 2076 longinquum

1870 2085 2056 2141 exsilii
2088 2085 2308 2151 locum,
2335 2087 2439 2143 sed
2465 2088 2543 2143 ab
2565 2087 2797 2144 Oriente
2815 2089 2892 2145 ad
2921 2090 3300 2148 Occidentem
3333 2099 3531 2150 trans-

1869 2175 2018 2240 ierit,
2051 2191 2236 2247 quam
2284 2175 2704 2233 Alexandriam
2728 2194 2799 2232 ex
2828 2178 2960 2250 ipsa
3005 2179 3365 2238 Alexandria
3398 2199 3528 2255 per-

1871 2269 2057 2334 agret.
2115 2268 2310 2336 Longe
2341 2265 2566 2337 quippe
2603 2267 2921 2322 solitudine
2951 2267 3052 2324 illa
3083 2268 3316 2327 deserta
3346 2277 3527 2343 atque

1869 2353 2052 2418 invia,
2088 2371 2273 2425 quam
2321 2354 2560 2409 duabus
2592 2355 2869 2411 aetatibus
2904 2372 3007 2411 seu
3039 2359 3527 2426 generationibus

1869 2441 1972 2497 ﬁlii
2025 2441 2202 2497 Israel
2254 2445 2742 2514 pertransierunt,
2794 2445 3188 2516 periculosior
3246 2446 3425 2521 410
3471 2455 3531 2506 et

1872 2531 2210 2602 impeditior
2258 2539 2348 2587 est
2395 2532 2593 2588 media
2625 2533 2880 2588 civitatis
2929 2534 3057 2589 via:
3088 2541 3144 2590 et
3195 2542 3346 2592 mari
3387 2538 3526 2594 item

1869 2619 1990 2686 illo,
2023 2620 2188 2693 quod
2227 2620 2307 2676 illi
2338 2621 2596 2677 divisum
2629 2627 2684 2677 et
2713 2623 2773 2677 in
2802 2622 3096 2694 parietum
3136 2623 3393 2683 formam
3435 2644 3530 2685 re-

1870 2709 2115 2764 dactum
2149 2709 2262 2764 late
2306 2709 2645 2766 habuerunt
2697 2711 2995 2782 pervium,
3027 2718 3084 2768 et
3141 2713 3324 2785 quieti
3368 2722 3528 2772 tran-

1870 2798 2154 2872 quillique
2181 2806 2409 2871 partus,
2436 2815 2644 2855 eorum
2675 2799 2969 2856 ﬂuctuum
3002 2801 3061 2856 in
3102 2819 3362 2874 quorum
3405 2812 3524 2863 tra-

1866 2889 2028 2961 jectu
2076 2889 2332 2959 Egyptii
2407 2895 2546 2944 sunt
2599 2889 2916 2955 submersi,
2967 2892 3227 2962 speciem
3280 2910 3403 2966 pra:
3462 2913 3526 2954 se

1871 2978 2149 3042 tulerunt,
2200 2978 2345 3031 dum
2401 2977 2739 3049 frequenter
2796 2984 3037 3050 propter
3076 2981 3269 3037 credes
3323 2984 3382 3039 in
3414 2984 3525 3041 illis

1870 3067 2166 3122 factitatas
2207 3065 2429 3121 similes
2475 3065 2655 3121 Rubri
2711 3067 2893 3124 maris
2933 3079 3364 3140 apparuerunt.
3415 3074 3527 3140 Qui

159 3161 320 3221 οὕτως
369 3157 640 3230 ἐδίψησεν,
702 3160 769 3220 ὡς
839 3165 1004 3217 Μωσῆ
1066 3162 1155 3231 μεν
1215 3158 1518 3228 καταϐοᾴν·
1571 3156 1759 3230 ῥυῆναι

1872 3171 2012 3210 vero
2044 3171 2150 3228 per
2182 3155 2393 3210 urbem
2443 3155 2637 3227 ipsam
2674 3156 2917 3228 proﬂuit
2947 3158 3162 3225 amnis,
3197 3159 3526 3233 aliquando

159 3246 218 3302 δὲ
277 3249 449 3310 αὐτοῖς
504 3251 647 3321 παρά
702 3255 795 3300 τοῦ
851 3250 1126 3319 θαυμάσια
1183 3254 1457 3307 ποιοῦντος
1510 3251 1666 3317 μόνου
1707 3244 1760 3296 ἐκ

152 3344 343 3411 πέτρας
396 3337 691 3411 ἀκροτόμου
740 3341 914 3390 ποτόν.
979 3340 1108 3388 Πότε
1165 3333 1222 3388 δε
1277 3343 1522 3395 τοσοῦτος
1567 3335 1759 3408 ἐπλήμ·

153 3448 334 3502 μυρεν,
381 3430 449 3488 ὡς
494 3432 668 3480 πᾶσαν
722 3430 814 3483 τὴν
873 3431 1171 3500 περίχωρον
1219 3426 1314 3486 τάς
1369 3444 1420 3476 τε
1475 3421 1632 3485 ὀδοὺς
1670 3430 1759 3477 καὶ

154 3522 277 3578 τοὺς
325 3516 513 3589 ἀγροὺς
577 3514 950 3579 ἑπικλύσαντα,
1026 3523 1117 3573 τῆς
1173 3517 1256 3565 επὶ
1329 3520 1443 3566 Νῶε
1489 3518 1760 3586 γενομένης

154 3614 248 3660 τοῦ
292 3603 488 3666 ὕδατος
517 3611 674 3678 φορᾶς
730 3604 1006 3676 ἐπαγαγεῖν
1061 3602 1294 3661 ἀπειλήν.
1355 3602 1464 3656 Ἀεὶ
1516 3599 1573 3654 δε
1605 3605 1758 3675 αἷμα-

154 3717 206 3751 τι
257 3701 344 3749 καὶ
394 3697 562 3768 φόνοις
603 3699 692 3746 καὶ
744 3699 1187 3765 καταποντισμοῐς
1226 3694 1433 3744 κάτεισι
1471 3696 1757 3764 μεμιασμέ-

153 3803 279 3847 νος·
329 3786 434 3844 οἷος
482 3785 581 3835 ὑπὸ
640 3791 804 3854 Μωσῇ
865 3786 1039 3854 γέγονε
1086 3790 1156 3851 τῷ
1214 3785 1399 3854 Φαραὼ
1457 3779 1756 3852 μεταϐαλὼν

153 3876 226 3938 εἰς
274 3875 404 3946 αἷμα
455 3877 545 3924 καὶ
597 3871 874 3934 έποςέσας,
943 3875 1040 3924 Καὶ
1093 3877 1244 3921 ποῖον
1307 3869 1494 3941 γένοιτ’
1551 3868 1610 3919 ἂν
1667 3876 1758 3922 τοῦ

150 3969 325 4017 πάντα
397 3964 735 4036 καθαίροντος
787 3959 980 4021 ὑδατος
1040 3956 1184 4034 ὕδωρ
1250 3959 1372 4010 ἄλλο
1429 3960 1754 4033 καθάρσιον;

148 4060 272 4115 Πῶς
302 4051 361 4104 ἆν
419 4053 444 4104 6
490 4052 650 4112 πολὺς
710 4055 802 4102 καὶ
857 4049 1142 4122 ἀπέραντος
1195 4047 1485 4121 ἀνθρώποις
1519 4048 1759 4108 Ὠκεανὸς

149 4145 449 4214 ἓπιχυθεὶς,
483 4146 577 4200 τὴν
624 4143 816 4212 πικρὰν
847 4143 1042 4196 ταύτην
1093 4138 1413 4210 ἀποσμήξειε
1451 4137 1755 4202 θάλασσαν;

143 4230 217 4284 Ἢ
276 4240 383 4293 πῶς
435 4230 494 4282 ἀν
561 4231 586 4282 ὀ
654 4234 812 4302 μέγας
865 4232 1097 4302 ποταμὸς
1168 4229 1193 4279 6
1251 4227 1648 4300 ἐκπορευόμενος
1708 4225 1760 4288 ἐξ

141 4318 337 4393 Ἐδὲμ,
389 4319 472 4372 ἐπὶ
529 4323 622 4381 τὰς
660 4323 921 4394 τέσσαρας
974 4317 1143 4390 ἀρχὰς
1188 4316 1260 4379 εἰς
1312 4316 1374 4377 ἃς
1429 4315 1755 4388 ἀφορίζεται,

142 4412 536 4482 μετοχετεύσας
589 4409 658 4470 εἰς
719 4412 840 4480 μίαν
880 4414 972 4459 τοῦ
1031 4411 1190 4458 Γαιων
1255 4405 1546 4458 ἀποπλῦναι
1578 4408 1636 4456 16
1675 4403 1760 4456 λύ-

143 4501 324 4572 θρον;
383 4496 450 4550 Ἠ
512 4502 635 4550 πότε
688 4498 712 4548 6
775 4496 1118 4568 τεθολωμένος
1176 4496 1276 4546 ὑπὸ
1352 4503 1452 4546 τῶν
1525 4501 1759 4567 πονηρῶν

140 4589 484 4659 πανταχόθεν
561 4585 956 4657 ἀναθυμιάσεων
1015 4584 1114 4658 ἀὴρ
1175 4583 1451 4658 εἰλικρινὴς
1511 4587 1756 4654 γένοιτο;

136 4685 397 4732 Τοιοῦτοι
447 4678 546 4748 γὰρ
602 4674 703 4727 ἀπὸ
742 4683 833 4735 τῆς
870 4682 966 4746 γῆς
1022 4673 1176 4746 ἀτμοὶ
1215 4678 1304 4724 καὶ
1336 4672 1436 4724 ἀπό
1490 4672 1760 4733 θαλάσσης

136 4769 357 4841 ἄνεμοι,
420 4773 665 4838 ποταμῶν
713 4783 765 4816 τε
823 4760 980 4837 αὖραι
1036 4767 1127 4814 καὶ
1200 4762 1412 4834 λιμένων
1482 4759 1762 4820 ἀνειλὴσεις

135 4856 526 4921 ἄποπνέουσιν,
604 4856 669 4916 ὡς
722 4857 1027 4926 σηπομένων
1086 4851 1134 4904 ἐν
1192 4857 1327 4903 πᾶσι
1380 4856 1491 4911 τοῖς
1559 4852 1762 4902 ὑποκει-

132 4946 334 5018 μένοις
390 4949 675 5017 στοιχείοις
705 4952 915 5016 νεκρῶν,
966 4943 1142 5014 ἰχῶρα
1192 4937 1317 4992 εἶναι
1372 4941 1460 5000 τάς
1511 4936 1758 5009 δρόσους.

132 5033 283 5088 Εἶτα
339 5034 675 5107 θαυμάζουσι
715 5037 806 5085 καὶ⁹
853 5029 1172 5102 διαποροῦσι
1223 5031 1376 5082 ποθεν
1434 5030 1483 5080 οἱ
1524 5036 1762 5100 συνεχεῖς

131 5124 328 5196 λοιμοί
355 5143 370 5156 °
411 5126 568 5178 πόθε-ν
619 5124 673 5176 αἱ
719 5121 951 5195 χαλεπαὶ
1003 5125 1148 5172 νόσοι
1181 5137 1192 5148 '
1225 5121 1377 5170 πόθεν
1410 5120 1464 5169 αἱ
1503 5113 1765 5169 παντοδα-

133 5219 243 5266 παὶ
285 5215 472 5285 φθοραί
506 5229 520 5242 ·
553 5213 709 5265 πόθεν
740 5213 766 5264 6
817 5209 1051 5271 ποικίλος
1087 5213 1176 5261 καὶ
1229 5207 1387 5269 πολὺς
1418 5216 1517 5258 τῶν
1571 5207 1762 5278 ἀνθρὼ-

132 5323 261 5355 πων
297 5303 545 5375 ὤιεθρος;
581 5299 674 5353 διὰ
730 5306 781 5353 τί
819 5305 1008 5373 μηκέτι
1061 5305 1282 5350 τοσοῦτο
1323 5297 1520 5357 πλῆθος
1558 5296 1762 5354 οἰκητό-

133 5413 254 5465 ρων
303 5394 333 5449 ἡ
395 5397 616 5464 μεγίστη
677 5389 823 5452 πόλις
875 5391 925 5442 ἐν
993 5389 1123 5460 αὐτῇ
1190 5391 1345 5460 φέρει,
1410 5385 1511 5438 ἀπὸ
1568 5390 1764 5442 νηπίων

137 5481 421 5556 ἀρξαμένη
456 5477 662 5533 παίδων
691 5485 856 5553 μέχρι
905 5488 1004 5530 τῶν
1036 5478 1107 5538 εἰς
1146 5479 1303 5548 άκρον
1349 5481 1714 5548 γεγηρακότων
1749 5491 1762 5503 °

135 5575 317 5632 ὅσους
371 5570 724 5642 ὠμογέροντας
776 5568 862 5628 οὒς
901 5568 1069 5619 ἐκάλει
1119 5571 1366 5640 πρότερον
1421 5568 1590 5628 ὄντας,
1632 5566 1766 5636 ἔτρε-

136 5678 295 5736 φεν;
371 5657 558 5714 ’Δλλοι
605 5663 1120 5733 τεσσαρακοντοῦται
1190 5659 1281 5707 καὶ
1336 5647 1502 5728 μέχρι
1567 5661 1666 5705 τῶν
1725 5650 1767 5705 0'

1870 3243 2116 3317 quidem
2173 3244 2318 3299 solis
2372 3243 2485 3299 illis
2524 3250 2580 3300 et
2640 3245 2949 3318 inaquosis
2993 3247 3166 3314 locis,
3222 3265 3329 3320 per
3371 3266 3528 3322 quos

1871 3333 2048 3389 Israel
2094 3334 2376 3388 incedens
2432 3350 2624 3406 usque
2678 3334 2830 3390 adeo
2871 3335 2964 3390 siti
3018 3342 3105 3392 est
3155 3353 3419 3408 pressus,
3463 3345 3526 3396 ut

1869 3425 2158 3482 adversus
2196 3427 2414 3480 Mosem
2455 3423 2903 3492 vociferaretur,
2931 3429 2988 3482 et
3014 3426 3092 3482 ab
3123 3443 3194 3483 eo
3223 3429 3327 3500 qui
3363 3429 3529 3485 solus

1869 3513 2229 3571 admiranda
2268 3513 2426 3579 facit,
2483 3528 2554 3568 ex
2594 3512 2889 3569 altissima
2918 3520 2974 3570 et
3003 3515 3324 3572 durissima
3379 3534 3527 3590 rupe

1869 3603 2035 3658 unda
2078 3600 2418 3673 proﬂueret,
2465 3601 2632 3656 visus
2671 3609 2761 3657 est
2790 3602 2976 3658 multo
3017 3604 3240 3660 aridior
3287 3606 3529 3663 siccior-

1867 3707 2005 3765 que.
2047 3690 2387 3763 Aliquando
2440 3694 2639 3745 autem
2691 3690 2750 3745 in
2795 3696 3027 3746 tantum
3078 3694 3420 3762 exundavit,
3463 3701 3530 3753 ut

1867 3782 2128 3837 vicinam
2177 3779 2483 3849 regionem
2540 3781 2904 3846 universam,
2957 3781 3207 3854 viasque
3259 3791 3316 3840 et
3343 3801 3523 3856 agros

1867 3885 2078 3925 omnes
2129 3868 2354 3923 diluvio
2408 3868 2693 3934 obruerit,
2751 3884 3006 3940 eamque
3056 3886 3192 3942 quin
3237 3872 3350 3929 sub
3406 3877 3527 3932 Noe

1867 3958 1997 4025 fuit,
2022 3973 2083 4012 se
2098 3973 2270 4029 aqua:
2289 3956 2742 4012 inundationem
2768 3957 3167 4015 adducturum
3187 3975 3318 4018 esse
3336 3963 3527 4019 mina-

1870 4053 1963 4102 tus
1997 4047 2092 4100 sit.
2125 4047 2370 4116 Semper
2400 4044 2678 4117 equidem
2707 4061 2937 4112 cruore,
2969 4047 3236 4103 caedibus
3275 4051 3527 4108 civium-

1868 4154 1984 4210 que
2015 4136 2468 4192 submersorum
2510 4135 3006 4193 suﬂ'ocationibus
3037 4138 3292 4196 infectus
3325 4142 3432 4198 fuit
3469 4148 3526 4200 et

1870 4227 2345 4282 contaminatus:
2374 4224 2572 4296 qualis
2607 4225 2699 4279 ille
2727 4225 3050 4282 Pharaonis
3080 4244 3186 4300 per
3216 4230 3422 4287 Mosen
3462 4232 3524 4288 in

1871 4315 2233 4384 sanguinem
2289 4330 2633 4380 conversus,
2684 4319 2741 4369 et
2769 4317 3123 4387 sanguinem
3175 4318 3342 4374 olens
3382 4320 3515 4379 fuit.

1871 4407 2013 4470 Quae
2070 4420 2213 4460 vero
2260 4402 2524 4458 fluminis
2573 4403 2704 4474 ejus
2761 4405 2927 4476 quod
2979 4414 3258 4479 repurgat
3295 4411 3522 4480 omnia,

1869 4494 2192 4566 reperietur
2237 4493 2528 4563 expiatrix
2573 4491 2737 4548 unda
2767 4494 2797 4545 ‘2
2853 4492 3168 4559 Quomodo
3198 4497 3378 4553 etiam
3411 4500 3524 4555 im-

1872 4599 2116 4638 mensus
2138 4587 2193 4637 et
2212 4581 2558 4636 hominibus
2581 4581 3047 4652 impermeabilis
3075 4585 3368 4651 Oceanus,
3389 4587 3526 4645 huic

1871 4669 2245 4743 superfusus,
2279 4685 2557 4724 amarum
2614 4669 2728 4724 hoc
2777 4669 2999 4725 deteret
3038 4677 3215 4744 atque
3263 4675 3529 4733 abolebit

1872 4761 2120 4834 pelagus
2147 4758 2174 4813 ‘i
2210 4761 2323 4813 Aut
2348 4758 2658 4829 quomodo
2688 4758 2900 4828 ingens
2933 4759 3027 4814 ille
3056 4760 3276 4817 ﬂuvius
3317 4766 3421 4835 qui
3453 4782 3526 4822 ex

1873 4849 2053 4904 Edem
2082 4847 2402 4916 egreditur,
2437 4849 2485 4902 si
2527 4853 2785 4918 quatuor
2811 4848 3030 4919 capita,
3063 4850 3120 4903 in
3153 4866 3288 4921 quae
3320 4854 3528 4910 dividi-

1873 4943 1985 5003 tur,
2019 4936 2080 4990 in
2115 4951 2300 4990 unum
2336 4941 2536 5006 caput,
2571 4951 2786 5005 nempe
2816 4935 2875 4989 in
2906 4935 3144 4992 alveum
3178 4938 3341 4996 Geon
3368 4942 3526 4999 deri-

1872 5033 1987 5090 vet,
2013 5033 2321 5080 cruentam
2354 5024 2553 5080 abluet
2579 5023 2806 5078 saniem
2833 5023 2860 5078 ‘l
2919 5026 3235 5089 Quomodo
3265 5029 3528 5104 denique

1872 5131 1992 5181 aer,
2069 5131 2104 5169 a
2151 5113 2416 5168 cladium
2471 5113 2692 5183 ubique
2753 5117 3056 5168 tantarum
3105 5117 3530 5188 impurissimis

1875 5201 2353 5258 exhalationibus
2367 5200 2617 5256 infectus
2633 5206 2812 5272 atque
2829 5201 2948 5271 poll
2961 5208 3483 5275 utus,purgabitur
3500 5209 3528 5264 ?

1873 5293 2039 5349 Tanti
2063 5309 2098 5346 a
2121 5299 2276 5346 terra
2297 5306 2570 5361 vapores,
2600 5306 2636 5344 a
2668 5288 2820 5343 mari
2847 5291 3021 5355 venti,
3050 5307 3086 5346 a
3114 5291 3310 5350 ﬂuviis
3341 5313 3525 5364 aurae,

1874 5398 1910 5437 a
1940 5381 2233 5452 portubus
2288 5379 2611 5434 crassiores
2667 5377 2900 5433 nebulae
2955 5378 3238 5449 feruntur,
3274 5392 3333 5439 ut
3365 5388 3526 5443 tabe-

1876 5470 2179 5526 scentibus
2224 5485 2295 5524 ac
2342 5466 2773 5531 difﬂuentibus,
2805 5469 2864 5521 in
2910 5470 3196 5526 omnibus
3238 5475 3526 5545 subjectis

1877 5559 2198 5623 elementis,
2230 5558 2645 5622 cadaveribus,
2675 5571 2885 5611 cruore
2914 5566 3090 5614 roret.
3135 5563 3196 5616 Et
3223 5563 3526 5621 admiran-

1877 5654 1974 5706 tur
2001 5649 2202 5706 adhuc
2230 5653 2287 5706 et
2314 5648 2610 5712 dubitant,
2645 5645 2804 5702 unde
2834 5648 3132 5706 continuae
3173 5655 3528 5724 proveniant
