4036 6288
581 245 719 299 1167

576 460 656 514 ris
695 459 1088 523 calamitates,
1127 459 1289 514 unde
1338 463 1420 514 tot
1459 463 1516 514 et
1565 463 1686 513 tam
1728 457 1872 512 varii
1911 455 2230 512 hominum

577 547 844 603 interitus
873 549 902 600 ‘?
963 548 1116 614 Quid
1146 549 1227 604 ita
1281 553 1402 604 tam
1434 547 1638 617 ampla
1693 547 1924 609 civitas,
1958 561 2076 600 non
2108 551 2228 600 tam

577 637 917 708 frequentes
935 638 1062 708 jam
1090 637 1306 693 habeat
1324 637 1574 704 incolas,
1599 635 1648 690 si
1675 651 1778 690 eos
1804 635 1882 690 ab
1901 633 2229 690 infantibus

579 725 718 798 ipsis
744 742 935 798 usque
963 727 1039 782 ad
1061 742 1232 780 senes
1259 726 1593 796 decrepitos
1625 740 1940 779 recenseas
1971 739 2181 779 omnes
2213 739 2227 777 :

577 830 764 887 quam
795 820 970 870 antea
992 831 1197 870 eorum
1228 819 1481 878 tantum,
1507 831 1660 886 quos
1686 815 1886 869 crudae
1917 813 2232 867 senectutis

577 903 853 967 vocabat,
882 903 1072 959 fovit?
1122 903 1386 958 Aliorum
1437 919 1679 976 porroa
1732 901 2231 973 quadragenariis

579 1009 774 1064 usque
805 993 882 1048 ad
911 993 1406 1064 septuagenarios
1431 999 1595 1047 tanta
1617 991 1871 1046 antehac
1889 991 1994 1046 fuit
2039 989 2225 1046 multi-

579 1082 746 1149 tudo,
806 1087 870 1136 ut
906 1081 1138 1137 illorum
1173 1097 1492 1138 numerum
1525 1097 1684 1135 nunc
1738 1095 1859 1135 non
1890 1079 2228 1151 suppleant,

1883 237 2266 297 NICEPHORI
2307 235 2626 293 CALLISTl

575 369 939 440 pestilentiae,
971 369 1131 426 unde
1159 385 1372 439 graves
1400 368 1615 435 morbi,
1639 367 1798 423 unde
1826 367 2023 423 omnis
2054 381 2230 435 gene-
2259 378 2304 430 Α
2341 364 2462 416 ἑτῶν
2494 387 2506 398 -

3736 237 3755 290 l
3765 239 3832 292 168

2553 369 2802 416 τοσοῦτον
2849 361 3070 422 πλείονες
3108 365 3240 428 τότε,
3299 362 3431 414 ὥστε
3469 365 3535 432 μὴ
3577 363 3839 438 συμπληροῦ-

2340 457 2461 506 σθαι
2510 460 2597 504 νῦν
2642 456 2729 504 τόν
2787 451 3006 524 ἀριθμόν
3064 450 3232 503 αὐτῶν
3297 455 3740 525 προσεγγραφέντων
3778 458 3842 506 καὶ

2341 543 2788 614 συγκταλεγέντων
2859 541 2925 602 εἰς
3014 544 3071 593 τὸ
3159 538 3416 613 δημόσιον
3492 547 3727 614 στηρέσιον
3775 553 3843 594 τῶν

2339 635 2440 685 ἀπὸ
2494 628 2982 705 τεσσαρεσκαίδεκα
3025 629 3148 683 ἐτῶν
3204 636 3366 703 μέχρι
3402 639 3495 682 τῶν
3556 629 3844 702 ὁγδοήκοντα’

2338 727 2428 774 καὶ
2483 727 2759 793 γεγόνασιν
2818 723 2924 774 οἷον
2979 721 3254 778 ἡλικιῶται
3309 729 3405 772 τῶν
3477 721 3624 773 πάλαι
3667 725 3847 793 γεραιτά-

2339 831 2436 863 των
2481 813 2526 863 οἱ
2584 811 2700 882 ὄψει
2741 816 3004 865 νεώτατοι.
3048 815 3152 864 Καὶ
3205 811 3333 862 οὕτω
3371 814 3650 882 μειούμενον
3685 812 3748 863 ἀεὶ
3787 817 3848 862 καὶ

2342 898 2706 972 δαπανώμενον
2745 902 2960 962 ὁρῶντες
3025 903 3082 952 τό
3151 899 3233 952 ἐπὶ
3287 908 3387 972 γῆς
3444 899 3696 973 ἀνθρώπων
3731 905 3846 971 γένος,

2340 992 2398 1044 ού
2452 995 2730 1064 τρέμουσιν
2791 990 3070 1063 αὐξομένου
3122 994 3208 1043 καὶ
3262 996 3626 1066 προκόπτοντος
3670 998 3744 1042 τοῦ
3768 1010 3850 1042 παν-

2342 1080 2519 1141 τελοῦς
2549 1080 2713 1132 αὐτῶν
2755 1079 3072 1153 ἀφανισμοῦ.
3110 1101 3138 1129 ››

581 1187 718 1226 cum
750 1171 833 1226 eis
863 1177 1295 1228 accenseantur
1319 1177 1376 1226 et
1401 1171 1820 1233 attribuantur,
1853 1169 1928 1223 ad
1962 1168 2268 1239 publicam
2292 1170 2744 1242 percipiendam
2775 1185 3104 1236 annonam,
3130 1170 3230 1242 qui
3255 1168 3688 1242 quatuordecim
3716 1184 3848 1224 anno-

577 1277 712 1316 rum
748 1267 904 1325 sunt,
960 1276 1148 1332 usque
1178 1261 1256 1315 ad
1313 1261 1758 1329 octogenarios.
1821 1257 1992 1330 ﬁl],
2031 1260 2122 1314 Sic
2175 1259 2276 1330 qui
2309 1257 2473 1313 vultu
2516 1265 2655 1314 sunt
2706 1260 2970 1315 maxime
3009 1258 3283 1330 juvenili,
3329 1275 3535 1315 eorum
3565 1273 3706 1314 nunc
3730 1258 3852 1330 quasi

581 1349 844 1421 aequales
876 1355 1017 1404 sunt
1046 1349 1206 1417 facti,
1241 1349 1346 1420 qui
1375 1348 1518 1404 olim
1551 1354 1721 1403 erant
1746 1363 1917 1402 senes
1972 1347 2251 1402 maxime.
2285 1347 2349 1400 Et
2401 1361 2538 1400 cum
2578 1347 2638 1400 in
2671 1347 2840 1401 terris
2881 1361 3117 1417 semper
3153 1346 3408 1402 diminui
3449 1352 3619 1418 atque
3648 1344 3858 1400 consumi

577 1452 767 1508 genus
798 1437 1119 1495 hominum
1172 1437 1565 1509 conspiciant,
1621 1436 2024 1492 internecione
2055 1436 2326 1492 omnium
2359 1435 2552 1491 indies
2590 1435 2870 1507 gliscente
2901 1441 3082 1510 atque
3123 1442 3434 1507 grassante
3462 1451 3580 1492 non
3604 1433 3856 1492 contremi-

577 1531 770 1583 scunt.
802 1549 831 1577 ››

1221 1653 1444 1708 CAPUT
1488 1654 1590 1708 XX.

2967 1655 3179 1704 ΚΕΦΑΛ
3195 1695 3206 1706 .
3244 1650 3324 1705 ιζ’.

581 1759 667 1816 De
727 1757 1068 1829 pestilentia
1128 1757 1638 1838 saevissima,_quae
1707 1757 2098 1815 Alexandria
2150 1772 2175 1813 e

2265 1785 2304 1838 Β
2347 1761 2497 1832 Περὶ
2572 1765 2680 1809 τοῦ
2743 1758 3191 1838 ἐνσκήψαντος
3257 1757 3316 1811 ἕν
3379 1758 3534 1831 αύτῇ
3600 1757 3855 1815 ἀπλήστου

1255 1835 1556 1901 grassata.

655 1936 794 1992 Post
823 1936 1177 1993 seditionem
1219 1942 1418 1992 autem
1452 1937 1786 2009 pestilentia
1816 1936 2148 1992 admodum
2174 1936 2234 1990 in

586 2027 732 2082 urbe
784 2027 991 2082 saeviit.
1051 2028 1293 2082 Etcum
1327 2026 1627 2097 paschalis
1666 2026 1792 2080 dies
1849 2043 1958 2096 pro
2011 2025 2237 2080 foribus

587 2122 759 2184 esset,
791 2117 869 2172 ad
898 2115 1110 2172 fratres
1149 2117 1369 2187 scripto
1402 2117 1585 2171 verba
1628 2115 1874 2183 faciens,
1907 2114 2238 2183 contagiosi

587 2206 782 2261 morbi
806 2222 1108 2261 aerumnas
1137 2204 1487 2276 hujusmodi
1516 2208 1752 2260 ornavit
1783 2205 1979 2259 verbis
2005 2222 2018 2259 :
2055 2204 2239 2258 «Aliis

586 2295 866 2367 equidem
897 2294 1263 2362 hominibus,
1299 2302 1362 2351 ut
1407 2311 1566 2350 nunc
1607 2311 1670 2349 se
1713 2311 1805 2350 res
1840 2294 2082 2355 habent,
2117 2308 2239 2348 non

585 2384 851 2440 videatur
880 2400 1010 2439 esse
1040 2384 1169 2438 festi
1219 2384 1334 2439 diei
1365 2384 1705 2440 celebrandi
1747 2390 2004 2455 tempus.
2039 2386 2240 2454 Neque

588 2474 741 2529 adeo
773 2473 883 2528 illis
914 2479 1000 2528 est
1028 2473 1120 2528 vel
1158 2473 1290 2537 tale,
1316 2474 1406 2528 vel
1431 2473 1593 2527 aliud
1625 2473 1974 2544 quodpiam,
2006 2489 2127 2527 non
2157 2471 2240 2526 lu-

589 2569 862 2618 ctuosum
897 2561 1053 2627 dico,
1087 2563 1190 2616 sed
1217 2562 1381 2634 quod
1417 2569 1472 2617 et
1501 2562 1574 2616 sit
1599 2568 1654 2617 et
1682 2562 1948 2616 videatur
1981 2561 2240 2616 maxime

584 2649 812 2707 laetum.
834 2654 1000 2706 Nunc
1025 2666 1170 2706 sane
1191 2650 1393 2721 lugent
1411 2651 1638 2718 omnia,
1665 2658 1916 2706 moerent
1936 2666 2167 2714 omnes,
2186 2655 2242 2704 et

584 2747 866 2795 resonant
895 2755 998 2810 per
1024 2738 1234 2794 urbem
1257 2741 1307 2809 ej
1321 2739 1538 2803 ulatus,
1567 2746 1806 2810 propter
1839 2747 2061 2795 tantam
2087 2755 2242 2794 mor-

589 2835 825 2884 tuorum
859 2829 1197 2900 etquotidie
1223 2828 1604 2882 morientium
1635 2829 2097 2883 multitudinem.
2127 2829 2242 2884 Sic-

588 2917 671 2973 uti
702 2917 861 2971 enim
913 2915 988 2971 de
1027 2917 1438 2988 primogenitis
1493 2917 1902 2988 Aigyptiorum
1954 2917 2241 2988 scriptum

588 3010 694 3069 est,
729 3006 811 3060 sic
838 3021 998 3060 nunc
1023 3021 1266 3076 quoque
1293 3005 1504 3074 ingens
1529 3013 1616 3059 est
1643 3005 1890 3060 clamor.
1926 3009 2051 3061 Non
2081 3007 2242 3060 enim

588 3102 676 3150 est
700 3094 942 3159 domus,
977 3095 1034 3148 in
1065 3110 1189 3165 qua
1217 3110 1340 3149 non
1372 3093 1698 3164 reperiatur
1731 3101 2022 3150 mortuus.
2052 3099 2242 3166 Atque

592 3185 822 3239 utinam
855 3199 974 3238 non
997 3185 1348 3255 reperiretur
1376 3205 1386 3247 ;
1413 3199 1554 3238 nam
1579 3189 1636 3237 et
1666 3185 1748 3238 eis
1775 3201 1910 3254 quae
1940 3184 2068 3239 haec
2099 3201 2244 3256 prae-

590 3279 895 3328 cesserunt
920 3273 1310 3343 temporibus,
1333 3272 1658 3343 permultas
1671 3278 1728 3328 et
1748 3289 1958 3342 graves
1979 3273 2245 3344 perpessi

592 3378 804 3417 sumus
842 3360 1233 3417 calamitates.
1266 3361 1329 3416 Et
1376 3379 1515 3415 cum
1549 3361 1655 3415 soli
1692 3377 1801 3416 nos
1852 3361 1929 3417 ab
1959 3362 2244 3417 omnibus

590 3450 996 3520 aﬂligeremur
1017 3458 1072 3504 et
1090 3466 1462 3514 necaremur,
1485 3450 1870 3504 nihilominus
1887 3458 2087 3506 tamen
2121 3457 2245 3506 tum

591 3555 835 3612 quoque
883 3540 1060 3595 festos
1102 3539 1334 3606 egimus
1379 3539 1545 3593 dies:
1600 3546 1656 3594 et
1699 3541 1897 3594 omnis
1930 3540 2248 3610 cujuslibet

590 3628 778 3685 cladis
835 3628 1025 3692 locus,
1081 3635 1410 3682 conventus
1484 3629 1701 3696 agendi
1759 3628 1934 3683 nobis
1996 3629 2245 3700 praebuit

591 3718 1082 3773 commoditatem
1117 3729 1130 3763 ε
1165 3732 1326 3786 ager,
1362 3715 1642 3782 solitudo,
1687 3717 2016 3784 navigium,
2049 3717 2248 3789 publi-

593 3823 729 3862 cum
764 3807 1182 3871 diversorium,
1215 3822 1434 3860 carcer.
1470 3807 1748 3861 Omnium
1793 3814 1990 3862 autem
2023 3807 2246 3861 laetissi-

595 3913 758 3950 mum
789 3895 1018 3950 Pascha
1052 3901 1300 3963 egerunt
1330 3895 1593 3966 perfecti,
1633 3895 1735 3965 qui
1768 3897 1823 3949 in
1859 3897 2007 3951 coelo
2040 3896 2245 3950 convi-

591 3989 832 4048 vantur,
868 3990 1191 4055 martyres.
1226 3987 1361 4038 Post
1385 4000 1486 4038 eas
1509 3983 1712 4038 clades
1738 3984 1959 4038 bellum
1979 3992 2034 4039 et
2066 3986 2244 4055 pesti-

590 4071 771 4127 lentia
800 4072 986 4136 irruit,
1029 4088 1165 4144 quae
1213 4088 1335 4127 una
1394 4089 1528 4126 cum
1569 4073 1846 4141 gentibus
1897 4074 2246 4144 pertulimus

594 4161 773 4216 mala.
822 4163 888 4215 Et
917 4161 1024 4215 soli
1073 4177 1180 4215 nos
1232 4161 1500 4230 quidem,
1531 4178 1664 4233 quas
1715 4162 1890 4216 nobis
1915 4170 2055 4217 sunt
2087 4163 2247 4218 illata

600 4250 958 4305 detrimenta
1006 4251 1359 4304 sustiuimus
1414 4267 1427 4314 ;
1497 4268 1616 4305 una
1653 4267 1789 4306 cum
1858 4251 1968 4306 illis
2020 4258 2242 4323 autem,

593 4355 728 4411 quae
752 4339 1007 4394 invicem
1034 4340 1146 4408 ipsi
1175 4339 1325 4394 inter
1348 4355 1410 4394 se
1431 4339 1524 4394 vel
1546 4339 1828 4407 fecerunt,
1853 4340 1944 4394 vel
1975 4343 2245 4412 perpessi

594 4436 753 4496 sunt,
789 4444 892 4500 per
939 4429 1262 4504 tumultum
1317 4428 1559 4492 scilicet,
1593 4429 1974 4484 toleravimus
2005 4431 2245 4501 dispen-

593 4517 730 4573 dia:
789 4517 894 4573 sed
944 4517 1151 4572 Christi
1201 4533 1439 4572 rursum
1490 4518 1790 4574 exbilarati
1834 4536 2044 4574 sumus
2074 4535 2242 4591 pace,

592 4622 776 4678 quam
811 4606 949 4661 solis
982 4606 1156 4661 nobis
1206 4608 1517 4661 concessit.
1570 4605 1717 4662 Cum
1762 4625 1898 4663 vero
1932 4609 2245 4678 paululum

594 4696 927 4750 admodum
946 4701 1001 4750 et
1031 4694 1204 4750 nobis
1233 4695 1453 4766 etipsis
1480 4696 1685 4751 datum
1705 4703 1877 4762 esset,
1906 4704 1965 4752 ut
1995 4699 2248 4769 respira-

591 4800 813 4849 remus,
865 4784 1218 4854 contagiosa
1261 4784 1389 4838 haec
1438 4783 1566 4839 lues
1617 4787 1820 4840 urbem
1858 4787 2074 4842 invasit
2106 4806 2117 4843 :
2154 4805 2246 4842 res

592 4881 751 4926 metu
785 4873 950 4928 omni
983 4873 1096 4926 illis
1128 4872 1484 4937 horribilior,
1514 4879 1567 4928 et
1597 4891 1866 4929 aerumna
1895 4876 2107 4946 quavis
2151 4893 2245 4931 ca-

588 4960 922 5017 lamitosior
950 4983 963 5016 :
993 4968 1068 5026 et,
1105 4968 1165 5017 ut
1194 4963 1443 5033 quidam
1479 4980 1686 5018 eorum
1719 4965 1862 5019 dixit
1906 4965 2241 5031 historicus,

589 5051 789 5106 clades
843 5067 962 5106 una
993 5053 1274 5122 opinione
1315 5058 1369 5106 et
1419 5069 1523 5124 spe
1557 5055 1830 5108 omnium
1891 5055 2083 5124 major
2121 5055 2238 5127 (t):

589 5141 766 5196 nobis
799 5157 936 5196 vero
963 5140 1444 5214 haudquaquam
1470 5142 1598 5198 talis
1629 5143 1728 5214 (2),
1757 5142 1859 5198 sed
1888 5159 2008 5199 non
2040 5144 2242 5200 minus

661 5302 736 5372 (1)
769 5307 995 5380 Πρᾶγρξα
1044 5306 1196 5380 μόνον
1259 5299 1326 5361 δὴ
1361 5312 1453 5365 τῆς
1511 5305 1712 5356 πάντων
1751 5301 1963 5367 ἐλπίδος
2009 5314 2240 5380 κρεῖττον

587 5378 849 5444 γενόμενον
864 5417 875 5429 .
914 5375 1016 5444 (Th
1027 5375 1226 5445 ucyd.)

661 5448 740 5518 ('2)
773 5448 1006 5518 «Pestis
1038 5448 1148 5501 ista
1187 5455 1244 5499 et
1274 5445 1420 5512 lues,
1453 5448 1556 5518 qui
1606 5448 1907 5504 horribilis
1954 5456 2012 5505 et
2040 5449 2239 5506 feralis

589 5516 841 5579 videtur,
875 5517 1424 5588 exploratjustitias
1473 5516 1870 5588 singulorum,
1922 5527 1978 5576 et
2007 5528 2236 5578 mentes

2280 4490 2326 4546 D

3010 1830 3269 1903 λοιμοῦ.

2417 1939 2562 1990 Μετὰ
2627 1933 2686 1989 δὲ
2743 1943 2832 1996 τὴν
2905 1939 3092 1990 στάσιν
3147 1935 3385 2010 λιμώδης
3437 1943 3580 1999 νόσος
3631 1944 3710 1996 τήν
3760 1939 3856 1990 πόλιν

2347 2026 2610 2084 ἐϐόσκετο.
2664 2026 2769 2080 Καὶ
2829 2036 2923 2089 τῆς
2989 2027 3165 2101 ἑορτῆς
3223 2029 3308 2080 ἐπὶ
3365 2031 3548 2101 θύραις
3594 2029 3746 2094 οὔσης,
3788 2037 3856 2088 τοῖς

2348 2113 2588 2188 ἀδελφοῖς
2657 2116 2867 2188 ὁμιλῶν,
2917 2120 2981 2169 τὰ
3044 2127 3141 2178 τῆς
3203 2122 3358 2170 νόσου
3408 2120 3547 2176 πάθη
3601 2115 3686 2170 διὰ
3725 2121 3853 2169 τούτων

2347 2206 2728 2276 ύπεσημαίνετο
2759 2222 2773 2235 ο
2847 2228 2873 2254 ‹‹
2931 2213 3052 2268 Τοῖς
3107 2210 3196 2277 μὲν
3248 2207 3419 2268 ἄλλοις
3486 2207 3742 2280 ἀνθρώποις
3798 2207 3852 2257 ei:

2349 2293 2409 2345 ἂν
2480 2291 2644 2356 δόξειε
2719 2298 2895 2367 καιρὸς
2947 2295 3129 2367 ἑορτῆς
3195 2293 3324 2348 εἶναι
3381 2299 3450 2350 τὰ
3498 2302 3721 2368 παρόντα.
3772 2291 3849 2347 Οὐδ’

2349 2386 2489 2435 ἔστιν
2535 2387 2704 2444 αύνοῑς
2743 2387 2859 2437 οὔτε
2917 2385 3084 2449 οὗτος,
3138 2389 3252 2438 οὔτε
3289 2406 3372 2448 τις
3422 2389 3608 2460 ἔτερος,
3651 2387 3740 2456 οὐχ
3772 2387 3845 2443 ὅπως

2349 2482 2448 2524 τὼν
2484 2472 2780 2538 ἐπιλοίπων,
2834 2472 2940 2525 ἀλλ’
2971 2471 3086 2527 οὐδ’
3127 2477 3172 2527 εἶ
3224 2495 3304 2537 τις
3355 2481 3649 2550 περιχαρής
3693 2477 3761 2538 ὦν,
3788 2475 3840 2528 oi:-

2353 2565 2461 2619 θείη
2516 2563 2764 2634 μάλιστα.
2813 2570 2918 2616 Νῦν
2974 2567 3064 2633 μὲν
3115 2583 3174 2635 γε
3233 2566 3418 2638 θρῆνοι
3448 2569 3651 2618 πάντα·
3683 2569 3754 2616 καὶ
3785 2583 3837 2614 εει-

2352 2654 2506 2704 θοῦσι
2558 2658 2741 2712 πάντες
2783 2672 2795 2684 ο
2836 2657 2926 2703 καὶ
2969 2661 3322 2725 περιηχοῦσιν
3373 2655 3601 2726 οἰμωγαὶ
3646 2659 3723 2712 τὴν
3761 2654 3842 2704 τών

2352 2737 2445 2792 διὰ
2473 2744 2532 2792 τό
2562 2741 2754 2802 πλῆθος
2806 2751 2903 2793 τῶν
2959 2744 3273 2800 τεθνηκότων
3321 2749 3416 2796 καὶ
3471 2753 3566 2796 τῶν
3597 2743 3851 2800 timerem:-

2349 2849 2448 2881 των
2503 2831 2781 2902 ὁσημέραι.
2831 2831 2918 2892 Ὠς
2973 2834 3072 2906 γὰρ
3141 2831 3224 2884 ἐπὶ
3298 2841 3404 2884 τῶν
3464 2839 3754 2906 πρωτοτόκων
3789 2839 3848 2880 τῶν

2352 2919 2656 2989 Αἰγυπτίων
2705 2924 3019 2992 γέγραπται,
3081 2924 3214 2972 οὕτω
3258 2927 3351 2974 καὶ
3405 2931 3496 2974 νῦν
3541 2925 3722 2994 ἐγενήθη
3750 2938 3843 2990 κριν-

2351 3012 2418 3078 γὴ
2479 3009 2696 3079 μεγάλη.
2755 3017 2831 3060 Οῦ
2870 3011 2970 3081 γάρ
3025 3012 3163 3062 ἐστιν
3203 3011 3366 3076 οἰκία,
3412 3014 3462 3064 ἐν
3574 3017 3660 3064 ούκ
3696 3015 3779 3062 ἔστιν
3806 3005 3835 3056 ἔτ

2353 3097 2483 3170 αὐτῇ
2536 3100 2830 3158 τεθνηκώς·
2883 3104 2972 3150 καὶ
3028 3098 3201 3171 ὄφελόν
3231 3114 3326 3170 ’γε’
3382 3103 3452 3160 εὶς
3509 3101 3662 3153 πολλά
3692 3097 3839 3171 ξὼἹὰθ

2353 3193 2443 3238 καὶ
2482 3184 2648 3252 δεινὰ,
2688 3193 2774 3239 καὶ
2809 3191 2874 3240 τὰ
2925 3191 3024 3262 πρὸ
3080 3193 3274 3241 τούτων
3327 3190 3685 3262 συμϐεϐηκότα
3719 3196 3848 3261 πρῶται

2354 3279 2489 3349 ἡμᾶς
2550 3277 2748 3334 ἤλασαν
2782 3295 2795 3306 ·
2857 3282 2945 3330 καὶ
3000 3277 3147 3350 μόνοι
3199 3282 3324 3351 πρὸς
3388 3283 3592 3334 πάντων
3640 3277 3854 3348 διωκόμεθα

2354 3372 2444 3418 καὶ
2506 3369 2894 3439 θανατούμενοι,
2954 3366 3283 3442 ἐωρτάσαμεν
3343 3375 3437 3422 καὶ
3497 3375 3622 3424 τότε.
3683 3374 3758 3422 Καὶ
3795 3370 3858 3423 πᾶς

2357 3458 2381 3508 ό
2441 3463 2530 3515 τῆς
2581 3458 2700 3508 καθ’
2773 3458 2994 3509 ἑκάστου
3078 3458 3300 3528 θλίψεως
3375 3465 3534 3523 τόπος
3597 3475 3854 3528 πανηγνραει

2355 3547 2480 3616 ἡμῖν
2532 3550 2710 3616 γέγονε
2773 3551 3008 3620 χωρίον·
3068 3545 3245 3620 ἀγρός,
3301 3551 3518 3622 ἓρημία,
3567 3557 3692 3614 ναῦς,
3735 3540 3850 3598 πανδο-

2355 3642 2522 3706 χεῖον,
2575 3631 2956 3709 δεσμωτήριον.
3005 3633 3369 3709 Φαιδροτάτην
3429 3635 3489 3692 δὲ
3536 3646 3699 3690 πασῶν
3731 3640 3845 3704 ἦγειῖιπ

2357 3723 2538 3797 ἑορτὴν
2603 3726 2652 3776 οἱ
2698 3724 2878 3776 τέλειοι
2933 3726 3194 3799 μάρτυρες
3252 3726 3572 3798 εύωχηίντες
3624 3725 3668 3778 ἐν
3712 3725 3848 3796 οὐραὶ.

2355 3814 2501 3864 Μετὰ
2553 3809 2612 3864 δὲ
2689 3819 2856 3865 ταῦτα
2915 3813 3127 3885 πόλεμος
3182 3819 3272 3866 καὶ
3334 3814 3517 3888 λοιμός
3581 3805 3854 3868 ἑπέλιιϐεγά

2357 3909 2462 3962 τοῖς
2513 3904 2680 3953 ἔθνεσι
2759 3898 3224 3973 πνδιηνέγκαμεν,
3285 3909 3436 3975 μόνοι
3497 3909 3584 3977 μεν
3633 3903 3856 3956 ὑποστάντες

2357 3993 2457 4042 ὅσα
2509 3994 2632 4062 ἡμῖν
2697 3989 3031 4060 ἐλυμήναντο,
3089 3993 3586 4063 παραπολαύσαντες
3639 3989 3689 4045 δὲ
3729 3994 3790 4042 καὶ
3820 3987 3855 4033 ’ἓν

2356 4079 2606 4141 ἀλλήλους
2678 4081 2990 4153 εἰργάσαντό
3071 4100 3124 4134 τε
3180 4088 3269 4135 καὶ
3337 4087 3643 4137 πεπόνθασι.
3710 4084 3783 4134 Καὶ
3821 4080 3854 4140 τξ

2355 4176 2592 4242 Χριστοῦ
2666 4169 2819 4220 πάλιν
2893 4169 3310 4244 ἐνηυφράνθημεν
3391 4173 3593 4248 εἰρήνη,
3651 4173 3702 4228 ἣν
3746 4174 3858 4239 μόνοις

2357 4261 2479 4329 ἡμῖν
2551 4255 2731 4312 ἔδωκε.
2813 4262 3154 4331 Βραχυτάτης
3211 4257 3269 4314 δε
3321 4263 3471 4333 ἡμῶν
3539 4283 3589 4315 τε
3633 4265 3707 4312 καὶ
3751 4256 3857 4308 αὐτῶν

2355 4352 2622 4419 τυχόντων
2692 4346 2940 4412 ἁναπνῆς,
3018 4351 3435 4422 ἑπικατέσκηψεν
3489 4353 3518 4410 ἡ
3585 4356 3716 4410 νόσος
3759 4345 3856 4396 αὖτε·

2355 4442 2592 4508 πρᾶγμαι
2659 4435 2818 4508 φόϐου
2903 4456 2956 4489 τε
3033 4442 3222 4500 παντὸς
3307 4439 3641 4514 φοϐερώτερον
3702 4437 3856 4488 ἐκείνοις.

2355 4531 2444 4577 καὶ
2502 4531 2772 4598 συμφορᾶς
2825 4526 2884 4586 ἧς
2959 4547 3093 4588 τινος
3144 4522 3232 4579 οὖν
3295 4531 3692 4606 σχετλιώτερον·
3727 4529 3788 4577 καὶ
3819 4523 3856 4574 ὡς

2354 4611 2494 4674 ἲδιός
2565 4635 2646 4676 τις
2717 4615 2885 4667 αὐτῶν
2959 4615 3242 4688 ἀπήγγειλε
3321 4625 3660 4693 συγγραφεὺς,
3713 4620 3856 4688 πρᾶγμ

2354 4709 2508 4774 μόνον
2562 4700 2630 4762 δὴ
2679 4713 2774 4766 τῆς
2830 4707 3031 4758 πάντων
3095 4703 3301 4768 ἐλπίδος
3357 4717 3585 4781 κρεῖττον
3625 4711 3852 4779 γενόμενον

2355 4795 2478 4863 ἡμῖν
2507 4790 2565 4844 δὲ
2617 4792 2674 4844 ού
2725 4801 2956 4846 τοιοῦτον
2998 4798 3108 4866 μὲν,
3139 4799 3429 4868 γυμνάσιον
3476 4795 3642 4851 δὲκαὶ
3676 4791 3853 4861 δοκίμιον,

2354 4879 2565 4943 οὐδενός
2647 4891 2746 4933 τῶν
2820 4883 2983 4936 ἄλλων
3065 4885 3273 4937 ἔλαττον
3305 4902 3319 4917 ⁶
3375 4886 3631 4960 ἀπέσχετο
3791 4879 3854 4946 γάρ

2353 4967 2476 5023 οὐδὲ
2499 4974 2643 5043 ἡμῶν
2670 4989 2681 5001 ’
2706 4971 2865 5030 πολλὴ
2901 4969 2960 5025 δὲ
2984 4973 3189 5036 ἐξῆλθεν
3220 4975 3293 5038 εἰς
3331 4980 3396 5028 τὰ
3427 4979 3566 5035 ἔθνη.
3599 4999 3622 5026 ››
3654 4969 3757 5030 Εἶτα
3786 4964 3854 5025 ἓξὲξ

2354 5058 2576 5134 ἐπιφέρει
2619 5066 2708 5114 καὶ
2739 5070 2906 5114 ταῦτα
2947 5082 2958 5094 ·
2997 5086 3024 5112 ‹‹
3054 5066 3118 5115 Οἱ
3147 5073 3273 5136 γοῦν
3312 5067 3544 5120 πλεῖστοι
3575 5074 3663 5118 τῶν
3699 5055 3849 5126 add?!»

2355 5151 2516 5220 ἡμῶν,
2575 5145 2647 5202 δι’
2705 5150 3127 5224 ὑπερϐάλλουσαν
3190 5153 3398 5226 ἀγάπην
3449 5161 3538 5208 καὶ
3587 5147 3843 5226 φιλαδελξιινι

2350 5309 2598 5385 humani
2643 5312 2876 5378 generis
2918 5314 3243 5378 examinat,
3293 5331 3370 5372 an
3393 5317 3633 5372 inﬁrmis
3670 5307 3838 5385 serviani

2352 5383 2504 5447 sani,
2519 5397 2594 5435 an
2612 5386 3246 5459 propinquicoguatos
3269 5389 3362 5459 pie
3383 5389 3639 5456 diligant,
3654 5383 3834 5459 anulis-

2349 5459 2594 5507 reantur
2614 5453 2914 5509 servorum
2937 5453 3350 5526 languentium
3369 5453 3609 5524 domini,
3631 5472 3695 5512 an
3707 5453 3832 5526 idepﬂ“

2350 5532 2554 5580 cantes
2598 5541 2792 5596 aegros
2839 5541 2963 5584 non
3013 5525 3292 5588 deserant
3329 5531 3573 5588 medici:
3610 5543 3676 5586 an
3697 5525 3828 5581 ἵει-οϐ’
