4036 6288
213 311 352 367 1169

212 433 544 509 ἀφειδοῦντες
605 433 797 487 ἑαυτῶν
843 437 933 486 καὶ
980 431 1206 492 ἀλλήλων
1277 436 1537 506 ἐχόμενοι,
1593 434 1806 487 ἐπισκο-
1839 440 1885 494 Α

210 534 428 586 ποῦντες
484 523 788 597 ἀφυλάκτως
850 527 969 584 τοὺς
1026 542 1330 587 νοσουντας,
1390 523 1617 595 λιπαρῶς
1679 525 1811 582 ὑπη-

211 618 532 690 ρετούμενοι,
610 615 972 686 θεραπεύοντες
1048 615 1096 665 ἓν
1176 620 1414 687 Χριστῷ,
1483 612 1812 671 συναπηλάτ-

211 724 361 758 τοντο
467 703 697 770 ἐκείνοις,
802 701 1164 774 ἀσμενέστατα
1256 709 1346 754 τοῦ
1421 705 1544 775 παρ’
1633 703 1812 775 ἐτέρων

211 793 664 866 ἀναπιμπλάμενοι
717 793 935 855 πάθους,
986 797 1076 843 καὶ
1133 797 1226 850 τήν
1276 796 1426 844 νόσον
1476 792 1549 864 ἐφ’
1600 793 1812 854 ἑαυτοὺς

1256 709 1346 754 τοῦ
1421 705 1544 776 παρ’

210 885 440 946 ἕλκοντες
503 883 603 935 ἀπὸ
664 891 763 933 τῶν
815 882 1059 944 πλησίον,
1118 886 1207 933 καὶ
1261 881 1456 942 ἑκόντες
1513 881 1815 954 ἀναμασσό-

209 995 354 1048 μενοι
433 975 528 1034 τὰς
602 968 899 1030 ἀληδόνας·
956 975 1043 1021 καὶ
1103 971 1280 1022 πολλοὶ
1358 977 1807 1042 νοσοκομησαντεη

207 1069 301 1116 καὶ
346 1063 606 1138 ῥώσαντες
663 1060 885 1134 ἑτέρους,
936 1058 1289 1123 ἐτελεύτησαν,
1348 1059 1502 1111 αύτόν
1552 1063 1636 1111 τόν
1686 1060 1814 1112 ἐκεί-

209 1175 308 1206 νων
341 1154 560 1206 θάνατον
605 1150 676 1211 εἰς
720 1150 936 1210 ἑαυτοὺς
968 1151 1442 1221 μεταστησάμενοι,
1475 1154 1564 1202 καὶ
1610 1154 1668 1202 τὸ
1718 1146 1814 1208 δη-

209 1240 383 1316 μῶδες
412 1243 559 1316 ῥῆμα
587 1245 748 1312 μόνης
787 1239 864 1292 ἀεὶ
893 1236 1079 1291 δοκοῦν
1137 1239 1515 1311 φιλοφροσύνης
1570 1241 1811 1310 ἔχεσθαι,

211 1337 344 1408 ἔργῳ
412 1329 480 1389 δὴ
540 1336 657 1383 τότε
713 1328 1082 1402 πλγηροῦντες,
1126 1327 1359 1389 ἀπιόντες
1388 1331 1592 1381 πάντων
1646 1329 1813 1391 αύτῶς

211 1420 510 1494 περίψημα.
551 1421 616 1470 Οἱ
661 1425 786 1489 γοῦν
835 1419 1046 1491 ἄριστοι
1077 1425 1176 1468 τῶν
1232 1418 1354 1488 παρ’
1399 1419 1524 1488 ἡμῖν
1579 1414 1812 1489 ἀδελφῶν

212 1519 398 1563 τοῦτον
441 1513 528 1561 τόν
581 1512 769 1580 τρόπον
823 1506 1160 1580 ἐξεχώρησαν
1199 1514 1290 1558 τοῦ
1353 1505 1490 1579 βίου,
1533 1505 1814 1579 πρεσϐύτε-

214 1605 297 1660 ροί
335 1603 389 1652 τέ
419 1617 552 1657 τινες
597 1601 688 1648 καὶ
735 1591 992 1660 διάκονοι,
1025 1600 1114 1646 καὶ
1144 1604 1242 1647 τῶν
1283 1594 1382 1647 ἀπὸ
1411 1603 1502 1647 τοῦ
1533 1595 1658 1647 λαοῦ
1700 1595 1812 1647 λίαν

213 1689 572 1759 ἐπαινούμενοι
606 1703 618 1715 ⁸
653 1685 717 1745 ὡς
770 1690 857 1736 καὶ
909 1692 1001 1736 τοῦ
1063 1687 1282 1736 θανάτου
1333 1692 1486 1736 τοῦτο
1543 1689 1600 1736 τό
1656 1682 1810 1750 εἶδος,

1251 306 1818 364 ECCLESIASTlC/E
1858 307 2215 364 HlSTORI/E
2255 309 2391 365 LIB.
2434 312 2526 366 VI.

3431 323 3573 377 11Ἷο

1920 436 2280 506 atquealia,
2320 439 2662 493 exercitium
2696 446 2876 513 atque
2921 445 3270 516 exploratio.
3314 446 3442 502 Non
3487 447 3586 505 illa

1920 524 2165 596 quidem
2193 543 2227 579 a
2248 526 2423 581 nobis
2451 528 2756 596 abstinuit,
2788 530 2962 602 412
3002 551 3201 589 verum
3231 534 3419 591 multo
3450 549 3583 592 ma'

1919 614 2078 669 xime
2102 615 2159 668 in
2185 621 2389 684 gentes
2414 622 2500 671 est
2527 625 2816 686 grassata.
2847 643 2874 670 ››
2906 623 3195 695 Deinceps
3215 624 3345 680 haec
3368 625 3578 684 infert:

1922 725 1949 752 «
1984 703 2223 757 Plurimi
2255 705 2452 776 itaque
2485 705 2712 773 fratres,
2747 726 2856 778 pro
2887 712 3191 767 excellenti
3227 729 3335 768 suo
3378 730 3585 770 amore

1923 797 1981 848 et
2018 793 2278 848 fraterna
2309 796 2614 859 charitate,
2649 797 2760 852 sibi
2804 801 2947 869 ipsis
2996 817 3115 856 non
3157 808 3493 873 parcentes,
3527 808 3586 860 et

1923 881 2074 937 alius
2131 882 2208 936 ab
2257 883 2376 938 alio
2424 883 2677 939 invicem
2727 888 2945 943 animis
2979 890 3404 962 dependentes,
3459 893 3585 948 sine

1923 979 2085 1025 metu
2127 973 2290 1026 omni
2331 981 2584 1044 mgrotos
2626 976 2936 1032 visitarunt
2971 994 2983 1032 :
3015 985 3070 1034 et
3113 995 3335 1049 magno
3385 982 3585 1038 studio

1922 1066 1979 1115 et
2017 1077 2160 1116 cura
2189 1060 2302 1115 illis
2334 1062 2396 1116 in
2426 1064 2656 1119 Christo
2697 1066 3110 1138 inservientes,
3143 1085 3266 1125 una
3300 1086 3437 1125 cum
3471 1070 3584 1125 illis

1923 1151 2141 1205 mortui
2189 1157 2345 1216 sunt,
2402 1168 2693 1224 perquam
2753 1155 3000 1211 libenter
3063 1159 3323 1213 aliorum
3381 1159 3585 1216 dolore

1923 1240 2150 1310 seipsos
2179 1239 2513 1310 implentes,
2547 1243 2950 1316 morbumque
2981 1247 3395 1316 proximorum
3434 1248 3492 1303 in
3521 1265 3585 1305 se

1922 1329 2348 1399 pertrahentes,
2387 1346 2456 1386 ac
2497 1347 2618 1385 non
2663 1339 2906 1402 gravate
2945 1335 3184 1390 dolores
3221 1337 3580 1405 mitigantes.

1923 1417 2076 1472 Multi
2118 1424 2392 1472 curantes
2440 1427 2618 1491 atque
2654 1421 3079 1478 conﬁrmantes
3117 1424 3287 1490 alios,
3339 1425 3449 1496 ipsi
3488 1425 3586 1481 de-

1923 1512 2251 1572 cesserunt,
2277 1513 2528 1564 mortem
2550 1509 2784 1564 illorum
2806 1511 2864 1565 in
2885 1513 3117 1583 seipsos
3139 1513 3582 1571 transferentes.

1924 1596 2008 1650 Ita
2033 1595 2340 1665 vulgatum
2373 1597 2515 1652 illud
2554 1601 2826 1665 verbum,
2867 1602 3033 1671 quod
3070 1604 3364 1658 comitatis
3399 1604 3584 1660 solius

1923 1692 1978 1740 et
1995 1685 2421 1741 benevolentiae
2445 1703 2679 1758 semper
2701 1689 2896 1744 visum
2921 1697 3026 1756 est,
3054 1690 3224 1746 factis
3251 1699 3375 1747 tum
3396 1694 3586 1750 adim-

215 1776 312 1832 διὰ
361 1776 553 1834 πολλὴν
592 1773 853 1827 εὐσέϐειαν
905 1779 994 1826 καὶ
1049 1779 1228 1826 πίστιν
1272 1774 1495 1848 ἰσχυρὸν
1525 1779 1810 1846 γενόμενον,

1924 1775 2179 1844 pleruut,
2208 1775 2354 1829 dum
2383 1775 2458 1830 ad
2487 1793 2624 1831 eum
2652 1778 2904 1833 modum
2933 1779 3306 1845 decedentes,
3339 1797 3402 1836 se
3439 1783 3584 1852 peri-

213 1863 382 1941 μηδεν
414 1863 628 1918 ἀποδεῖν
657 1867 948 1936 μαρτυρίου
1003 1861 1195 1920 δοκεῖν.
1245 1869 1344 1916 Καὶ
1395 1867 1459 1916 τὰ
1500 1869 1720 1936 σώματα
1756 1863 1813 1917 δὲ

211 1967 314 2010 τῶν
351 1956 512 2027 ἁγίων
555 1956 766 2016 ὑπτίαις
805 1958 965 2025 χερσὶ
1021 1958 1110 2006 καὶ
1158 1952 1371 2013 κόλποις
1425 1952 1812 2021 ὑπολαμϐάνον-

209 2067 309 2112 τες,
364 2047 731 2120 καθαιροῦντες
779 2062 834 2094 τε
887 2042 1202 2113 ὀφθαλμοὺς,
1261 2047 1350 2094 καὶ
1402 2047 1636 2114 στόματα
1689 2063 1814 2114 συγ-

211 2136 481 2198 κλείοντες,
539 2135 925 2205 ὠμοφοροῦντές
979 2151 1034 2183 τε
1103 2136 1192 2184 καὶ
1259 2127 1595 2195 διατιθέντες,
1655 2152 1813 2205 προσ-

210 2225 539 2296 κολλώμενοι,
673 2221 1102 2294 συμπλεκόμενοι,
1216 2220 1448 2294 λουτροῖς
1571 2241 1623 2273 τε
1725 2227 1813 2273 καὶ

210 2312 550 2388 περιστολαῖς
595 2317 1070 2382 κατακοσμοῦντες,
1133 2313 1264 2382 μετὰ
1333 2314 1520 2385 μικρὸν
1587 2309 1814 2382 ἐτύγχα-

210 2423 295 2456 νον
345 2411 443 2455 τῶν
501 2404 649 2465 ἰσων,
732 2399 809 2452 ἀεὶ
875 2407 974 2451 τῶν
1032 2399 1439 2471 ὑπολειπομένων
1496 2400 1812 2472 ἑφεπομένων

212 2502 323 2556 τοῖς
359 2495 459 2567 πρὸ
492 2491 681 2542 αὐτῶν.
708 2493 786 2542 Τὰ
834 2486 893 2542 δέ
938 2508 998 2560 γε
1040 2491 1155 2546 ἔθνη
1187 2493 1288 2540 πᾶν
1336 2491 1629 2540 τούναντίον
1670 2504 1682 2516 ⁶
1722 2495 1812 2542 καὶ

209 2590 377 2636 νοσεῖν
419 2581 742 2656 ἀρχομένους
793 2577 1092 2631 ἀπωθούντο
1125 2595 1138 2607 ·
1188 2583 1276 2630 καὶ
1343 2576 1624 2650 ἀπέφευγον
1693 2583 1814 2642 τοὺς

217 2671 487 2745 φιλτάτους
529 2687 542 2700 °
588 2672 673 2721 καὶ
705 2667 754 2719 ἐν
813 2675 929 2728 ταῖς
989 2664 1135 2726 ὁδοῖς
1191 2665 1427 2740 ἔρριπτον
1476 2669 1808 2739 ἡμιθνῆτας·

219 2767 309 2814 καὶ
342 2763 548 2833 νεκρούς
602 2757 832 2830 ἀτάφους
887 2755 1384 2822 ἀπεσκυϐαλίζοντο,
1446 2761 1538 2815 τὴν
1578 2765 1668 2809 τοῦ
1720 2761 1814 2810 θα-

221 2851 371 2902 νάτου
400 2845 649 2902 διάδοσιν
697 2851 784 2898 καὶ
831 2850 1102 2899 κοινωνίαν
1157 2848 1517 2920 ἐκτρεπόμενοι
1545 2863 1556 2875 ·
1610 2849 1670 2905 ἣν
1717 2847 1811 2899 οὐκ

222 2939 281 2996 ἦν
319 2943 400 2990 καὶ
448 2937 612 2990 πολλὰ
653 2940 1056 3008 μηχανωμένοις
1085 2933 1312 2986 ἐκκλῖναι
1340 2931 1446 3009 ῥάδ
1454 2955 1546 2988 ιον.
1603 2955 1632 2987 ι)
1668 2939 1814 2989 Μετὰ

217 3024 277 3080 δὲ
326 3035 491 3080 ταῦτα
553 3026 955 3100 εἰρηνευσάντων
1012 3033 1110 3076 τῶν
1168 3027 1303 3076 κατά
1357 3029 1449 3083 τὴν
1500 3024 1646 3077 πόλιν
1702 3033 1811 3088 τοῖς

213 3119 348 3169 κατὰ
402 3121 496 3175 τὴν
565 3119 827 3186 Αἴγυπτον
913 3110 1170 3185 ἀδελφοῖς.
1246 3113 1584 3187 ἐορταστίτὴν
1660 3111 1810 3176 αὖθις
1843 3155 1883 3212 C

213 3204 498 3259 ἑπιστέλλει
585 3208 790 3277 γραφήν
842 3217 854 3230 ⁸

211 3295 386 3357 ἄλλοις
441 3297 645 3368 ἔγραφε.
691 3297 791 3345 Καὶ
840 3297 957 3366 περὶ
1007 3290 1274 3344 Σαϐϐάτου
1326 3288 1384 3344 δὲ
1425 3291 1584 3345 αύτοῡ
1631 3300 1803 3366 γραφὴ

915 3207 1004 3254 καὶ
1095 3203 1201 3274 μετ’
1269 3202 1462 3260 ἐκείνην
1544 3199 1809 3278 διαφόροις

213 3389 439 3459 φέρεται,
495 3387 585 3435 καὶ
636 3386 754 3457 περὶ
809 3386 1104 3453 γυμνασίου
1143 3380 1270 3438 α’λλη
1307 3399 1319 3414 ο
1378 3387 1466 3432 καὶ
1515 3385 1640 3453 πρὸς
1698 3383 1808 3456 Ἑρ-

212 3477 434 3548 μάμωνα
462 3469 542 3537 δε,
583 3476 672 3523 καὶ
723 3479 832 3532 τοῖς
886 3471 1002 3522 κατ’
1049 3473 1314 3541 Αἴγυπτον
1359 3470 1550 3541 ὁμιλῶν
1583 3468 1654 3523 δι’
1691 3472 1806 3523 ἔπι-

215 3563 422 3628 στολῆς,
473 3566 563 3614 καὶ
619 3561 749 3613 ἄλλα
776 3565 866 3632 μέν
909 3579 1089 3632 φησιν,
1159 3558 1285 3611 ἀλλὰ
1327 3566 1416 3612 καὶ
1466 3565 1584 3633 περὶ
1630 3566 1806 3613 Δεκίου

212 3657 303 3705 καὶ
355 3651 548 3705 Γάλλου
604 3654 694 3702 καὶ
750 3658 848 3712 τῆς
921 3654 1272 3723 κακοτροπίας
1343 3649 1510 3700 αὐτῶν
1565 3646 1804 3712 διέξεισι.

210 3749 317 3804 Τῆς
340 3738 398 3794 δε
428 3743 562 3793 κατὰ
579 3743 662 3793 τὸν
688 3739 935 3797 Γαλιηνόν
961 3739 1169 3811 εἰρήνης
1193 3743 1368 3810 μνείαν
1394 3746 1640 3793 ποιεῖται.

1925 1879 2134 1934 psema
2179 1865 2258 1934 (l)
2306 1866 2578 1920 omnium
2619 1881 2748 1920 esse
2794 1867 3184 1924 declararent.
3239 1872 3357 1925 Hoc
3408 1877 3583 1942 pacto

1923 1953 2135 2024 optimi
2161 1954 2324 2025 apud
2353 1969 2459 2008 nos
2492 1953 2721 2020 fratres,
2747 1957 3074 2028 presbyteri
3102 1959 3278 2014 etiam
3309 1959 3582 2030 quidam,

1924 2047 1979 2098 et
2008 2042 2265 2108 diaconi,
2294 2049 2348 2097 et
2378 2059 2446 2098 ex
2469 2043 2642 2114 plebe
2667 2044 3068 2102 laudatissimi
3096 2049 3342 2120 quique,
3371 2064 3444 2104 ex
3469 2050 3584 2105 hac

1924 2133 2043 2187 vita
2071 2132 2444 2200 emigrarunt
2484 2150 2497 2187 :
2544 2139 2605 2187 ut
2639 2133 2766 2204 jam
2808 2135 2867 2190 id
2907 2151 3095 2206 genus
3128 2138 3336 2192 mortis
3371 2139 3585 2209 pietate

1925 2221 2114 2276 multa
2147 2227 2202 2277 et
2243 2221 2360 2276 fide
2395 2222 2766 2290 roboratum,
2819 2240 2940 2279 non
2988 2226 3242 2281 multum
3286 2227 3588 2284 videretur

1923 2311 2131 2366 abesse
2157 2327 2191 2366 a
2222 2311 2528 2382 martyrio.
2558 2311 2621 2366 Et
2655 2319 3001 2368 sanctorum
3041 2313 3339 2371 cadavera
3379 2315 3461 2370 illi
3490 2332 3587 2372 su-

1922 2400 2080 2472 pinis
2101 2400 2381 2455 manibus
2400 2406 2454 2455 et
2473 2399 2608 2455 sinu
2631 2402 2921 2472 excipere,
2941 2403 3147 2458 oculos
3165 2406 3581 2476 comprimere,

1921 2505 2029 2546 ora
2073 2489 2368 2555 claudere,
2402 2493 2462 2546 in
2504 2491 2789 2546 humeros
2835 2491 3053 2556 tollere,
3086 2509 3468 2564 componere,
3505 2495 3585 2550 ad

1921 2596 1984 2635 se
2023 2579 2344 2651 applicare,
2375 2579 2707 2651 complecti,
2744 2580 2966 2648 lavare,
3004 2582 3271 2637 vestibus
3308 2583 3588 2639 funerati-

1920 2669 2036 2724 bus
2079 2685 2389 2734 exornare,
2433 2675 2488 2724 et
2527 2669 2709 2740 paulo
2755 2676 2888 2740 post
2927 2671 3142 2742 aequali
3185 2677 3338 2726 sorte
3385 2673 3586 2744 potiri,

1921 2757 2386 2829 superstitesque
2423 2773 2525 2813 eos
2554 2759 2657 2829 qui
2695 2766 3122 2830 praecesserant
3147 2761 3344 2815 statim
3381 2765 3590 2817 subse-

1919 2849 2041 2919 qui.
2084 2849 2293 2903 Gentes
2327 2863 2506 2919 porro
2537 2854 2746 2904 contra
2785 2849 2990 2904 omnia
3030 2849 3315 2914 fecerunt,
3347 2866 3451 2905 eos
3483 2850 3589 2923 qui

1920 2942 2208 3006 aegrotare
2262 2938 2582 3008 cmpissent
2621 2937 3040 3008 propellentes,
3095 2945 3150 2994 et
3203 2939 3588 2994 charissimos

1919 3042 2193 3097 quosque
2246 3025 2627 3093 refugientes,
2682 3028 3106 3082 semimortuos
3157 3028 3217 3082 in
3267 3027 3392 3084 vias
3448 3034 3590 3083 ster-

1919 3121 2146 3179 nentes,
2193 3120 2464 3170 mortuos
2519 3115 2852 3185 insepultos
2907 3116 3306 3188 projicientes,
3357 3133 3590 3173 succes-

1921 3207 2272 3276 sionemque
2320 3211 2376 3260 et
2422 3206 2914 3261 communionem
2964 3207 3170 3262 mortis
3218 3214 3584 3271 aversantes,

1919 3311 2102 3365 quam
2124 3299 2322 3350 tamen
2341 3295 2733 3365 quantumvis
2751 3295 2935 3350 multa
2961 3295 3344 3351 molientibus
3365 3296 3587 3351 evitare

1920 3384 2087 3439 facile
2141 3399 2263 3438 non
2321 3389 2464 3438 erat.
2516 3403 2544 3436 ››
2598 3384 2818 3438 Deinde
2865 3400 3002 3441 cum
3043 3384 3168 3458 jam
3221 3401 3292 3440 ea
3335 3385 3395 3439 in
3441 3383 3588 3439 urbe

1919 3473 2249 3545 pacatiores
2277 3478 2472 3527 essent
2497 3488 2606 3534 res,
2637 3473 2953 3544 Dionysius
2980 3475 3057 3528 ad
3079 3472 3292 3529 fratres
3328 3474 3384 3527 in
3407 3473 3586 3544 /Egy-

1919 3569 2020 3634 pto
2082 3561 2430 3616 Paschalem
2480 3562 2819 3632 epistolam,
2880 3571 2937 3618 et
2992 3579 3197 3617 rursus
3249 3562 3380 3617 aliis
3441 3561 3587 3618 alias

1920 3652 2170 3722 scripsit.
2207 3649 2632 3704 Circumfertur
2661 3651 2838 3706 ctiam
2867 3651 2997 3720 ejus
3027 3651 3102 3706 de
3135 3651 3399 3707 Sabbato
3449 3650 3589 3705 scri-

1920 3747 2111 3811 ptum,
2141 3745 2198 3793 et
2226 3739 2385 3794 aliud
2414 3739 2489 3793 de
2515 3739 2793 3794 exercitio
2824 3757 2836 3794 :
2867 3746 2922 3794 et
2947 3740 3025 3795 ad
3052 3741 3587 3796 Hermammonem

209 3832 540 3902 fratresque
571 3828 875 3901 Egyptios
901 3829 1124 3884 litteras
1153 3828 1438 3893 scribens,
1468 3829 1618 3884 inter
1644 3827 1764 3884 alia
1804 3829 1878 3884 de
1906 3831 2080 3885 Decio
2109 3835 2165 3884 et
2190 3827 2374 3893 Gallo,
2407 3828 2729 3900 pravisque
2756 3843 2964 3884 eorum
2994 3829 3264 3886 moribus
3309 3829 3589 3901 pleraque

209 3925 647 3977 commemorat
677 3936 690 3974 :
725 3924 780 3974 et
803 3917 1248 3990 tranquillitatis
1277 3932 1413 3990 quae
1445 3918 1558 3974 sub
1588 3917 1834 3974 Galieno
1874 3917 2001 3982 fuit,
2037 3918 2406 3973 mentionem
2445 3917 2605 3972 facit.

809 4039 1053 4089 ΚΕΦΑΛ.
1099 4032 1224 4088 ΚΑ’.

213 4131 367 4202 Περὶ
404 4129 708 4186 Νέπωτος
754 4128 1014 4184 καὶτῆς
1052 4122 1188 4175 κατ’
1246 4123 1438 4175 αὐτὸν
1477 4125 1810 4198 αἱρέσεως.

286 4233 400 4287 Ἐπὶ
447 4235 650 4293 τούτοις
692 4232 862 4283 ἅπασι
917 4235 1007 4283 καὶ
1065 4228 1162 4283 δύο
1205 4229 1386 4302 βιϐλία
1437 4235 1590 4304 Περὶ
1634 4229 1814 4302 ἒπὰγ-

2451 4032 2626 4105 413
2664 4035 2888 4089 CAPUT
2927 4034 3058 4089 xx1.

2320 4123 2404 4179 De
2435 4123 2663 4192 Nepote
2697 4130 2750 4179 et
2793 4122 3006 4179 haeresi
3042 4124 3189 4193 ejus.

1999 4230 2217 4286 Adhasc
2233 4229 2386 4284 duos
2406 4229 2591 4285 libros
2612 4232 2696 4286 De
2712 4231 3203 4300 promissionibus
3225 4232 3586 4304 composuit,

207 4323 444 4396 γελιῶν
501 4323 776 4374 συντάττει
807 4340 820 4354 ι
879 4321 944 4371 ὧν
977 4322 1006 4378 ἡ
1063 4322 1309 4383 ὑπόθεσις
1342 4324 1526 4380 Νέπως
1566 4317 1647 4384 ἦν,
1702 4320 1814 4372 ἐπί-

515 4414 524 4425 ο
653 4416 663 4425 ι
691 4411 702 4422 1
860 4414 869 4425 ι
1117 4415 1124 4422 σ
1382 4410 1420 4425 1.
1505 4405 1527 4425 ᾗ
1572 4418 1587 4425 ..
1644 4415 1652 4423 ι

1925 4321 2145 4392 quibus
2185 4325 2608 4388 argumentum
2649 4320 2904 4391 praebuit
2943 4323 3134 4392 Nepos
3169 4338 3182 4376 ε
3215 4321 3320 4394 qui
3348 4322 3586 4394 Egypti

210 4433 411 4474 σκοπος
475 4414 562 4484 μὲν
640 4411 939 4482 Αἰγυπτίων
1014 4415 1303 4482 γενόμενος.
1382 4405 1813 4484 Ἰουδαῐκώτερον

205 4506 316 4576 γὰρ
358 4499 701 4572 διακείμενος,
730 4502 793 4551 τὰ
844 4498 1196 4571 ἐπηγγελμένα
1242 4507 1343 4560 τοῖς
1375 4499 1538 4571 ἁγίοις
1578 4507 1814 4575 Χριστοῦ

524 4596 768 4663 Γραφαῖς,

202 4679 345 4734 εἶναι
404 4687 618 4752 φρονῶν,
683 4677 764 4730 ἐπὶ
827 4686 919 4729 τοῦ
966 4682 1218 4750 παρόντος
1271 4676 1401 4729 εἶναι
1465 4677 1619 4730 ἐτίθει
1681 4680 1815 4730 κατὰ

203 4595 257 4644 ἓν
337 4597 448 4651 ταῖς
524 4596 768 4660 Γραφαῖς,
864 4590 1146 4659 παχύτερα
1219 4592 1304 4639 καὶ
1409 4598 1816 4660 σωματικὼτερα

201 4805 562 4862 violentiam
581 4819 753 4858 suam
795 4803 1218 4928 comprimam,
1248 4819 1325 4858 an
1354 4819 1604 4873 rapaces
1626 4803 1815 4858 avari-

205 4878 312 4928 tim
352 4875 599 4928 furentis
653 4874 928 4928 insatiabi
957 4890 1052 4928 em
1101 4889 1336 4928 semper
1398 4874 1674 4928 ardorem
1724 4874 1815 4928 vel

205 4878 312 4932 tias
352 4875 599 4933 furentis
653 4874 1052 4930 insatiabilem
1101 4889 1336 4944 semper
1398 4874 1674 4929 ardorem
1724 4874 1815 4930 vel

205 4954 380 5004 metu
426 4947 632 5002 mortis
679 4945 1080 5014 exstingnant.
1144 4961 1218 4999 an
1253 4946 1542 5000 cervicem
1574 4945 1814 5002 ﬂectant

204 5019 482 5089 superbi,
551 5033 628 5072 an
677 5017 1012 5089 audaciam
1080 5016 1302 5089 leniant
1352 5017 1666 5089 improbi,
1735 5033 1810 5072 an

203 5087 602 5164 pereuntibus
640 5088 842 5164 charis
895 5087 984 5164 vel
1037 5089 1140 5164 sic_
1181 5087 1407 5164 aliquid
1447 5090 1659 5164 div_ites
1702 5089 1813 5164 lar-

204 5158 533 5232 gianturet
554 5160 778 5215 donent
797 5161 924 5232 sine
945 5158 1506 5232 hmredemorituri:
1530 5160 1814 5232 Exercitia

206 5230 556 5288 suntnobis
583 5232 697 5286 ista
739 5247 856 5285 non
891 5231 1120 5294 funera,
1171 5230 1318 5284 dant
1346 5231 1549 5286 animo
1591 5231 1811 5286 fortitu-

206 5305 372 5359 dinis
419 5303 692 5374 gloriam,
724 5307 1067 5374 contemptu
1110 5304 1314 5355 mortis
1362 5309 1707 5372 prmparant
1735 5302 1812 5358 ad

208 5373 530 5431 coronam.
567 5394 594 5423 ››
622 5376 818 5446 (Cypr.
853 5373 910 5427 in
943 5375 1131 5429 Serm.
1166 5374 1238 5428 de
1267 5374 1578 5444 mortem.)

294 5448 373 5519 (t)
412 5449 643 5519 Veteres
687 5445 919 5519 urbium
971 5445 1340 5519 expiationes
1371 5446 1814 5519 anniversarias

211 5515 526 5581 facientes,
585 5517 857 5572 homines
901 5532 1145 5588 sacros,
1199 5515 1313 5570 hoc
1342 5523 1447 5579 est,
1490 5517 1592 5588 qui
1651 5521 1814 5586 peste

213 5590 413 5650 aliove
433 5589 645 5644 morbo
659 5587 957 5660 expiando
982 5587 1598 5653 diisimmolabantur,
1628 5594 1684 5643 et
1710 5589 1816 5643 Ca-

1923 4410 2262 4482 episcOpus,
2307 4408 2559 4464 Judaica
2595 4410 2896 4480 opinione,
2943 4425 3077 4482 quae
3125 4411 3343 4466 sanctis
3375 4411 3587 4466 Christi

1923 4501 2222 4570 promissa
2258 4506 2397 4556 sunt
2426 4500 2483 4553 in
2518 4498 2857 4569 Scripturis,
2891 4515 3073 4553 sensu
3103 4499 3396 4572 corporali
3428 4516 3586 4555 cras-

1922 4588 2045 4644 sius
2085 4590 2434 4660 intelligens,
2475 4604 2544 4642 ea
2587 4586 2662 4642 ad
2696 4602 2962 4659 praesens
2997 4588 3305 4659 sarculum,
3338 4593 3393 4643 et
3433 4588 3588 4644 desi-

1923 4683 2167 4746 gnatam
2191 4678 2524 4750 quamdam
2549 4676 2706 4732 mille
2729 4692 3023 4732 annorum
3051 4678 3233 4734 vitam
3267 4676 3582 4733 referebat.

1920 4802 2140 4858 tharmi
2171 4809 2351 4874 atque
2378 4802 2683 4858 Pharmaci
2708 4801 3098 4874 vocabantur,
3123 4803 3181 4856 in
3203 4803 3586 4874 victimarum

1924 4890 2152 4929 morem
2201 4872 2530 4938 redimitos,
2583 4890 2613 4946 e
2663 4874 2793 4946 loco
2815 4872 3105 4944 praecipiti
3152 4874 3210 4928 in
3237 4890 3401 4946 mare
3440 4873 3588 4946 deji-

1922 4946 2177 5009 ciebant,
2247 4949 2517 5014 Neptuno
2579 4944 2984 5009 immolantes,
3035 4961 3171 4999 cum
3217 4944 3587 5001 solemnibus

1921 5017 2094 5091 hisce
2129 5017 2345 5091 verbis,
2394 5015 2669 5089 περίψημα
2726 5017 2870 5086 ἡμῶν
2907 5024 3098 5091 γενοῦ,
3163 5019 3280 5091 ἤτοι
3354 5021 3590 5091 σωτηρία

1921 5093 2008 5140 καὶ
2074 5087 2468 5160 ἁπολύτρωσιςέ
2517 5092 2604 5160 Sts
2662 5087 3000 5160 pro_nobis
3057 5089 3416 5158 peripsema,
3474 5087 3588 5144 hoc

1922 5165 2030 5223 est,
2073 5157 2396 5230 piaculum,
2444 5159 2632 5222 luitio,
2668 5157 3032 5230 redemptio
3062 5157 3305 5224 nostra,
3362 5165 3418 5214 et
3468 5176 3588 5214 ser-

1922 5229 2109 5286 vatrix
2142 5232 2306 5285 urbis
2361 5231 2620 5284 victima.
2665 5229 2920 5294 (Suidas,
2955 5234 3008 5284 et
3039 5229 3316 5284 Nicolaus
3379 5230 3588 5285 Leoni-

1922 5318 2049 5364 cus,
2103 5304 2187 5357 De
2226 5303 2395 5358 varia
2428 5301 2697 5374 historia,
2739 5300 2839 5374 lib.
2888 5317 2970 5367 ιιι,
3013 5317 3150 5374 cap.
3179 5301 3340 5374 pult.)
3371 5317 3405 5356 «
3438 5301 3588 5357 Tan-

1923 5390 2108 5444 quam
2173 5379 2569 5444 purgamenta
2646 5372 2828 5444 hujus
2893 5372 3102 5427 mundi
3168 5372 3328 5427 facti
3373 5389 3584 5428 sumus

1924 5441 2194 5501 omnium
2226 5441 2598 5514 pe’ripsema;
2635 5462 2662 5494 ν
2694 5441 2808 5499 hoc
2856 5449 2961 5507 est,
2998 5445 3112 5516 Nos
3143 5450 3429 5516 tanquam
3463 5445 3588 5516 pia-

1924 5517 2060 5570 cula
2096 5517 2304 5571 mundi
2332 5516 2472 5588 facti
2497 5514 3195 5588 sumus,etsuccidaneae
3222 5514 3330 5587 pro
3360 5514 3586 5588 populo

1925 5589 2200 5645 victimae.
2234 5589 2278 5659 (Ι
2308 5587 2443 5645 Cor.
2481 5604 2554 5658 ιν,
2577 5587 2688 5657 13.)
