4036 6288
560 287 693 346 1171

1864 281 1912 337 Ν
1917 275 2256 337 ICEPHORI
2296 272 2614 332 CALLISTI

3717 289 3808 345 illi

561 415 630 471 Et
654 413 816 488 quod
843 414 894 470 is
925 429 993 471 ex
1015 411 1378 486 Apocalypsi
1401 410 1648 468 Joannis
1673 408 2020 482 opinionem
2043 421 2214 462 suam

2330 403 2607 476 χιλιοστὴν
2661 403 2797 465 ζωῆς
2851 425 2968 460 τινα
3023 408 3333 484 ὡρισμένην.
3383 417 3480 467 Καὶ
3519 419 3661 466 τοίνυν
3710 417 3815 480 οὗτος

557 520 621 560 se
645 503 1141 560 conﬁrmaturum
1167 517 1300 558 esse
1325 500 1692 572 opinaretur,
1724 498 1943 554 librum
1975 511 2217 567 compo-

561 593 702 662 suit,
733 593 826 648 cui
851 592 1086 648 titulum
1123 589 1554 647 Confutationis
1594 604 1824 652 eorum,
1858 587 1960 660 qui
2001 584 2218 656 allego-

563 683 685 740 rias
705 688 1097 755 componunt,
1119 681 1351 737 indidit.
1377 679 1482 735 Cui
1511 678 1848 749 Dionysius,
1870 677 1929 732 in
1952 675 2038 731 eis
2059 690 2214 747 quos

560 769 823 827 diximus
860 770 1027 827 libris
1057 769 1452 841 respondens,
1484 768 1545 822 in
1577 766 1770 838 priore
1800 765 2047 838 quidem
2087 777 2216 819 sen-

559 860 805 916 tentiam
839 874 1017 915 suam
1048 861 1124 915 de
1151 858 1306 915 illius
1336 858 1617 928 dogmate
1647 854 1912 926 exponit,
1944 853 2003 909 in
2030 855 2216 925 poste-

554 949 710 1005 riore
741 953 945 1005 autem
983 949 1058 1005 de
1087 946 1452 1021 Apocalypsi
1490 945 1738 1002 Joannis
1769 945 1891 1015 agit
1919 942 2212 1016 pluribus.

559 1057 589 1090 «
617 1037 1141 1111 Quandoquidem,
1174 1037 1385 1110 inquit,
1419 1036 1705 1107 scriptum
1734 1033 2045 1106 quoddam
2082 1047 2217 1103 pro-

553 1127 754 1184 ferunt
782 1128 1046 1200 Nepotis,
1072 1143 1195 1200 quo
1225 1127 1399 1183 valde
1443 1126 1729 1188 nituntur,
1760 1122 1937 1179 veluti
1972 1128 2129 1179 certo
2161 1125 2219 1178 et

554 1217 1041 1288 irrefragabiliter
1061 1217 1412 1273 ostendente
1434 1220 1611 1287 atque
1633 1213 1947 1286 probante,
1963 1225 2217 1282 regnum

559 1305 777 1363 Christi
814 1308 875 1362 in
915 1307 1082 1363 terris
1121 1305 1386 1362 futurum
1421 1322 1434 1360 :
1470 1304 1531 1359 in
1563 1303 1692 1360 aliis
1729 1303 1976 1374 quidem
2017 1300 2218 1358 multis

559 1398 845 1468 Nepotem
900 1396 1122 1466 recipio
1173 1399 1230 1451 et
1276 1394 1658 1465 complector,
1714 1396 1957 1464 propter
2011 1390 2216 1458 ﬁdem,

563 1485 940 1541 tolerantiam
996 1484 1243 1548 laboris,
1285 1483 1723 1554 Scripturarum
1776 1481 2115 1549 lectionem,
2164 1487 2220 1535 et

553 1573 896 1646 frequentes
950 1573 1343 1645 psalmodias,
1384 1571 1608 1644 quibus
1673 1571 1983 1642 hucusque
2049 1569 2216 1626 multi

558 1663 927 1720 delectantur
951 1662 1184 1728 fratres,
1208 1661 1640 1734 hominemque
1660 1661 1860 1732 ipsum
1888 1659 2165 1716 observo.
2193 1681 2212 1710 ι

2327 496 2381 544 ἐκ
2471 501 2565 553 τῆς
2653 494 3059 567 Ἀποκαλύψεως
3155 501 3387 555 Ἰωάννου
3460 506 3686 575 κρατύνειν
3752 511 3816 564 τὴν

2327 582 2525 653 αἳρεσιν
2575 581 2789 653 οἰηθεὶς,
2841 581 3019 657 βίϐλον
3061 590 3336 656 συντάξας,
3369 592 3563 664 ἔλεγχον
3607 602 3687 645 τῶν
3714 593 3819 653 ἄλλο.

2324 678 2581 743 γοριστῶν
2627 675 2819 731 ταύτην
2879 673 3188 750 ἐπέγραψεν.
3239 685 3375 753 Πρός
3403 681 3455 734 ὃν
3498 685 3722 745 Διονύσιος
3748 691 3820 745 τοῖς

2327 761 2613 834 εἰρημένοις
2663 764 2852 815 τούτου
2911 769 3324 840 συγγράμμασιν
3376 768 3641 842 ἀντιλέγων,
3686 775 3722 824 ἐν
3764 777 3821 843 μὲν

2321 857 2397 921 ,τῷ
2421 853 2654 923 προτέρῳ
2699 854 2756 903 τὸ
2807 847 2966 916 δόξαν
3015 860 3134 928 περὶ
3182 865 3272 909 τοῦ
3322 854 3574 931 δόγματος
3612 862 3822 930 ἐκτίθησιν,

2324 941 2374 992 εν
2429 935 2487 992 δε
2525 947 2597 992 τῶ
2639 936 2861 1014 δευτέρῳ
2918 949 3034 1016 περὶ
3093 953 3188 1008 τῆς
3244 946 3624 1020 Ἀποκαλύψεως
3655 949 3824 1003 Ἰωάννου

2328 1025 2669 1100 διαλαμϐάνει
2717 1030 3052 1106 πλατύτερον,
3113 1035 3247 1088 οὕτω
3295 1033 3493 1101 διεξιών
3528 1056 3542 1068 '
3596 1061 3620 1088 «
3672 1036 3825 1097 Ἐπιιδὴ

2330 1121 2603 1191 σύνταγμά
2649 1141 2700 1172 τι
2751 1127 3136 1195 προκομίζουσι
3181 1130 3440 1193 Νέπωτος,
3559 1127 3660 1181 λίαν
3699 1132 3828 1203 ἐπερεί-

2329 1206 2532 1274 δονται,
2609 1211 2678 1271 ὡς
2767 1210 3147 1288 ἀναντιῤῥὴτως
3245 1213 3581 1270 ἐπιδεικνύντι
3643 1222 3721 1276 τὴν
3771 1226 3828 1269 τοῦ

2330 1300 2553 1372 Χριστοῦ
2613 1298 2884 1372 βασιλείαν
2933 1301 3017 1355 ἐπὶ
3066 1312 3162 1374 γῆς
3220 1307 3450 1372 ἔσεσθαι,
3513 1306 3561 1358 ἐν
3601 1306 3742 1368 οἰλλοις

2329 1386 2530 1449 πολλοῖς
2575 1386 2911 1462 ἀποδέχομαι
2967 1397 3058 1445 xui
3105 1391 3293 1465 ἀγαπῶ
3338 1400 3552 1448 Νέπωτα
3589 1404 3675 1457 τῆς
3716 1415 3756 1448 τι
3780 1402 3833 1447 τί·

2331 1493 2508 1543 στεως,
2539 1481 2629 1528 καὶ
2672 1485 2766 1538 τῆς
2817 1477 3137 1549 φιλοπονίας,
3180 1486 3271 1534 καὶ
3321 1490 3416 1542 τῆς
3458 1487 3505 1534 ὲν
3551 1489 3651 1544 ταῖς
3677 1489 3834 1554 Γραφείς

2330 1561 2630 1638 διατριϐῆς,
2669 1570 2759 1618 καὶ
2813 1575 2875 1626 τῆ
2889 1589 2908 1628 ς
2946 1567 3136 1631 πολλῆς
3188 1568 3517 1642 ψαλμῳδίας,
3632 1576 3763 1643 μέχρι
3780 1579 3834 1622 νῦν

2329 1653 2504 1706 πολλοὶ
2559 1663 2657 1706 τῶν
2711 1652 2944 1728 ἀδελφῶν
2980 1656 3319 1730 ἐνθυμοῦνται
3359 1679 3370 1690 ·
3413 1666 3500 1712 καὶ
3550 1663 3669 1713 πάνυ
3710 1657 3838 1712 διἸί-

556 1753 782 1809 Deinde
813 1768 1167 1825 progressus
1194 1751 1368 1808 infert
1401 1768 1413 1807 :
1445 1770 1475 1803 (ι
1506 1750 1783 1808 Sedenim
1811 1751 1856 1804 si
1885 1749 2030 1822 quid
2061 1754 2216 1804 recte

2330 1739 2456 1805 δοῦς
2489 1744 2601 1815 ἄγω
2631 1747 2717 1797 τὸν
2770 1747 3038 1816 ἄνθρωπον
3085 1748 3259 1802 αὐτόν.
3295 1770 3322 1801 »
3375 1747 3503 1802 Εἶτα
3546 1755 3730 1822 προῖὼν,
3765 1753 3838 1801 ἑτι-

560 1841 788 1898 dictum
828 1843 921 1911 sit,
961 1841 1206 1898 laudare
1245 1841 1308 1896 id
1352 1841 1646 1896 convenit.
1690 1841 1946 1894 Rursum
1986 1853 2128 1894 vero
2166 1838 2216 1893 si

556 1931 705 2004 quid
727 1931 1060 1988 secundum
1085 1947 1296 1988 sanam
1317 1931 1651 1988 doctrinam
1673 1946 1793 1985 non
1813 1930 1886 1984 sit
1905 1928 2214 2000 scriptum,

555 2021 620 2078 id
658 2021 952 2092 castigare
991 2025 1244 2094 oportet.
1284 2022 1366 2076 Ac
1407 2021 1454 2075 si
1493 2019 1743 2092 quidem
1780 2019 1906 2090 ipse
1959 2017 2214 2086 adesset,

558 2111 700 2168 sati
727 2117 880 2169 esset
909 2112 1210 2168 rationum
1239 2110 1299 2166 in
1325 2109 1644 2182 colloquio,
1674 2125 1780 2181 per
1811 2108 2218 2178 interrogatio-

555 2215 697 2258 nem
727 2205 785 2258 et
812 2201 1294 2274 responsionem,
1329 2205 1408 2256 ad
1439 2199 1890 2271 persuasionem
1920 2203 1976 2253 et
2013 2197 2215 2253 conci-

555 2289 864 2347 liationem
912 2305 1122 2346 eorum
1163 2290 1482 2362 quaeinter
1512 2303 1574 2344 se
1612 2291 2018 2360 opponuntur.
2071 2291 2216 2343 Cum

553 2386 759 2436 autem
794 2379 1082 2451 scriptum
1109 2380 1238 2450 ejus
1269 2378 1412 2435 satis
1438 2378 1517 2434 ad
1543 2377 2031 2450 persuadendum
2057 2392 2215 2434 com-

555 2470 840 2541 positum,
865 2468 925 2525 in
946 2469 1264 2525 hominum
1289 2469 1361 2525 sit
1385 2468 1690 2531 manibus,
1713 2482 1834 2538 quo
1864 2467 2081 2538 scripto
2102 2466 2218 2538 legi

559 2563 616 2614 et
643 2559 953 2631 prophetis
981 2559 1367 2625 conviciatur,
1411 2557 1733 2627 Evangelia
1762 2556 1910 2612 nihil
1945 2573 2072 2612 esse
2112 2557 2221 2612 du-

543 2647 656 2714 .cit,
686 2654 742 2704 et
789 2648 1154 2720 apostolicos
1203 2648 1388 2704 libros
1437 2653 1726 2720 tanquam
1772 2646 1993 2701 nullius
2049 2646 2221 2718 pretii

540 2737 782 2805 elevat;
824 2739 1026 2810 ipsum
1065 2745 1264 2794 autem
1303 2737 1550 2810 perinde
1604 2743 1784 2807 atque
1823 2735 2126 2790 occultum
2166 2739 2223 2792 et

557 2843 845 2884 arcanum
862 2829 1209 2899 mysterium
1223 2827 1572 2892 celebratur,
1592 2825 1646 2899 4
1659 2829 1701 2897 ι
1715 2825 1770 2899 ﬁ
1785 2827 1830 2881 si
1842 2825 2220 2898 mpliciorum

556 2916 807 2973 fratrum
845 2918 1105 2983 animos,
1139 2916 1286 2972 nihil
1320 2917 1668 2987 permittens
1709 2931 2004 2985 magnum
2035 2920 2090 2970 et
2129 2930 2223 2970 su-

555 3004 740 3061 blime
761 3005 836 3061 de
857 3011 1038 3072 certa,
1073 3021 1208 3061 vera
1231 3011 1288 3061 et
1310 3005 1570 3076 gloriosa
1595 3004 1969 3076 apparitione
1992 3003 2221 3066 Christi,

2328 1837 2464 1907 φέρει
2491 1851 2502 1862 ·
2536 1853 2564 1884 (ι
2592 1832 2681 1896 Ὠς
2713 1837 2756 1888 εἴ
2801 1855 2850 1888 τι
2891 1839 2981 1908 μὲν
3024 1837 3185 1909 ὀρθῶς
3213 1837 3433 1910 λέγοιτο,
3488 1839 3689 1891 ἐπαινεῖν
3731 1843 3835 1909 χρὴ·

2329 1920 2614 1976 διευθύνειν
2658 1921 2708 1976 δ’
2749 1920 2903 1987 αὖθις
2953 1929 2996 1978 εἰ
3035 1946 3088 1978 τι
3141 1930 3212 1998 μὴ
3265 1928 3422 2000 ὑγιῶς
3477 1928 3586 1980 ἐστι
3626 1931 3837 2000 γεγραμμέ-

2325 2032 2435 2070 νονο
2497 2014 2600 2068 Καὶ
2650 2013 2694 2066 εἰ
2749 2017 2838 2086 μὲν
2887 2023 3058 2087 παρῆν
3113 2017 3138 2067 ὁ
3179 2015 3330 2091 ἀνὴρ,
3362 2017 3621 2091 αὐτάρκης
3647 2013 3699 2074 ἧν
3739 2015 3839 2086 λόγος

2326 2105 2451 2174 πρὸς
2491 2101 2742 2176 ἐρώτησιν
2784 2107 2874 2156 καὶ
2930 2103 3230 2181 ἀπόκρισιν,
3278 2109 3469 2160 πείθων
3524 2112 3608 2158 καὶ
3654 2104 3839 2177 suptilia

2331 2195 2428 2254 ζων
2472 2195 2530 2244 τὸ
2579 2191 2949 2266 ἀνθιστάμενον
2987 2209 3002 2224 ⁶
3065 2203 3271 2269 γραφῆς
3318 2192 3366 2248 δ’
3399 2195 3588 2248 ἐκείνου
3621 2197 3837 2248 πιθανωτέ-

2327 2301 2421 2342 της
2454 2284 2809 2354 προκειμένης,
2871 2284 2903 2340 ἦ
2950 2292 3124 2358 γραφῇ
3182 2290 3336 2356 νόμον
3377 2288 3472 2357 μὶν
3518 2290 3603 2338 καὶ
3646 2289 3834 2356 προφήτας

2330 2367 2761 2444 διαλοιδορεῑται,
2814 2371 3089 2444 εὐαγγέλια
3141 2371 3200 2427 δὲ
3245 2378 3303 2426 τὸ
3357 2371 3527 2448 μηδὲν
3568 2377 3766 2444 ἦγηται·
3798 2375 3834 2423 τέ

2331 2459 2389 2514 δὲ
2446 2469 2544 2513 τῶν
2590 2459 2890 2514 ἀποστόλων
2952 2467 3347 2538 συγγράμματα
3375 2464 3752 2536 ἐκφαυλίζεται·
3787 2462 3830 2512 r3-

2328 2555 2391 2608 τὴ
2451 2547 2510 2602 δὲ
2561 2551 2646 2602 οἷά
2710 2570 2762 2602 τι
2819 2557 3167 2626 κεκρυμμένον
3233 2560 3530 2626 μυστήριον
3571 2548 3824 2627 περιᾴδετεν

2329 2643 2422 2703 τὰς
2461 2649 2560 2692 τῶν
2608 2639 2971 2715 ἁπλουστέρων
3012 2638 3243 2714 ἀδελφῶν
3290 2643 3483 2716 ψυχάς
3543 2640 3677 2696 οὐδὲν
3715 2640 3827 2693 ἰόντων

2338 2730 2537 2801 ὑψηλὸν
2579 2735 2667 2782 καὶ
2711 2734 2844 2802 μέγα
2896 2739 3094 2803 φρονεῖν
3145 2737 3263 2805 περί
3306 2753 3360 2786 τε
3418 2743 3519 2796 τῆς
3572 2732 3755 2791 ἀληθοῦς
3788 2737 3835 2778 ui

2332 2817 2542 2882 ἐνδόξου
2625 2818 2918 2891 ἐπιφανείας
2986 2829 3241 2896 Χριστοῦ,
3307 2822 3414 2875 ἀλλ’
3481 2820 3601 2876 οὐδὲ
3663 2825 3753 2892 περὶ
3786 2825 3838 2875 τῆς

2332 2912 2478 2982 ἡμῶν
2533 2908 2588 2961 ἐκ
2629 2918 2818 2984 νεκρῶν
2869 2909 3224 2976 ἀναστάσεως,
3277 2917 3366 2964 xui.
3435 2922 3532 2975 τῆς
3583 2915 3696 2986 πρὸς
3741 2907 3833 2959 sit?»

2335 2998 2727 3070 ἐπισυναγωγῆς
2796 3019 2851 3051 τε
2903 3004 2991 3052 καὶ
3040 3002 3350 3072 ὁμοιώσεως.
3419 3002 3582 3056 Ἀλλά
3639 2996 3826 3073 pugili

538 3099 663 3151 -aut
699 3094 775 3151 de
812 3099 1017 3150 nostra
1056 3111 1092 3150 a
1133 3095 1382 3152 mortuis
1427 3094 1880 3162 resurrectione,
1922 3099 2104 3166 atque
2146 3093 2217 3148 ad

2339 3091 2500 3146 θνητά
2555 3089 2640 3140 οἷα
2694 3090 2761 3140 τὰ
2813 3096 2920 3154 νῦν,
2983 3088 3260 3161 ἀναγκαῖον
3314 3096 3402 3144 καὶ
3458 3094 3614 3164 ἡμᾶς,
3668 3093 3715 3148 ὡς
3751 3085 3823 3154 πρὸς

556 3185 756 3256 ipsum
789 3185 1214 3255 aggregatioue
1254 3189 1310 3240 et
1350 3183 1795 3250 assimilatione,
1829 3184 1932 3238 sed
1973 3183 2224 3239 humilia

555 3273 839 3346 quaedam
892 3278 951 3329 et
983 3273 1232 3338 caduca,
1272 3272 1476 3346 qualia
1513 3273 1823 3346 praesentis
1861 3274 1996 3328 vitae
2065 3277 2221 3338 sunt,

557 3377 769 3435 sapere
809 3367 866 3418 et
909 3363 1128 3419 sentire
1161 3379 1174 3418 :
1208 3378 1504 3434 perquam
1550 3366 1642 3417 est
1699 3362 2128 3428 necessarium,
2162 3365 2226 3420 ut

553 3451 737 3509 veluti
766 3468 905 3508 cum
932 3456 1224 3524 praesente
1250 3452 1428 3508 fratre
1451 3456 1656 3508 nostro
1687 3454 1906 3524 Nepote
1933 3452 2224 3508 disseren-

511 3545 643 3598 -tes
688 3557 1041 3614 agamus.»
1086 3541 1305 3598 Deinde
1345 3546 1798 3607 commemorat,
1841 3557 1902 3596 se
1947 3541 2007 3596 in
2055 3544 2224 3598 Arse-

552 3631 713 3687 noite
757 3629 832 3702 (l)
862 3630 1067 3695 fuisse,
1098 3631 1201 3686 ubi
1244 3630 1594 3701 hujusmodi
1634 3629 1872 3686 emersit
1915 3631 2158 3686 hmresis
2204 3645 2218 3685 :

550 3719 756 3792 ibique
780 3720 1067 3776 omnibus
1099 3719 1513 3776 ecclesiasticis
1545 3726 1724 3791 atque
1757 3720 1886 3775 aliis
1912 3721 2052 3775 item
2082 3719 2222 3775 viris

551 3809 968 3881 praesentibus,
1017 3809 1206 3864 tribus
1255 3809 1552 3865 continuis
1600 3808 1816 3865 diebus
1863 3809 1936 3864 de
1983 3809 2222 3880 Nepotis

552 3897 844 3963 doctrina,
890 3898 1044 3954 libro
1089 3899 1216 3969 ejus
1263 3899 1593 3971 proposito,
1644 3898 2027 3954 disseruisse.
2079 3899 2223 3954 Fra-

555 3991 833 4058 trumque
880 3987 1154 4044 stabilem
1205 4004 1274 4044 ac
1322 3987 1630 4044 decentem
1684 4004 1914 4042 morem
1960 3987 2220 4044 admira-

555 4079 650 4132 tur
675 4078 774 4150 (2),
808 4076 913 4149 qui
932 4077 1038 4132 rite
1060 4080 1240 4147 atque
1270 4075 1479 4131 ordine
1499 4076 1997 4146 responsionibus
2023 4091 2222 4132 assen-

555 4165 751 4222 siones
767 4165 1358 4238 approbationesque
1379 4182 1520 4221 suas
1543 4165 2090 4232 accommodarint;
2123 4180 2221 4220 ne-

541 4253 671 4328 que
689 4254 1054 4313 contentiose
1072 4253 1389 4310 defendere
1405 4254 1861 4326 perseverarint,
1878 4270 2013 4326 qua;
2036 4263 2221 4318 semel

551 4344 718 4416 apud
736 4360 798 4400 se
816 4343 1264 4401 constituissent
1284 4359 1296 4392 :
1316 4358 1512 4415 neque
1532 4343 1900 4412 objectiones
1923 4342 2220 4413 legitimas

2333 3183 2567 3252 παρόντα
2615 3175 2963 3250 διαλεχθῆναι
3019 3183 3106 3231 τὸν
3155 3177 3372 3252 ἀδελφόν
3425 3183 3573 3254 ἡμῶν
3611 3184 3780 3233 Νέπωτι.
3812 3192 3826 3218 n

2336 3264 2460 3321 Εἶτα
2502 3265 2768 3339 διηγεῖται
2828 3270 2896 3329 ὡς
2944 3267 2991 3320 ἓν
3038 3277 3109 3339 τῷ
3152 3270 3454 3344 Ἀρσενοῖτῃ
3495 3261 3840 3342 γενόμενος,ἒιθι

2335 3363 2394 3410 τὸ
2426 3366 2655 3410 τοιοῦτον
2687 3357 2970 3418 ἐπεπόλαζε
3012 3363 3244 3431 σχίσμα,
3294 3363 3504 3413 πάντων
3563 3355 3733 3433 σχεδὸν
3762 3369 3845 3424 περ·

2337 3453 2493 3501 όντων
2544 3455 2643 3500 τὼν
2702 3450 2972 3521 ἱερατικῶν
3023 3445 3228 3522 ἀνδρῶν
3276 3456 3367 3503 καὶ
3425 3459 3529 3503 τῶν
3579 3449 3723 3508 ἄλλως
3753 3444 3848 3513 ἐχόν-

2335 3557 2454 3603 των,
2512 3541 2681 3610 τρισὶν
2735 3536 2854 3600 ἑξῆς
2896 3538 3115 3612 ἡμέραις
3162 3537 3247 3590 τόν
3296 3543 3415 3612 περὶ
3465 3544 3692 3597 Νέπωτος
3740 3533 3845 3582 ἀνεκί-

2333 3647 2406 3680 νει
2435 3626 2606 3697 λόγον,
2640 3632 2730 3678 τοῦ
2788 3624 2996 3697 βιϐλίου
3045 3627 3486 3701 προϐεϐλημένου.
3532 3628 3684 3684 Ἔνθα
3717 3621 3769 3681 δὴ
3797 3620 3843 3669 κέ

2332 3720 2388 3769 τὸ
2453 3716 2700 3777 εὐσταθὲς
2750 3724 2848 3768 τῶν
2917 3713 3149 3788 ἀδελφῶν
3208 3719 3492 3790 θαυμάζει,
3551 3717 3759 3773 ἐπιεικῶς
3793 3711 3840 3763 τὶς

2336 3808 2746 3878 συγκαταθέσεις
2818 3810 3173 3878 πεποιημένων
3237 3815 3350 3868 ταῖς
3413 3808 3730 3881 ἀποκρίσεσι,
3769 3808 3843 3873 μιξτῖ

2333 3895 2627 3968 φιλονείκως
2720 3899 3096 3969 περιεχομένων
3206 3905 3304 3948 τῶν
3389 3898 3533 3960 ἅπαξ
3627 3894 3844 3967 αἱρεθέντυτ

2333 3985 2529 4049 αὗτοίς,
2608 3988 2742 4056 μήτε
2816 3980 2875 4037 δὲ
2957 3986 3047 4037 τὰς
3111 3984 3400 4059 ἀντιλογίας
3462 3985 3845 4055 ὑποστελλομέναεινε

2331 4079 2483 4148 μήτε,
2514 4073 2557 4126 εἰ
2579 4081 2744 4146 γνοῖεν
2784 4073 3023 4142 τάληθὲς,
3065 4071 3211 4127 αἰδοῖ
3260 4079 3599 4148 κρατηθέντες
3644 4077 3706 4146 μὴ
3753 4084 3848 4121 Wﬁ'

2331 4163 2595 4237 μολογεῐν·
2653 4161 2822 4235 ἀγαθῇ
2878 4159 2937 4215 δε
2981 4160 3281 4221 συνειδήσει
3311 4168 3377 4218 τά
3427 4150 3550 4228 ’ταῖς
3605 4167 3743 4222 θείαις
3771 4163 3850 4227 Γριο

3206 3905 3304 3948 τῶν
3389 3898 3533 3960 ἅπαξ

2333 4260 2452 4326 φαίς
2524 4253 2885 4325 παριστάμενα
2968 4252 3292 4326 ὑποκρίσεως
3377 4253 3521 4327 δίχα
3603 4257 3716 4326 πρὸς
3766 4247 3849 4300 Θεέτ

2331 4341 2661 4414 ἡπλωμέναις
2725 4337 2976 4413 καρδίαις
3053 4339 3470 4413 καταδέχεσθαι.
3536 4343 3766 4414 Ἐπιφέρει
3815 4328 3850 4383 δε

550 4434 998 4498 intermiserint,
1021 4433 1324 4489 veritatem
1344 4432 1424 4488 illi
1449 4433 1755 4502 cognitam
1778 4432 1964 4504 (quod
1992 4436 2217 4505 pudore

2331 4436 2420 4482 xui
2479 4434 2548 4492 ὡς
2611 4431 2635 4481 ὁ
2706 4431 2827 4504 παρ’
2873 4431 3077 4491 ἐκείνοις
3135 4427 3482 4495 διδάσκαλος,
3540 4434 3771 4503 Κορακίων
3808 4418 3849 4477 ξι

550 4523 821 4594 quodam
867 4522 1074 4595 aliqui,
1117 4539 1255 4578 cum
1300 4522 1755 4590 convincuntur,
1809 4538 1928 4577 non
1970 4521 2218 4594 faciunt)

552 4613 900 4685 proﬁtentes
925 4627 938 4668 :
968 4612 1252 4685 bonaque
1283 4611 1670 4676 conscientia,
1699 4627 1834 4684 quae
1866 4611 2219 4668 auctoritate

551 4701 894 4758 divinarum
927 4701 1273 4758 Litterarum
1305 4701 1558 4773 probata
1587 4706 1806 4766 essent,
1856 4701 2000 4757 citra
2040 4702 2220 4758 simu-

553 4790 839 4848 lationem
885 4795 940 4848 et
985 4789 1527 4846 dissimulationem
1569 4789 1852 4846 cordibus
1896 4791 1975 4846 ad
2034 4793 2226 4846 Deum

553 4880 900 4953 simpliciter
951 4879 1324 4947 compositis,
1381 4880 1790 4952 suscipientes.
1841 4879 2022 4935 Addit
2074 4896 2221 4950 prae'

553 4974 733 5038 terea,
768 4973 831 5026 ut
880 4970 1059 5026 etiam
1101 4969 1230 5040 ejus
1269 4969 1383 5025 loci
1432 4969 1640 5025 doctor
1680 4969 1967 5025 Coracion
2000 4969 2217 5034 dictus,

2332 4520 2504 4590 ἐκείνῳ
2558 4523 2736 4592 ὄνομα,
2788 4525 2898 4579 ταῖς
2956 4528 3053 4571 τῶν
3105 4519 3469 4591 ἀντιλεγόντων
3524 4523 3748 4598 ἧρημένος
3787 4531 3850 4582 ξέν’

2329 4617 2464 4672 ναῖς,
2529 4610 2734 4661 πάντων
2791 4612 3078 4684 παρόντων,
3156 4613 3389 4663 συνέθετο
3468 4617 3541 4684 μὴ
3595 4617 3677 4662 τοῦ
3721 4604 3847 4656 λοιποῦ

2329 4698 2592 4772 προσέξειν
2676 4698 2870 4768 ἐκείνῳ,
2939 4695 3071 4770 μηδ’
3141 4700 3214 4762 εἰς
3290 4705 3466 4772 μνείαν
3535 4700 3699 4761 ἐλθεῖν,
3754 4685 3846 4761 μηδι

2332 4785 2585 4852 διδάξειν,

2331 4877 2516 4938 ἄλλους
2565 4873 2816 4948 ἀδελφούς
2858 4896 2986 4949 φησι
3060 4883 3268 4952 χαίρειν
3333 4888 3442 4942 τοῖς
3508 4880 3670 4951 λόγοις
3708 4870 3843 4934 xliii

2666 4791 2733 4850 ὡς
2802 4790 2984 4848 ἱκανῶς
3036 4788 3249 4850 τάληθὲς
3315 4787 3584 4861 διαγνούς.
3647 4791 3730 4841 Καὶ
3768 4781 3847 4833 τοὺς

2333 4972 2465 5040 πρὸς
2494 4968 2727 5028 ἅπαντας
2759 4967 3148 5038 συγκαταϐάσει
3178 4973 3266 5021 καὶ
3308 4967 3655 5023 συνδιαθέσει.

551 5059 804 5117 vocibus
842 5059 928 5116 eis
960 5075 1096 5132 quae
1128 5063 1336 5114 contra
1366 5057 1524 5114 illius
1555 5058 1901 5130 opinionem
1935 5058 2182 5130 prolatae
2214 5056 2447 5114 fuerant
2485 5073 2834 5129 persuasus,
2868 5058 3262 5127 praesentibus
3292 5060 3576 5115 omnibus
3611 5046 3843 5124 receperit

551 5150 797 5207 veritate
820 5150 948 5221 jam
979 5148 1222 5205 abunde
1253 5148 1397 5205 satis
1428 5155 1757 5220 perspecta,
1786 5148 1900 5203 sibi
1929 5148 2002 5203 de
2034 5153 2248 5203 caetero
2279 5146 2425 5203 nihil
2454 5146 2719 5202 futurum
2751 5161 2888 5201 cum
2918 5146 3142 5217 Nepote
3174 5149 3414 5220 negotii,
3440 5163 3632 5220 neque
3663 5139 3841 5200 mentio.

621 5293 702 5365 (t)
731 5292 983 5365 Auctore
1032 5291 1174 5365 Plin.
1211 5290 1326 5365 lib.
1373 5307 1426 5356 ν,
1460 5306 1592 5360 cap.
1644 5295 1698 5356 9,
1756 5290 1908 5345 inter
1950 5290 2211 5362 reliquas

553 5361 1043 5444 πρώιος-βεγρῆ
1075 5361 1480 5444 praefecturas,
1513 5377 1664 5444 quas
1709 5377 1924 5417 nomos
1964 5361 2208 5444 vocant,

552 5436 892 5503 Arsenoites
917 5433 1277 5490 nominatur
1331 5449 1344 5488 :
1405 5433 1484 5487 ab
1541 5433 1784 5488 Arsinoe
1850 5434 2075 5503 oppido
2127 5433 2210 5488 sic

554 5497 770 5577 dictus,
793 5506 955 5577 quod
987 5505 1336 5560 Ptolemaeus
1376 5505 1793 5577 Philadelphus
1825 5497 2210 5577 subinomine

557 5576 778 5634 sororis
807 5575 950 5646 suae,
977 5592 1113 5656 quae
1135 5578 1217 5635 ita
1241 5576 1688 5642 nominabatur,
1713 5575 1995 5632 condidit.
2023 5575 2205 5640 Idem,

2323 5303 2566 5344 amnem
2619 5288 2722 5360 qui
2765 5288 3062 5360 Arsinoen
3115 5291 3477 5360 praeterﬂuit,
3529 5289 3836 5346 Ptolemaeum

2323 5359 2659 5432 appellavit.
2690 5359 2858 5424 (Plin.
2894 5359 2992 5412 lib.
3025 5376 3096 5424 v1,
3119 5359 3257 5431 cap.
3283 5365 3394 5434 29.)
3828 5422 3831 5424 _

2393 5434 2476 5499 (2)
2528 5430 2688 5484 Ἔνθα
2739 5436 2827 5482 καὶ
2878 5435 2936 5484 τό
2980 5433 3222 5494 ἓνσταθες
3260 5439 3348 5485 xui.
3405 5434 3664 5499 φιλάληθες
3705 5431 3774 5478 καὶ
3806 5437 3833 5469 τε

2420 5447 2476 5490 3)
2555 5447 2688 5484 1';qu
2739 5450 2827 5482 και
2878 5450 2936 5484 το
2980 5447 3222 5490 ενσταθες
3260 5447 3348 5485 και
3405 5447 3664 5490 «tamen;
3705 5447 3774 5478 και
3806 5447 3833 5469 ῖν

2393 5435 2476 5499 (2)
2528 5435 2688 5484 Ἔνθα
2739 5436 2827 5482 καὶ
2878 5435 2936 5484 τό
2980 5435 3222 5494 ἓνσταθες
3260 5439 3348 5485 xui.
3405 5435 3664 5505 φιλάληθες
3705 5435 3774 5478 καί
3806 5437 3832 5469 τί

2321 5502 3001 5580 εὐπαρακολούθητον-ηκαὶ
3083 5508 3290 5556 συνετὸν
3372 5505 3720 5580 ὑπερηγάσθιεν
3779 5501 3832 5544 τίν

2321 5571 2570 5648 ἀδελφῶν.
2606 5573 2819 5631 Euseb.
2843 5572 2947 5632 lib.
2980 5591 3074 5639 νη,
3117 5592 3248 5650 cap.
3290 5580 3381 5640 24.
