4036 6288
212 285 345 342 1173

1239 281 1802 340 ECCLESIASTICAE
1842 278 2208 338 HISTOBLE
2244 281 2379 337 LIB.
2424 281 2518 337 Vl.

3424 285 3563 339 11Ἷᾶ

205 425 343 468 nem
374 426 436 467 se
465 411 596 484 ejus
625 411 944 476 facturum,
973 425 1173 482 neque
1208 409 1544 466 doctrinam
1573 408 2118 482 promulgaturum.
2154 405 2315 462 Alios
2353 422 2595 479 quoque
2626 407 2836 465 fratres
2874 409 3016 466 dicit
3035 411 3278 468 laetatos
3308 409 3569 467 delecta,-

208 506 419 573 tosque
439 516 571 557 esse
595 500 1119 557 dissertationibus
1150 499 1254 564 eis,
1289 504 1468 571 atque
1499 499 1811 555 communi
1842 496 2562 553 omnium'conciliatione
2586 502 2640 554 et
2666 514 2993 556 consensu.

803 630 1045 680 ΚΕΦΑΛ.
1091 623 1212 682 ΚΒ’.
1834 622 1882 676 Α

207 752 331 805 Οἴα
368 753 719 823 Λιονύσιος
744 753 768 803 ό
793 747 1287 823 Ἀλεξανδρείας
1326 755 1470 822 περὶ
1500 759 1612 812 τῆς
1640 749 1803 804 Ἀπο-

510 822 848 895 καλύτξιεως
889 822 1184 876 Ἰωάννου
1228 822 1495 894 ἱστορεῖ.

272 945 420 1008 Ἑξῆς
478 943 538 998 δε
615 949 730 1021 περὶ
803 953 898 1006 τῆς
965 944 1366 1015 Ἀποκαλύψεως
1411 951 1514 996 -τοῦ
1565 944 1800 998 Ἰωάννου

201 1037 369 1088 ταῦτά
415 1054 571 1108 φησιν
592 1051 605 1065 ⁸
634 1034 669 1088 ἁ
698 1032 766 1094 δὴ
812 1037 982 1087 πάντα
1008 1037 1144 1087 κατὰ
1187 1036 1352 1108 ῥῆμα,
1387 1034 1430 1086 εἰ
1463 1038 1553 1086 καὶ
1585 1029 1679 1086 διὰ
1705 1055 1804 1106 μα-

199 1130 350 1196 κροῦ,
410 1125 544 1196 ὅμως
611 1123 868 1195 ἀναγκαῖά
928 1142 986 1194 γι
1043 1127 1184 1188 ὄντα,
1233 1121 1546 1193 ἐκθήσομαι,
1605 1126 1821 1212 «Τινὲς.

202 1217 294 1285 μὶν
359 1209 466 1279 οὖν,
523 1218 674 1285 φησι,
727 1221 827 1264 τῶν
875 1216 975 1287 πρὸ
1024 1214 1170 1281 ἡμῶν
1238 1213 1499 1269 ἠθέτησαν
1558 1216 1645 1263 καὶ
1692 1210 1800 1264 ἀνε-

206 1305 468 1355 σκεύασαν
508 1304 671 1360 πάντη
714 1305 770 1354 τὸ
821 1300 1020 1375 βιϐλίον
1047 1317 1060 1329 ⁸
1116 1306 1204 1352 καὶ
1246 1301 1363 1352 καθ’
1394 1302 1609 1353 ἕκαστον
1649 1304 1800 1370 κεφά-

199 1391 345 1444 λαιον
399 1388 774 1456 διευθύναντες,
841 1393 1103 1461 άγνωστόν
1158 1409 1217 1460 γε
1276 1395 1365 1442 καὶ
1424 1387 1800 1460 ἀσυλλόγιστον

203 1479 573 1553 ἀποφαίνουσι,
621 1477 914 1551 ψεύδεσθαί
944 1499 998 1532 τε
1045 1485 1138 1538 τὴν
1187 1479 1479 1551 ἐπιγραφήν
1514 1501 1526 1513 -

199 1574 304 1643 γὰρ
347 1570 441 1622 οῦκ
485 1567 612 1622 εἶναι
647 1569 887 1640 λέγουσιν
921 1587 933 1599 ·
977 1569 1082 1620 ἀλλ’
1113 1566 1228 1620 οὐδ’
1259 1569 1615 1639 Ἀποκάλυψιν
1649 1566 1798 1638 εἶναι,

1563 1481 1800 1536 Ἰωάννην

204 1664 300 1718 τὴν
345 1655 552 1732 σφόδρα
597 1663 686 1710 καὶ
733 1665 902 1730 παχεῖ
938 1658 1326 1729 κεκαλυμμένην
1373 1666 1446 1727 τῷ
1495 1667 1586 1719 τῆς
1638 1657 1802 1730 ἀγνω-

209 1752 328 1810 σίας
376 1749 815 1820 παραπετάσματι
849 1767 861 1779 ·
895 1751 985 1798 καὶ
1034 1747 1141 1818 οὐχ
1170 1747 1307 1808 ὅπως
1353 1755 1450 1797 τῶν
1501 1746 1800 1799 ἀποστόλων

202 1839 338 1902 τινὰ,
390 1834 495 1888 ἀλλ’
550 1833 665 1888 οὐδ’
716 1835 844 1897 ὅλως
899 1845 997 1888 τῶν
1071 1836 1253 1906 ἁγίων,
1317 1837 1345 1894 ἦ
1403 1844 1502 1886 τῶν
1554 1835 1654 1888 ἀπό
1708 1845 1802 1899 τῆς

205 1925 538 1990 Ἐκκλησίοις,
619 1929 806 1978 τούτου
881 1929 1143 1996 γεγονέναι
1224 1929 1446 1983 ποιητὴν
1517 1934 1608 1977 τοῦ
1676 1946 1803 1998 συγ-

198 2017 538 2087 γράμματος·
591 2014 856 2088 Κήρινθον
911 2011 969 2066 δε
1017 2018 1102 2066 τόν
1159 2021 1246 2067 καὶ
1308 2018 1401 2072 τὴν
1463 2013 1554 2066 ἀπ’
1611 2014 1802 2068 ἐκείνου
1837 1993 1878 2048 Β

199 2103 480 2162 κληθεῖσαν
532 2106 877 2177 Κηρινθιανην
931 2107 1333 2175 συστησάμενον
1383 2106 1604 2177 αἵρεσιν,
1659 2105 1805 2168 ἀξιό-

199 2213 384 2246 πιστον
433 2197 752 2266 ἐπιφημίσαι
821 2194 1110 2251 θελήσαντα
1157 2202 1230 2263 τῷ
1301 2194 1487 2246 ἑαυτοῦ
1530 2197 1802 2267 πράγματι

199 2287 361 2356 ὄνομα
391 2291 404 2303 ⁸
459 2291 612 2336 τοῦτο
652 2286 753 2357 γὰρ
811 2283 938 2336 εἶναι
990 2293 1081 2344 τῆς
1133 2280 1486 2346 διδασκαλίας
1535 2284 1693 2336 αὐτοῦ
1744 2289 1801 2338 τὸ

200 2369 396 2445 δόγμα,
445 2372 672 2444 ἐπίγειον
703 2375 918 2425 ἔσεσθαι
965 2377 1057 2432 τὴν
1087 2380 1178 2424 τοῦ
1227 2380 1460 2448 Χριστοῦ
1487 2371 1756 2446 βασιλείαν
1783 2393 1797 2407 ο

199 2467 290 2514 καὶ
349 2463 418 2513 ὧν
470 2462 627 2524 αύτὸς
693 2463 933 2536 ὠρέγετο,
997 2462 1355 2534 φιλοσώματος
1407 2462 1474 2513 ὡν
1530 2468 1620 2514 καὶ
1667 2465 1800 2516 πάνυ

201 2554 470 2624 σαρκικός,
507 2550 556 2602 ἐν
609 2554 814 2612 τούτοις
871 2550 1204 2623 ὀνειροπολεῖν
1254 2553 1465 2603 ἔσεσθαι
1496 2566 1508 2578 ⁸
1569 2557 1802 2627 γαστρός

201 2646 288 2694 καὶ
348 2650 446 2693 τῶν
490 2642 590 2693 ὑπὸ
639 2645 875 2714 γαστέρα
938 2641 1262 2712 πλησμονῆς,
1315 2645 1556 2692 τουτέστι
1612 2647 1799 2704 σιτίοις

203 2735 296 2782 καὶ
335 2738 504 2791 ποτοῖς
543 2734 630 2782 καὶ
679 2731 886 2802 γάμοις,
935 2735 1024 2782 καὶ
1051 2727 1123 2781 δι’
1154 2731 1220 2780 ὧν
1251 2729 1594 2802 εὐφημότερον
1634 2739 1800 2784 ταῦτα

209 2819 349 2889 ᾠήθη
416 2821 701 2882 ποιεῖσθαι,
758 2819 961 2892 ἑορταῖς
1021 2824 1111 2870 καὶ
1166 2820 1377 2880 Θυσίαις
1452 2824 1541 2870 καὶ
1607 2822 1797 2893 ἱερείων

211 2915 447 2979 σφαγαῖς.
507 2911 640 2980 Ἐγὼ
680 2905 738 2960 δὲ
797 2908 1051 2966 ἀθετῆσαι
1098 2911 1186 2978 μὲν
1237 2907 1330 2958 ούκ
1374 2906 1434 2958 ἂν
1474 2908 1797 2980 τολμήσαιμι

201 2999 258 3048 τό
299 2995 515 3069 βιϐλίον,
561 2996 758 3048 πολλῶν
791 2997 916 3048 αῦτὸ
949 2993 1044 3048 διὰ
1093 2993 1330 3057 σπουδῆς
1373 2999 1598 3067 ἑχόντων
1643 2995 1796 3050 ἀδελ-

199 3093 321 3158 φῶν.
377 3087 610 3148 Μείζονα
640 3083 698 3140 δὲ
751 3095 847 3147 τῆς
897 3085 1122 3159 ἐμαυτοῦ
1171 3091 1463 3160 φρονήσεως
1526 3092 1615 3144 τὴν
1673 3089 1797 3141 ὑπό-

193 3174 352 3246 ληψιν
401 3180 494 3234 τὴν
555 3181 674 3247 περὶ
748 3179 907 3228 αὐτοῦ
965 3175 1226 3248 λαμϐάνω,
1293 3179 1387 3228 Καὶ
1465 3179 1565 3250 γὰρ
1623 3176 1666 3229 εἰ
1720 3182 1791 3249 μὴ

197 3269 434 3336 συνίημι,
471 3263 577 3316 ἀλλ’
631 3266 831 3316 ὑπονοῶ
868 3284 924 3336 γε
976 3272 1092 3317 νοῦν
1123 3285 1238 3316 τινα
1291 3261 1574 3338 βαθύτερον
1629 3265 1792 3336 ἐγκεῖο

195 3355 320 3405 σθαι
360 3361 470 3413 τοῖς
514 3354 749 3428 ῥήμασιν
784 3371 796 3382 ·
831 3353 926 3405 οὐκ
976 3351 1094 3424 ἰδίῳ
1121 3361 1286 3404 ταῦτα
1315 3363 1510 3425 μετρῶν
1559 3359 1646 3406 καὶ
1681 3361 1790 3428 κρίο
1835 3349 1873 3402 C

192 3462 288 3492 νων
333 3441 592 3514 λογισμῷ,
645 3446 818 3494 πίστει
858 3438 927 3516 ⁸δὶι
1002 3446 1059 3493 τὸ
1115 3442 1260 3493 πλέον
1317 3445 1498 3513 νέμων,
1543 3443 1794 3513 ὑψηλοτέ-

193 3549 287 3603 ραν
334 3531 363 3589 ?)
446 3530 532 3583 ὑπ’
597 3529 719 3603 ἐμοῦ
793 3530 1189 3602 καταληφθῆναι
1234 3534 1494 3602 νενόμικα.
1553 3537 1648 3584 Καὶ
1699 3533 1792 3584 ούκ

195 3615 574 3691 ἀποδοκιμάζω
617 3628 802 3686 ταῦτα,
839 3619 873 3671 ἃ
919 3625 989 3691 μὴ
1053 3625 1353 3692 συνεώρακα
1385 3636 1396 3673 :
1429 3621 1680 3692 θαυμάζω
1734 3619 1792 3674 δὲ

193 3708 381 3779 μᾶλλον
439 3713 515 3761 ὅτι
584 3714 654 3780 μὴ
710 3706 1014 3762 συνεῖδον.»
1069 3711 1186 3762 Ἐπὶ
1251 3711 1456 3771 τούτοις
1513 3715 1606 3767 τὴν
1671 3710 1790 3768 ὃλην

193 3805 284 3858 τῆς
350 3796 725 3870 ἀποκαλύψεως
778 3795 1073 3870 βασανίσας
1134 3804 1359 3870 γραφὴν,
1418 3795 1674 3850 ἀδύνατον
1733 3796 1790 3852 δὲ

191 3886 354 3945 αὐτὴν
398 3889 535 3939 κοιτά
586 3891 674 3945 τὴν
723 3892 1007 3962 πρόχειρον
1058 3884 1336 3949 ἀποδείξας
1386 3883 1622 3939 διάνοιαν
1665 3895 1792 3940 νοεῖ-

193 3977 338 4040 σθαι,
384 3974 609 4049 ὶπιφίρει
670 3976 868 4047 λέγων·
940 3996 968 4028 ‹(
1016 3976 1325 4037 Συντελέσας
1380 3973 1438 4029 δὲ
1494 3983 1669 4029 πᾶσαν
1724 3981 1792 4038 ὡς

188 4065 346 4118 εἰπεῖν
385 4069 478 4123 τὴν
535 4070 869 4138 προφητείαν,
928 4067 1210 4141 μακαρίζει
1266 4067 1291 4117 ό
1353 4071 1616 4138 προφήτης
1672 4070 1793 4129 τούς

183 4173 243 4206 τε
287 4153 650 4226 φυλάσσοντας
682 4154 864 4220 αὐτὴν,
914 4160 1003 4206 καὶ
1036 4151 1102 4212 δὴ
1139 4160 1227 4206 καὶ
1264 4153 1464 4210 ἑαυτόν.
1524 4158 1793 4228 Μακάριος

172 4229 309 4318 γὰρ,
364 4248 542 4316 φησὶν,
601 4245 626 4296 ό
682 4253 852 4318 τηρῶν
924 4249 1045 4306 τοῦς
1088 4244 1275 4314 λόγους
1339 4253 1426 4304 τῆς
1481 4251 1794 4319 προφητείας

178 4341 275 4386 τοῦ
329 4331 533 4406 βιϐλίου
587 4336 773 4385 τούτου
809 4349 820 4363 ⁸
865 4331 1010 4404 κάγὼ
1069 4335 1305 4393 Ἰωάννης
1371 4335 1396 4384 ὀ
1449 4332 1650 4405 βλέπων
1704 4341 1792 4388 καὶ

178 4420 388 4474 ἀκούων
439 4429 624 4474 ταῦτα.
683 4421 969 4478 Καλεῖσθαί
1016 4425 1106 4494 μεν
1168 4418 1254 4473 οὖν
1306 4421 1547 4480 Ἰωάννην
1615 4423 1790 4489 αὐτὸν,

174 4516 274 4564 καὶ
324 4507 451 4564 εἶναι
493 4516 586 4570 τὴν
615 4517 817 4585 γραφὴν
870 4513 1106 4564 Ἰωάννου
1147 4515 1360 4576 ταύτην,
1419 4515 1513 4563 οὐκ
1567 4511 1783 4584 ἀντερῶ,

170 4601 366 4671 Ἀγίου
406 4603 496 4672 μὶν
523 4601 623 4672 γὰρ
658 4597 787 4652 εἶναί
825 4619 964 4662 τινος
1008 4606 1097 4652 καὶ
1140 4602 1479 4653 θεοπνεύστου
1515 4610 1738 4653 συναινῶ
1771 4617 1784 4631 ·

171 4689 240 4742 ού
291 4693 396 4760 μὴν
443 4685 640 4763 ῥᾳδίως
686 4688 746 4740 ἂν
803 4691 1083 4760 συνθείμην
1131 4697 1310 4742 τοῦτον
1369 4687 1498 4741 εἶναι
1529 4693 1614 4742 τὸν
1669 4690 1794 4742 ἀπό.
1826 4697 1870 4751 D

173 4777 388 4843 στόλον,
455 4781 542 4829 τόν
598 4779 710 4829 υἱόν
764 4776 1066 4842 Ζεϐεδαίου,
1117 4782 1202 4830 τόν
1249 4774 1469 4850 ἀδελφόν
1517 4778 1787 4845 Ἰακώϐου,

169 4866 240 4918 οὗ
309 4869 365 4918 τὸ
416 4865 725 4938 Εύαγγίλιον
797 4870 854 4919 τό
921 4870 1056 4920 κατὰ
1107 4867 1349 4925 Ἰωάννην
1413 4867 1790 4941 ἐπιγεγραμμέ-

165 4973 286 5020 νον,
342 4959 430 5007 καὶ
483 4957 514 5012 ἡ
563 4954 808 5014 ἕπιστολὴ
852 4957 880 5014 ἡ
946 4956 1228 5014 Καθολική.
1278 4961 1635 5029 Τεκμαίρομαι
1686 4960 1786 5032 γὰρ

167 5035 232 5095 εκ
305 5063 358 5096 τε
405 5051 496 5096 τοῦ
547 5045 712 5106 ἤθους
759 5044 1029 5120 ἑκατέρων,
1089 5051 1178 5097 καὶ
1234 5054 1324 5097 τοῦ
1380 5054 1477 5098 τῶν
1515 5046 1677 5117 λόγων
1722 5051 1788 5099 εἷ-

168 5129 334 5198 δους,
387 5137 470 5185 καὶ
518 5142 611 5195 τῆς
663 5141 754 5185 τοῦ
809 5133 1020 5207 βιϐλίου
1095 5133 1423 5207 διεξαγωγῆς
1490 5134 1782 5206 λεγομένης,

166 5226 251 5294 μὴ
317 5225 403 5273 τὸν
456 5222 609 5274 αὐτὸν
660 5219 808 5274 εἶναι.
865 5222 923 5274 Ὁ
978 5228 1067 5296 μὲν
1110 5227 1210 5297 γὰρ
1267 5223 1638 5295 εύαγγελιοτὴς
1697 5229 1786 5276 ού-

169 5308 360 5382 δαμου
409 5314 468 5363 τὸ
522 5312 683 5382 ὄνομα
731 5311 890 5363 αύτοῦ
943 5315 1283 5386 παρεγράφει,
1352 5309 1476 5364 οὐδὲ
1527 5315 1785 5385 κηρύσσει

167 5400 366 5454 ἑαυτὸν
417 5404 534 5452 οὔτε
584 5397 678 5452 διὰ
735 5409 826 5452 τοῦ
880 5401 1220 5471 Εύαγγε).ίου,
1269 5405 1384 5453 οὔτε
1414 5399 1507 5453 διὰ
1548 5410 1642 5463 τῆς
1673 5401 1785 5454 ἔπι-

171 5489 398 5550 στολῆς.
447 5511 472 5541 ι
543 5495 643 5542 Καὶ
719 5494 902 5562 μικρὸν
968 5489 1301 5552 ὑποκαταϐὰς
1378 5490 1528 5542 πάλιν
1601 5491 1733 5562 λέγει
1766 5508 1780 5522 ⁶

175 5600 207 5633 «
264 5580 504 5640 Ἰωάννης
555 5575 614 5630 δε
659 5576 915 5652 οὐδαμοῦ,
967 5577 1080 5633 οὐδ’
1129 5582 1194 5640 ὡς
1241 5584 1356 5654 περὶ
1413 5579 1605 5652 ἐτέρου,
1666 5577 1783 5634 οὐδ’

2523 623 2745 679 CAPUT
2784 625 2948 680 XXII.

1912 746 2066 812 Quid
2090 746 2403 818 Dionysius
2419 747 2462 802 A
2477 748 2867 824 laxandi-inus
2880 751 2950 806 de
2967 751 3009 805 A
3019 751 3314 824 pocalypsi
3321 751 3571 808 Joannis

2407 822 2694 889 scriptum
2730 822 3064 894 reliquerit.

1981 943 2203 998 Deinde
2232 942 2306 998 de
2331 944 2686 1016 Apocalypsi
2717 947 2962 1002 Joannis
3003 946 3359 1003 sententiam
3399 962 3574 1004 suam

1909 1031 2132 1102 profert
2161 1048 2175 1086 :
2204 1048 2341 1104 quas
2362 1033 2568 1087 omnia
2593 1035 2875 1105 quamvis
2905 1036 3023 1091 sint
3042 1036 3337 1105 longiora,
3368 1039 3574 1092 tamen

1908 1121 2243 1176 necessario
2260 1121 2448 1176 verbis
2461 1124 2987 1180 commemoranda
3001 1125 3225 1196 putavi.
3244 1147 3271 1175 «
3295 1123 3573 1180 Nonnulli

1908 1225 2138 1270 eorum.
2170 1211 2380 1282 inquit,
2410 1212 2512 1282 qui
2534 1228 2636 1266 eos
2670 1218 3120 1283 praecesserunt,
3161 1214 3571 1279 aboleverunt,

1909 1304 1964 1354 et
1987 1299 2161 1369 plane
2205 1298 2435 1354 irritum
2453 1299 2718 1356 fecerunt
2747 1301 2964 1357 librum
2984 1303 3206 1374 ipsum,
3230 1308 3408 1375 atque
3433 1317 3570 1358 eum

1910 1404 2013 1459 per
2024 1388 2440 1458 capitaomnia
2452 1391 2926 1458 coarguentes,in
2943 1407 3064 1446 eam
3081 1391 3316 1446 formam
3334 1391 3570 1461 redege-

1905 1482 2066 1541 runt,
2099 1478 2452 1547 utcognosci
2484 1495 2604 1534 non
2637 1485 2858 1550 posset,
2889 1487 2945 1535 et
2967 1481 3129 1536 nulla
3149 1481 3378 1536 ratione
3411 1496 3572 1536 com-

1905 1569 2140 1640 pOSitus
2156 1583 2285 1622 esse
2308 1568 2617 1623 videretur.
2642 1569 2874 1626 Falsam
2898 1586 3140 1642 quoque
3163 1569 3274 1642 41
3290 1570 3340 1642 5
3365 1570 3573 1625 inscri-

1907 1658 2170 1728 ptionem
2186 1657 2405 1713 habere
2419 1657 2722 1713 dixerunt:
2744 1674 2938 1730 neque
2957 1660 3115 1714 enim
3134 1659 3381 1715 Joannis
3416 1674 3570 1726 esse,

1908 1762 2021 1817 neq
2034 1762 2103 1801 ue
2130 1745 2548 1802 revelationem
2580 1747 2760 1802 ullam
2779 1747 3018 1812 habere,
3047 1749 3151 1820 qui
3181 1753 3302 1803 tam
3345 1763 3570 1816 magno

1908 1841 1964 1890 et
1993 1851 2198 1890 crasso
2227 1835 2604 1891 obscuritatis
2631 1835 2760 1891 velo
2777 1842 3092 1908 coopertus
3118 1843 3272 1892 esset
3289 1855 3307 1907 ;
3340 1843 3396 1891 et
3439 1851 3566 1892 non

1912 1925 2093 1980 modo
2123 1940 2243 1979 non
2270 1924 2347 1980 ab
2375 1925 2646 1996 apostolo
2697 1927 3010 1998 quopiam,
3063 1925 3169 1981 sed
3196 1941 3271 1981 ne
3291 1941 3328 1981 a
3357 1930 3567 1983 sancto

1909 2016 2153 2086 quidem
2178 2013 2298 2068 ullo
2321 2019 2422 2069 aut
2443 2013 2838 2070 ecclesiastico
2868 2015 2989 2070 viro
3019 2015 3247 2070 editum
3273 2029 3432 2070 esse.
3467 2017 3568 2072 Ce-

1910 2105 2172 2159 rinthum
2197 2110 2418 2169 autem,
2447 2104 2549 2174 qui
2579 2106 2629 2174 ej
2643 2121 2708 2158 us
2731 2120 2863 2176 quae
2876 2104 2953 2160 ab
2985 2120 3056 2160 eo
3078 2104 3458 2161 Cerinthiana
3479 2105 3568 2159 di-

1911 2195 2061 2248 citur
2074 2193 2314 2248 haeresis
2327 2199 2533 2248 auctor
2551 2197 2655 2257 est,
2676 2193 2934 2248 voluisse
2948 2193 3165 2248 celebri
3183 2193 3429 2248 nomine
3447 2192 3567 2249 ﬁde

1909 2283 2156 2354 dignam
2172 2282 2582 2338 auctoritatem
2596 2281 2881 2350 ﬁgmento
2897 2298 3007 2337 suo
3022 2297 3252 2353 parare.
3271 2281 3390 2338 Hoc
3405 2281 3566 2337 enim

1910 2388 2038 2428 esse
2065 2371 2448 2442 professionis
2467 2387 2591 2426 suae
2617 2371 2860 2440 dogma,
2882 2387 3133 2441 regnum
3156 2371 3366 2428 Christi
3390 2376 3566 2428 terre-

1907 2477 2054 2516 num
2078 2461 2343 2516 futurum
2367 2477 2382 2525 ;
2400 2467 2457 2516 et
2477 2477 2631 2533 quas
2658 2461 2784 2531 ipse
2802 2460 3129 2532 corporalis
3147 2461 3482 2517 admodum
3507 2464 3566 2516 et

1907 2551 2167 2608 carnalis
2207 2550 2630 2620 concupiverat
2660 2565 2776 2614 res,
2811 2550 2870 2604 in
2899 2551 2983 2604 eis
3026 2550 3364 2605 somniasse
3408 2547 3556 2604 illud

1906 2639 2191 2701 futurum.
2211 2639 2268 2693 in
2289 2639 2510 2694 ventris
2533 2638 2753 2694 scilicet
2779 2643 2835 2694 et
2857 2654 3065 2694 eorum
3079 2655 3214 2709 quas
3233 2638 3346 2694 sub
3363 2643 3564 2693 ventre

1907 2733 2044 2783 sunt
2066 2727 2313 2782 libidine
2344 2734 2399 2782 et
2431 2728 2694 2784 ubertate
2721 2743 2733 2782 :
2760 2727 2874 2782 hoc
2895 2732 3000 2792 est,
3035 2728 3190 2792 cibo,
3227 2732 3391 2798 potu,
3421 2741 3562 2782 con-

1906 2817 2110 2881 nubio,
2137 2825 2190 2871 et
2208 2818 2294 2888 (ut
2317 2816 2746 2872 absurditatem
2763 2822 2994 2872 tantam
3015 2817 3299 2888 speciosis
3321 2819 3565 2871 ornaret

1908 2906 2124 2976 verbis)
2148 2905 2360 2960 diebus
2387 2905 2567 2970 festis,
2605 2904 2929 2971 sacriﬁciis,
2957 2910 3013 2960 et
3038 2905 3420 2960 victimarum
3439 2919 3564 2961 ma-

1904 2996 2282 3050 ctationibus.
2311 2997 2430 3065 Ego
2452 3011 2589 3049 vero
2622 2995 2915 3063 abrogare
2936 2994 3160 3049 librum
3187 3010 3349 3061 eum,
3374 3009 3556 3065 quem

1905 3085 2113 3140 fratres
2137 3085 2302 3140 multi
2326 3084 2597 3139 studiose
2619 3083 2843 3153 legunt,
2871 3099 2992 3139 non
3011 3085 3238 3149 ausim;
3265 3083 3561 3154 majorem

1904 3179 2105 3230 autem
2128 3189 2312 3245 quam
2329 3189 2434 3243 pro
2457 3173 2736 3229 tenuitate
2756 3189 2893 3228 mea
2910 3177 3099 3236 decet,
3122 3173 3193 3227 de
3218 3187 3288 3227 eo
3314 3171 3564 3242 concepi

1901 3263 2268 3334 Opinionem.
2295 3265 2435 3316 Nam
2462 3263 2567 3317 etsi
2591 3277 2711 3317 non
2736 3261 3019 3330 intelligo,
3046 3261 3320 3334 suspicor
3359 3265 3560 3316 tamen

1903 3352 2174 3407 altiorem
2197 3351 2696 3424 secretioremque
2728 3351 2786 3406 in
2810 3351 3008 3405 verbis
3043 3351 3173 3421 ejus
3203 3351 3385 3405 latere
3425 3364 3560 3403 sen-

1903 3458 2058 3505 sum,
2085 3457 2344 3511 eumque
2376 3440 2552 3510 longe
2589 3439 3024 3507 sublimiorem,
3054 3456 3241 3510 quam
3285 3445 3345 3494 ut
3375 3454 3411 3493 a
3465 3453 3558 3492 me

1903 3531 2138 3600 percepi
2160 3537 2359 3602 queat.
2382 3529 2443 3584 ld
2462 3529 2625 3601 quod
2650 3545 2767 3584 non
2783 3529 3028 3584 arbitrio
3054 3545 3186 3584 meo
3204 3529 3430 3598 judico,
3457 3527 3560 3583 sed

1902 3620 2039 3675 fidei
2072 3620 2264 3687 magis
2311 3619 2529 3675 tribuo.
2572 3622 2697 3674 Non
2748 3619 2950 3688 rejicio
2994 3618 3240 3689 quidem
3271 3632 3406 3688 qua:
3438 3631 3561 3673 non

1901 3709 2220 3781 perspicio,
2257 3709 2447 3778 magis
2479 3716 2676 3762 autem
2705 3707 2972 3763 admiror
3001 3706 3165 3777 quod
3197 3722 3318 3761 non
3353 3704 3564 3762 intelli-

1902 3813 2062 3867 gam.
2084 3815 2111 3847 «
2139 3797 2399 3851 Postheec
2421 3798 2714 3867 scriptura
2740 3795 3117 3852 revelationis
3135 3795 3562 3865 omnidiligen-

1901 3887 2017 3942 tius
2044 3887 2460 3958 etexquisitius
2486 3901 2804 3957 perpensa,
2834 3884 3075 3954 intelligi
3112 3900 3233 3939 non
3263 3900 3442 3956 posse
3465 3883 3564 3939 de-

1901 3981 2210 4039 monstrat,
2241 3975 2287 4029 si
2319 3990 2455 4030 eum
2487 3990 2734 4030 sensum
2767 3979 3019 4046 spectes,
3049 3975 3150 4046 qui
3179 3973 3241 4028 in
3278 3977 3564 4045 promptu

1900 4067 2129 4138 positus
2162 4065 2392 4119 videtur
2417 4081 2432 4128 ;
2461 4080 2530 4118 ac
2547 4063 2762 4118 deinde
2794 4063 2996 4120 refert:
3030 4061 3366 4118 «Absoluta
3394 4078 3561 4129 vero,

1902 4160 1966 4211 ut
2005 4155 2088 4210 ita
2116 4155 2335 4218 dicam,
2363 4153 2679 4225 prophetia
2701 4153 3001 4220 universa,
3028 4151 3237 4207 beatos
3269 4151 3563 4223 propheta

1901 4245 2216 4311 renuntiat,
2241 4243 2343 4315 qui
2376 4259 2510 4298 eam
2542 4242 2922 4309 servaverint,
2957 4256 3140 4313 seque
3172 4240 3325 4296 adeo
3357 4241 3562 4312 ipsum

1904 4336 2115 4389 Beatus
2147 4334 2328 4397 enim,
2363 4332 2574 4403 inquit,
2621 4332 2723 4403 qui
2775 4335 2971 4387 servat
2998 4329 3182 4385 verba
3215 4329 3566 4401 prophetia.

1900 4422 2036 4478 libri
2065 4421 2247 4492 hujus
2289 4437 2302 4486 ;
2332 4426 2389 4476 et
2415 4436 2526 4489 ego
2564 4421 2846 4484 Joannes,
2880 4419 2984 4492 qui
3015 4423 3068 4474 et
3090 4418 3210 4473 vidi
3249 4423 3306 4474 et
3336 4418 3562 4474 audivi.

1905 4511 2111 4568 Vocari
2138 4510 2689 4583 quidemJoannem
2713 4525 2874 4575 eum,
2902 4514 2958 4564 et
2985 4508 3229 4563 Joannis
3259 4522 3388 4562 esse
3423 4508 3570 4562 scri-

1903 4606 2071 4673 ptum
2087 4601 2168 4664 id,
2186 4615 2304 4654 non
2321 4613 2610 4670 repugno.
2631 4599 2692 4652 Et
2711 4598 2897 4652 sancti
2914 4596 3168 4668 alicujus
3191 4612 3260 4652 ac
3287 4594 3572 4650 divinitus

1903 4689 2206 4746 afﬂativiri
2234 4704 2365 4743 esse
2383 4688 2708 4751 assentior;
2735 4701 2854 4741 non
2879 4685 3048 4741 facile
3078 4691 3278 4740 tamen
3316 4684 3575 4756 apostoli

1901 4795 2029 4834 esse
2056 4775 2598 4846 concesserim,filii
2617 4775 2900 4839 Zebedasi,
2937 4774 3130 4829 fratris
3149 4773 3373 4838 Jacobi,
3401 4774 3572 4844 cujus

1901 4867 2284 4936 Evangelium
2297 4872 2380 4920 est
2395 4865 2557 4937 quod
2573 4865 2906 4919 secundum
2921 4865 3210 4919 Joannem
3227 4862 3573 4934 inscriptum

1900 4962 2006 5022 est,
2025 4965 2080 5011 et
2093 4955 2340 5027 epistola
2355 4954 2666 5010 catholica.
2686 4954 3099 5022 Conjecturam
3116 4953 3276 5007 enim
3309 4951 3484 5016 facio,
3498 4967 3571 5009 ex

1901 5052 2286 5116 utrorumque
2300 5045 2654 5114 scriptorum
2673 5059 2836 5098 more
2851 5048 2906 5097 et
2920 5041 3139 5107 indole,
3156 5057 3228 5096 ex
3249 5041 3570 5098 verborum

1899 5135 2184 5202 forma,et
2207 5150 2270 5187 ex
2293 5134 2478 5204 ipsius
2497 5131 2628 5186 libri
2647 5132 2847 5198 ductu,
2871 5131 3026 5186 illius
3045 5146 3164 5186 non
3196 5145 3347 5186 esse.
3388 5129 3568 5204 416

1897 5229 1976 5280 Ac
1990 5223 2362 5291 Evangelista
2373 5222 2617 5294 quidem
2633 5237 2934 5292 nusquam
2950 5235 3172 5275 nomen
3188 5236 3367 5275 suum
3391 5221 3569 5276 ascri-

1897 5313 1980 5370 bit
2017 5335 2028 5366 :
2062 5328 2255 5382 neque
2297 5312 2560 5382 seipsum
2593 5309 2684 5364 vel
2719 5310 2776 5364 in
2819 5308 3161 5379 Evangelia,
3219 5307 3313 5363 vel
3352 5309 3413 5363 in
3445 5310 3570 5381 epi-

1896 5401 2442 5472 stoladepraedicat.
2461 5414 2484 5443 ι
2511 5397 2902 5470 Etpaululum
2921 5412 3280 5468 progressus
3326 5413 3566 5453 rursum

1894 5492 2118 5563 inquit:
2147 5512 2166 5540 ε
2186 5491 2444 5544 Joannes
2459 5488 2700 5560 quidem
2717 5501 3045 5558 nusquam,
3063 5501 3259 5557 neque
3274 5491 3566 5560 tanquam

1892 5581 1966 5636 de
2001 5580 2143 5650 alio,
2180 5594 2374 5651 neque
2406 5585 2698 5650 tanquam
2726 5575 2799 5632 de
2831 5576 3027 5647 seipso
3056 5593 3069 5640 ;
3116 5576 3212 5648 qui
3239 5591 3377 5633 vero
3407 5581 3564 5650 Apo-
