4036 6288
585 280 741 336 1175

1947 267 2335 331 NICEPHORI
2374 267 2690 325 CALLISTI
3743 279 3832 334 H16

580 404 881 478 calypsim
901 402 1163 475 scripsit,
1186 402 1388 463 stah'm
1411 417 1444 458 a
1469 401 1764 473 principio
1785 401 2052 472 seipsum
2092 415 2174 471 pr:

2240 397 2326 451 -A
2359 395 2430 456 ὡς
2483 399 2600 469 περὶ
2668 394 2874 466 ἑαυτοῦ,
2927 397 2952 448 6
3002 394 3061 450 δε
3090 401 3184 456 τὴν
3236 398 3572 469 Ἀποκάλυψιν
3615 402 3773 474 γράψας
3804 407 3834 456 ri

579 495 753 568 ponit
781 511 795 550 :
852 493 1250 563 Apocalypsis
1278 491 1421 547 Jesu
1445 489 1686 556 Christi,
1720 506 1899 562 quam
1931 489 2092 547 dedit
2117 489 2250 561 illi;

585 585 756 648 Deus,
769 583 964 653 palam
977 583 1180 651 facere
1190 579 1374 636 servis
1386 580 1502 634 suis
1517 580 1809 645 celeriter,
1825 585 1878 635 et
1893 577 2248 649 signiﬁcavit

583 673 823 729 mittens
849 687 958 741 per
1007 671 1284 741 angelum
1315 684 1486 724 suum
1537 683 1704 724 servo
1735 684 1840 724 suo
1870 667 2108 732 Joanni,
2146 666 2252 738 qui

585 760 976 817 testimonium
983 758 1288 831 perhibuit
1314 757 1488 813 verbo
1506 756 1610 813 Dei
1623 764 1696 825 ,et
1713 757 2109 812 testimonium
2125 756 2248 826 ejus

583 864 948 922 quacunque
977 848 1143 904 vidit.
1178 847 1396 902 Deinde
1429 847 1609 901 etiam
1663 844 1976 916 epistolam
2023 843 2245 899 scribit.

583 939 846 995 Joannes
873 943 1088 1007 septem
1136 935 1394 992 ecclesiis
1422 935 1486 990 in
1548 935 1715 999 Asia,
1765 935 1967 1004 gratia
1999 934 2160 989 vobis
2195 939 2248 989 et

582 1043 712 1098 pax
731 1029 798 1082 ⁸⁷.
834 1026 1238 1095 Evangelista,
1260 1029 1461 1080 autem
1495 1024 1767 1095 nequein
1795 1023 2086 1078 catholica
2122 1023 2248 1094 epi-

587 1116 742 1173 stola
761 1131 982 1172 nomen
1014 1130 1192 1171 suum
1213 1112 1520 1186 praemisit,
1543 1129 1753 1168 verum
1787 1111 2072 1167 ineffabili
2100 1126 2252 1182 quO'

585 1205 732 1263 dam
759 1205 941 1262 modo
967 1204 1046 1260 ab
1095 1204 1230 1276 ipso
1261 1203 1461 1258 statim
1512 1218 1734 1258 arcano
1777 1201 2063 1272 mysterio
2101 1201 2249 1255 divi-

585 1311 680 1352 nm
718 1294 1097 1352 revelationis
1128 1297 1216 1348 est
1246 1307 1496 1347 exorsus
1531 1308 1543 1346 :
1579 1290 1740 1358 Quod
1769 1291 1891 1360 fuit
1952 1291 2027 1346 ab
2051 1291 2243 1355 initio,

583 1385 745 1458 quod
768 1383 1129 1448 audivimus,
1160 1383 1318 1453 quod
1337 1381 1592 1438 vidimus
1608 1382 1794 1436 oculis
1817 1380 2032 1436 nostris
2055 1381 2122 1432 ⁵⁸.
2141 1381 2248 1434 Cu-

581 1475 685 1546 jus
714 1472 1091 1529 revelationis
1137 1471 1380 1526 nomine
1425 1476 1604 1525 etiam
1675 1470 1959 1524 Dominus
1997 1468 2242 1524 beatum

586 1561 1016 1636 deprasdicavit
1044 1562 1295 1624 Petrum,
1330 1559 1607 1631 inquiens
1640 1575 1654 1613 :
1686 1560 1900 1614 Beatus
1931 1574 1988 1614 es
2035 1565 2116 1618 tu.
2148 1558 2246 1613 Si-

586 1667 726 1708 mon
749 1651 1030 1715 Bariona,
1055 1651 1336 1720 quoniam
1357 1663 1497 1705 caro
1519 1652 1570 1704 et
1601 1649 1844 1717 sanguis
1877 1664 1998 1703 non
2022 1647 2244 1703 revela-

2363 487 2455 546 θύς
2502 503 2554 536 τε
2606 483 2654 536 ἐν
2707 486 2849 558 ἀρχῇ
2906 486 3086 539 ἑαυτὸν
3131 491 3461 560 προτάσσει·
3499 491 3839 562 Ἀποκάλυψις

2359 575 2577 631 Ἰησοῦ
2621 582 2927 646 Χριστοῦ,
2964 575 3034 634 ἣν
3074 574 3311 630 ἔδωκέν
3350 578 3509 648 αύτῷ
3544 576 3719 641 δεῖξαι
3744 592 3839 642 τοῖς-

2361 659 2625 724 δούλοις
2661 663 2854 715 αὐτοῦ
2893 667 2951 716 ἐν
2991 668 3215 737 τάχει·
3250 672 3355 719 καὶ
3395 670 3684 738 ἐσήμανεν
3714 667 3839 722 um:-

2358 751 2567 813 τείλας
2599 749 2710 805 διὰ
2739 761 2846 805 τοῦ
2879 753 3153 825 ἀγγέλου
3188 756 3387 808 αὐτοῦ
3414 765 3489 826 τῷ
3519 754 3694 828 δούλῳ
3717 759 3840 811 αὐτοῦ

2359 843 2637 915 Ἰωάννῃ,
2674 841 2736 904 ὃς
2771 847 3192 919 ἐμαρτύρησε
3229 850 3336 898 τόν
3377 851 3570 916 Λόγον
3605 854 3695 898 τοῦ
3722 855 3841 911 θεον,

2359 935 2466 982 καὶ
2503 935 2615 989 τὴν
2655 938 3032 1005 μαρτυρίαν
3073 936 3272 986 αὐτοῦ
3312 936 3447 986 ὅσα
3483 931 3844 988 εἶδεννεῖταιει

2360 1020 2634 1079 ἐπιστολὴν
2679 1024 2867 1095 γράφει
2888 1039 2900 1051 ·
2928 1041 2958 1074 ι(
3010 1023 3222 1076 Ἰωάνν
3242 1043 3271 1080 η
3291 1044 3312 1084 ς
3350 1031 3489 1084 ταῖς
3536 1023 3674 1075 ἐπτά
3703 1023 3844 1081 ἐκκλι-

2362 1113 2543 1170 σίαις
2579 1116 2723 1170 ταῖς
2763 1110 2818 1162 ἐν
2857 1119 2927 1182 τῇ
2968 1113 3178 1184 Ἀσίᾳ.
3213 1115 3422 1187 Χάρις
3451 1114 3588 1184 ὑμῖν
3621 1118 3713 1164 καὶ
3742 1114 3845 1186 cipi-

2358 1220 2383 1250 ν
2397 1218 2448 1256 η.
2468 1198 2566 1252 »Ὁ
2590 1197 2650 1252 δέ
2665 1201 2714 1270 γ’
2734 1200 2942 1272 εύαγγε)
2957 1206 3102 1262 ιστὴς
3118 1197 3232 1254 οὐδ’
3253 1201 3300 1253 ἐν
3322 1209 3383 1274 τῇ
3419 1203 3656 1274 Καθολικῇ
3674 1201 3840 1272 inmiti

2357 1289 2681 1363 προέγραψεν
2730 1289 2914 1342 ἑαυτοῦ
2966 1294 3024 1343 τὸ
3093 1296 3276 1361 ὄνομα,
3322 1292 3450 1343 ἀλλά
3502 1289 3757 1366 ἀπορρήτως
3792 1292 3844 1343 ἀπ’

2357 1378 2515 1430 αὐτοῦ
2546 1386 2638 1430 τοῦ
2663 1385 2956 1451 μυστηρίου
2987 1389 3082 1442 τῆς
3127 1383 3266 1443 θείας
3302 1379 3659 1451 ἀποκαλύψεως
3689 1381 3845 1454 ἤρξατο·

2353 1473 2418 1518 Ὅ
2458 1463 2527 1524 ἧν
2581 1465 2676 1520 ἀπ’
2717 1466 2944 1541 ἀρχῆς,
2982 1469 3008 1520 ὃ
3050 1468 3448 1540 ἀκηκόαμεν,
3498 1469 3522 1520 ὃ
3572 1469 3847 1540 ἑωράκαμεν

2353 1562 2489 1617 τοῖς
2528 1555 2878 1628 ὀφθαλμοῖς
2916 1560 3110 1629 ἡμῶν.
3142 1560 3260 1612 Ἐπὶ
3308 1563 3470 1631 ταύτῃ
3505 1560 3598 1631 γὰρ
3645 1566 3696 1629 τῇ
3727 1557 3850 1609 ἀποκι-

2351 1645 2504 1716 λύψει
2547 1651 2638 1698 καὶ
2682 1648 2706 1698 6
2749 1649 2939 1721 Κύριος
2992 1646 3276 1718 ἐμακάρισε
3332 1651 3417 1700 τὸν
3472 1653 3665 1720 Πέτρον,
3715 1647 3845 1699 εἰπών·

587 1741 673 1799 vit
700 1741 826 1806 tibi,
857 1740 960 1797 sed
991 1741 1170 1796 Pater
1195 1753 1357 1795 meus
1383 1738 1622 1794 caelestis
1646 1738 1715 1791 5°.
1746 1737 1900 1802 Quin
1949 1752 2142 1809 neque

2273 1756 2317 1811 Β
2352 1737 2681 1808 Μακάριος
2711 1733 2768 1788 εἷ
2796 1739 2889 1801 σὺ,
2925 1741 3125 1808 Σίμων
3158 1740 3276 1809 Βάρ
3308 1739 3616 1802 Ἰωνᾶ,ὁτι
3644 1737 3769 1808 σὰρξ
3789 1725 3848 1786 κεῖ

588 1829 875 1894 secunda,
930 1845 1065 1902 quas
1123 1828 1324 1895 fertur,
1380 1843 1576 1899 neque
1631 1827 1690 1881 in
1741 1827 1908 1883 tertia
1969 1825 2238 1889 Joannis,

589 1918 981 1992 quantumvis
1001 1917 1286 1974 brevibus
1305 1917 1869 1988 epistolis,Joannes
1884 1915 2241 1970 nominatim

587 2007 994 2082 praeponitur;
1017 2006 1143 2070 sed,
1170 2007 1298 2062 sine
1321 2006 1654 2077 adjectione
1679 2006 1961 2071 nominis,
1993 2004 2240 2076 presby-

587 2102 678 2155 ter
715 2097 1010 2154 scribitur.
1053 2099 1162 2152 iste
1197 2111 1376 2169 porro
1416 2111 1536 2152 non
1569 2095 1713 2152 satis
1773 2095 2002 2164 habuit,
2037 2098 2100 2149 ut
2153 2108 2240 2148 se-

589 2187 710 2244 mel
753 2187 998 2244 nomine
1036 2201 1146 2242 suo
1183 2185 1364 2250 edito,
1405 2185 1838 2257 consequentia
1869 2187 2192 2255 exponeret
2222 2199 2236 2237 :

590 2276 697 2333 sed
727 2275 785 2331 id
812 2274 1024 2346 repetit
1052 2274 1379 2330 identidem
1413 2291 1426 2330 :
1459 2275 1588 2346 Ego
1615 2275 1872 2330 Joannes
1898 2275 2002 2345 qui
2035 2272 2158 2328 vidi
2185 2277 2239 2328 et

588 2365 799 2423 audivi
823 2366 936 2421 ista
983 2365 1050 2418 ⁸ο.
1079 2386 1107 2415 «
1129 2364 1418 2434 Deinceps
1449 2363 1692 2431 indicat,
1725 2363 1969 2419 Joannis
1993 2362 2240 2433 quidem

587 2470 719 2512 esse
745 2454 1101 2526 scripturam
1127 2469 1283 2519 eam,
1317 2451 1401 2508 illi
1431 2453 1838 2522 cognominis,
1868 2452 1975 2508 sed
1997 2467 2114 2508 non
2148 2451 2240 2506 di-

585 2543 721 2601 lecti
763 2542 918 2599 illius
969 2561 983 2611 ;
1040 2547 1096 2599 et
1134 2557 1240 2613 per
1278 2543 1684 2613 conjecturam
1731 2557 1862 2598 esse
1923 2540 2243 2597 arbitratur

585 2633 820 2690 Asiatici
856 2632 1125 2700 Joannis,
1156 2632 1258 2705 qui
1288 2633 1748 2703 cognominatus
1775 2635 1863 2686 est
1911 2629 2240 2702 presbyter,

588 2721 664 2778 de
691 2738 814 2794 quo
845 2722 1012 2794 prius
1043 2721 1324 2787 diximus,
1359 2721 1632 2777 videlicet
1679 2721 1845 2793 quod
1883 2721 2006 2775 duo
2038 2735 2246 2775 monu-

585 2810 980 2875 menta,idem
1004 2811 1249 2868 Joannis
1279 2826 1498 2866 nomen
1517 2810 1826 2875 habentia,
1843 2810 2060 2881 Ephesi
2076 2822 2250 2864 mon-

591 2905 871 2958 strentur.
926 2921 950 2953 ε
979 2899 1137 2956 Multi
1172 2901 1356 2968 enim,
1417 2901 1627 2973 inquit,
1679 2904 1922 2971 propter
1971 2917 2144 2956 suam
2185 2902 2247 2957 in

589 2989 863 3063 apotolos
915 2990 1379 3062 propensionem
1444 2995 1502 3045 et
1545 2989 1944 3055 affectionem,
2000 2991 2246 3047 nomina

589 3094 797 3137 eorum
826 3079 1028 3136 liberis
1058 3079 1181 3136 suis
1211 3079 1624 3152 imponebant.
1659 3100 1687 3132 »

1185 3204 1314 3261 CAP
1325 3207 1412 3262 UT
1453 3204 1646 3261 XXIII.

595 3310 822 3383 Quibus
847 3312 1179 3369 rationibus
1207 3312 1362 3368 idem
1391 3318 1633 3376 asserat,
1660 3313 2084 3383 Apocalypsim
2121 3327 2241 3369 non

659 3382 904 3441 Joannis
918 3383 1420 3456 evangelistw,sed
1429 3384 1674 3442 alterius
1687 3382 1990 3454 cujusdam
2004 3386 2241 3442 Joannis

663 3470 802 3513 esse.
1154 3465 1159 3470 ’

660 3580 931 3638 Ostendit
960 3595 1203 3654 quoque
1225 3596 1297 3637 ex
1318 3581 1752 3652 compositione
1779 3581 2078 3650 dictionis,
2107 3597 2243 3638 sen-

595 3668 814 3734 tentiis,
841 3673 899 3726 et
929 3669 1124 3725 verbis
1153 3669 1316 3742 ipsis.
1343 3670 1528 3726 alium
1559 3687 1709 3737 esse,
1738 3687 1920 3743 quam
1948 3672 2242 3728 Joannem

590 3757 1044 3828 evangelistam,
1086 3759 1216 3830 ejus
1255 3758 1390 3816 libri
1438 3764 1764 3824 auctorem,
1799 3761 1881 3817 ita
1931 3761 2192 3818 scribens
2225 3778 2236 3816 :

593 3848 1092 3905 «Consonaenim
1127 3849 1238 3905 sibi
1264 3849 1414 3920 ipsis
1435 3854 1573 3905 sunt
1615 3850 2000 3921 Evangelium
2036 3852 2241 3923 etEpi-

593 3937 764 4007 stola,
796 3937 968 4010 417
1012 3942 1068 3994 et
1105 3937 1298 3994 simile
1327 3938 1554 3995 habent
1600 3939 1854 3995 initium.
1906 3941 2050 3996 Illud
2083 3941 2242 3997 enim

593 4027 751 4084 dicit.
773 4027 845 4084 In
865 4027 1165 4097 principio
1186 4035 1311 4084 erat
1337 4028 1581 4085 Verbum
1612 4049 1631 4086 :
1661 4029 1788 4086 haec
1809 4035 2009 4092 autem
2032 4031 2244 4086 eadem

594 4115 926 4190 pauxillum
948 4122 1210 4174 mutata:
1242 4119 1410 4186 Quod
1427 4119 1788 4184 audivimus,
1807 4121 1966 4192 quod
1990 4121 2244 4177 vidimus

595 4206 784 4262 oculis
805 4206 1044 4271 nostris,
1072 4214 1124 4263 et
1153 4222 1366 4263 manus
1406 4214 1627 4264 nostrae
1684 4216 2132 4266 contrectarunt
2171 4210 2245 4266 de

608 4295 792 4351 Verbo
823 4295 974 4361 vita,
1028 4300 1082 4352 et
1108 4295 1231 4352 vita
1260 4297 1648 4367 manifestata
1692 4305 1774 4354 est
1808 4300 1875 4353 σί.
1921 4302 2053 4354 Haec
2083 4300 2243 4354 enim

593 4383 781 4440 verba
822 4383 1000 4440 veluti
1023 4383 1360 4456 praeludens
1389 4387 1708 4457 praemittit,
1737 4393 1943 4444 contra
1971 4404 2075 4443 eos
2106 4404 2243 4444 con-

2352 1829 2510 1896 αἱμα
2549 1825 2658 1878 οὐκ
2699 1825 3076 1897 ἀπεκάλυψέ
3116 1846 3238 1891 σοι,
3268 1826 3396 1878 ἀλλ’
3440 1828 3466 1878 6
3509 1831 3705 1894 [ἰατὴρ
3739 1826 3850 1895 noui

2351 1915 2675 1987 οὐράνιος.
2726 1914 2859 1967 Ἀλλ’
2911 1912 3033 1968 οὐδὲ
3063 1919 3112 1968 ἓν
3167 1925 3229 1989 τῇ
3283 1913 3504 1988 δευτέρα
3559 1920 3763 1989 φερομένῃ
3802 1920 3851 1964 ui

2349 2010 2498 2078 τρίτη
2528 2004 2788 2070 Ἰωάννου,
2838 2010 3012 2057 καίτοι
3060 2003 3340 2077 βραχείαις
3394 2009 3578 2067 οὔσαις
3624 2003 3850 2064 ἐπιστολαῖς.

2352 2080 2592 2156 Ἰωάννης
2657 2094 2910 2167 ὀνομαστὶ
2980 2099 3252 2166 πρόκειται
3281 2112 3294 2126 ’
3373 2095 3483 2146 ἀλλ’
3566 2094 3851 2165 ἀνωτύμωςι

2347 2183 2698 2258 πρεσϐύτερος
2738 2188 3048 2256 γέγραπται.
3105 2184 3268 2244 Οὗτος
3324 2181 3384 2237 δέ
3435 2204 3494 2255 γε
3523 2181 3638 2236 ούδὲ
3683 2187 3850 2254 αὔταρκες

2347 2273 2578 2346 ἐνόμισεν
2643 2273 2868 2336 εἰσάπαξ
2936 2274 3114 2326 ἑαυτὸν
3181 2274 3451 2346 ὀνομάσας
3513 2271 3776 2344 διηγεῖσθαι
3813 2275 3848 2322 τε

2350 2364 2484 2427 ἑξῆς,
2543 2363 2670 2416 ἀλλά
2719 2365 2871 2416 πάλιν
2924 2363 3270 2435 ἀναλαμϐάνει
3300 2380 3313 2395 ⁶
3376 2364 3531 2433 Ἐγὼ
3580 2363 3848 2421 Ἰωάννηςά

2355 2453 2600 2526 βλέπων
2638 2461 2750 2506 καὶ
2786 2453 3031 2506 ἀκούων
3070 2461 3289 2507 ταῦτα,
3319 2474 3348 2505 ››
3376 2450 3490 2506 Εἶθ’
3522 2449 3842 2515 ἐξῆςδείκννςο,

2354 2543 2591 2597 Ἰωάννου
2648 2546 2737 2614 μεν
2805 2539 2932 2596 εἶναι
3006 2547 3098 2602 τὴν
3145 2548 3350 2616 γραφὴν
3417 2544 3684 2614 ὁμωτύμου
3733 2541 3837 2592 istm.

2354 2633 2413 2686 ού
2441 2638 2544 2706 μὴν
2593 2641 2685 2685 τοῦ
2738 2634 3097 2704 ἠγαπημένον.
3154 2633 3450 2685 Αἰνίττεται
3493 2629 3551 2685 δὲ
3605 2629 3714 2684 εἶναι
3743 2629 3839 2682 τούν

2356 2731 2419 2796 τῇ
2476 2723 2634 2794 Ἀσίᾳ
2683 2723 2940 2790 Ἰωάννου,
2985 2722 3038 2785 ὃς
3091 2725 3345 2781 ἐπεκλήθη
3407 2721 3745 2794 πρεσϐύτερος,

2361 2812 2424 2864 οὗ
2453 2818 2542 2865 καὶ
2591 2817 2838 2886 πρότερον
2891 2816 3116 2885 εῖπομεν,
3168 2813 3244 2864 ὅτι
3274 2817 3364 2865 καὶ
3393 2809 3497 2864 δύο
3550 2809 3850 2882 μνήματαορω·

2357 2908 2544 2974 νυμίαν
2618 2906 2810 2974 ἔχοντα
2883 2901 3140 2968 Ἰωάννου,
3219 2901 3266 2953 ἐν
3353 2901 3555 2974 Ἐφέσῳ
3634 2897 3846 2952 δείδω-πει.

2360 3013 2388 3042 ι(
2419 2992 2601 3045 Πολλοὶ
2645 2995 2767 3063 γὰρ,
2823 2997 2974 3064 φησὶ,
3021 2990 3115 3044 διὰ
3167 2997 3259 3050 τὴν
3299 2995 3436 3063 πρὸς
3489 2994 3607 3052 τοὺς
3631 2988 3843 3042 atomi”:

2279 3114 2318 3170 Ο
2359 3085 2546 3154 σχέσιν
2576 3085 2669 3143 τάς
2692 3081 2905 3144 κλήσεις
2929 3089 3033 3142 τοῖς
3059 3081 3249 3134 ἑαυτῶν
3281 3080 3488 3134 ἐτίθουν
3522 3085 3683 3134 παισί.
3711 3101 3726 3128 ι

2947 3207 3189 3261 ΚΕΦΑΛ·
3233 3207 3354 3260 Kl".

2351 3313 2447 3377 Ἐξ
2485 3315 2630 3366 οἵων
2681 3317 2929 3388 τρόπων
2986 3318 3070 3386 μὴ
3115 3311 3280 3388 εἶναι
3319 3321 3432 3365 τοῦ
3474 3311 3852 3388 εύαγγελιστοὺ

2423 3384 2863 3444 Ἰωάννου’τὴν
2917 3384 3377 3456 Ἀποκάλυψιν,
3438 3385 3562 3437 ἀλλ’
3605 3385 3852 3456 ἐτέροντιο

2420 3461 2526 3520 νὸς
2561 3458 2848 3511 Ἰωάννου
2891 3463 3276 3533 παρίστησι.

2422 3587 2663 3636 Δείκνυσι
2701 3579 2758 3635 δὲ
2792 3587 2881 3634 καὶ
2914 3580 3014 3634 ἀπὸ
3046 3589 3136 3642 τῆς
3183 3581 3448 3642 συνθήκης
3502 3587 3592 3633 τού
3631 3579 3776 3649 λόγον,
3809 3578 3856 3625 ui

2353 3673 2452 3726 ἀπὸ
2496 3681 2594 3725 τῶν
2660 3674 2932 3744 νοημάτων
2995 3677 3084 3724 καὶ
3141 3679 3238 3723 τῶν
3293 3671 3544 3745 ῥημάτων
3595 3671 3739 3740 ἕτερον
3785 3661 3852 3715 εἴτε

2351 3765 2437 3815 τόν
2488 3765 2794 3835 συγγραφέα
2847 3763 2991 3834 παρά
3045 3764 3132 3813 τὸν
3190 3759 3584 3831 Εύαγγελιστήν
3621 3779 3632 3791 ·
3678 3753 3762 3809 ὧδέ
3801 3770 3852 3803 πτιε

2351 3852 2562 3924 γράφων
2592 3868 2655 3902 ἰ(
2688 3846 2981 3922 Συνάδουσι
3020 3852 3109 3922 μὲν
3165 3851 3265 3922 γὰρ
3319 3847 3562 3910 ἀλληλοις
3607 3850 3659 3898 τὸ
3709 3845 3853 3910 Εύαῃεη

2353 3940 2459 3993 λιον
2517 3944 2606 3992 καὶ
2648 3943 2676 3998 ἡ
2730 3939 2976 3998 ἐπιστολή
3002 3959 3012 3970 ·
3067 3941 3252 4010 ὁμοίως
3281 3957 3334 3990 τε
3366 3941 3470 4010 γὰρ
3513 3939 3762 4012 ἄρχονται.
3803 3933 3858 3983 Ιίιί

2353 4033 2410 4082 τὸ
2441 4034 2530 4102 μέν
2562 4049 2739 4101 φησιν,
2769 4029 2860 4081 Ἐν
2901 4027 3069 4103 ἀρχῇ
3115 4025 3183 4086 ἧν
3221 4029 3246 4080 ὁ
3288 4031 3532 4098 Λόγος·
3559 4029 3588 4086 ἡ
3623 4022 3676 4078 δὲ
3701 4027 3752 4076 τὰ
3781 4019 3858 4071 αὐτὰ

2351 4127 2522 4193 μικρῷ
2539 4119 2967 4192 παρηλλαγμένα·
2990 4125 3054 4170 ⁴¹Ο
3095 4117 3494 4189 ἀκηκόαμεν,
3526 4118 3551 4168 ὃ
3584 4116 3856 4186 emptitatth

2352 4215 2484 4269 τοῖς
2513 4207 2868 4280 ὀφθαλμοῖς
2899 4209 3092 4279 ἡμῶν,
3122 4212 3231 4259 καὶ
3263 4209 3326 4258 αἱ
3356 4214 3584 4280 χεῖρες
3608 4199 3858 4276 ἠμῶνέέε·

2351 4297 2640 4370 λάφησαν
2680 4303 2822 4370 περὶ
2853 4305 2960 4349 τοῦ
2992 4301 3207 4368 Λόγου
3246 4305 3352 4356 τῆς
3383 4297 3707 4357 ζωῆς·καὶ
3733 4293 3755 4348 ἡ
3784 4293 3857 4350 ξω(

2353 4391 2736 4462 ἐφανερώθη.
2786 4394 2965 4440 Ταῦτα
3032 4389 3132 4460 γὰρ
3188 4390 3635 4458 προανακρούεται
3681 4380 3861 4434 citatius-

595 4473 869 4539 tendens,
920 4472 1090 4529 sicuti
1121 4474 1182 4530 in
1231 4475 1619 4546 sequentibus
1642 4476 1924 4543 ostendit,
1958 4477 2062 4548 qui
2092 4477 2186 4532 dic

2277 4475 2322 4530 D
2352 4497 2515 4549 μενος,
2567 4481 2635 4538 ὼς
2678 4475 2726 4528 ἐν
2768 4484 2875 4538 τοῖς
2928 4475 3043 4539 ἑξῆς
3094 4472 3347 4539 ἐδήλωσε,
3397 4479 3531 4548 πρὸς
3582 4476 3686 4532 τούς
3727 4472 3795 4520 οὐκ
3834 4481 3859 4512 ﬂ

591 4561 759 4629 bant,
792 4561 1109 4619 Dominum
1139 4563 1199 4618 in
1229 4579 1407 4620 carne
1436 4580 1558 4621 non
1600 4565 1852 4621 venisse.
1873 4569 2244 4638 Quapropter

591 4654 870 4709 accurate
898 4655 954 4707 et
977 4652 1248 4723 apposite
1268 4655 1608 4719 counexuit,
1636 4655 1710 4709 Et
1739 4657 1897 4726 quod
1920 4656 2168 4712 vidimus
2190 4665 2242 4713 et

591 4743 1023 4798 annuntiamus
1045 4741 1206 4798 vobis
1233 4744 1278 4778 ⁸³
1299 4763 1321 4813 ;
1350 4759 1422 4798 ex
1444 4744 1642 4814 seipso
1662 4744 1944 4800 nimirum
1964 4746 2244 4801 continue

593 4829 966 4902 dependens,
997 4835 1054 4886 et
1083 4845 1120 4886 ει
1148 4832 1456 4902 proposito
1497 4848 1618 4888 non
1646 4832 2008 4903 digrediens.
2038 4837 2104 4890 Et
2135 4827 2239 4901 sic,

593 4934 700 4992 per
726 4919 940 4975 eadem
969 4934 1169 4976 rerum
1200 4920 1398 4992 capita
1427 4925 1483 4978 et
1512 4923 1784 4991 nomina,
1817 4923 2023 4979 omnia
2049 4940 2246 4994 perse-

590 5007 832 5082 quitur:
859 5023 1119 5080 quorum
1151 5008 1357 5081 aliqua
1379 5026 1490 5067 nos
1521 5012 1955 5082 compendiose
1981 5029 2244 5070 comme-

592 5096 986 5155 morabimus.
1022 5097 1130 5164 Qui
1161 5114 1297 5155 vero
1322 5103 1539 5156 attente
1562 5117 1632 5156 ea
1660 5101 1831 5173 leget,
1887 5102 1944 5156 in
1977 5103 2242 5175 utrisque

590 5187 851 5244 inveniet
881 5187 1130 5244 multam
1184 5189 1386 5255 vitam,
1444 5191 1697 5247 multam
1729 5191 1943 5256 lucem,
1990 5191 2242 5248 detesta-

593 5277 815 5334 tionem
873 5277 1275 5344 tenebrarum,
1324 5285 1673 5350 perpetuam
1726 5281 2047 5345 veritatem,
2109 5299 2240 5342 trra-

593 5366 760 5431 tiam,
806 5366 1114 5435 gaudium,
1176 5382 1417 5424 carnem
1466 5373 1522 5425 et
1578 5371 1933 5439 sanguinem
1984 5373 2234 5441 Domini,

591 5453 907 5524 judicium,
959 5455 1372 5514 remissionem
1427 5463 1829 5528 peccatorum,
1885 5460 1983 5513 Dei
2029 5459 2086 5514 in
2129 5477 2238 5515 nos

668 5563 716 5602 ⁵⁷
742 5564 924 5635 Apoc.
949 5579 988 5627 ι.
1018 5569 1068 5620 2.
1147 5565 1193 5600 ⁵⁸
1215 5567 1233 5620 l
1259 5566 1426 5621 Joan.
1460 5583 1496 5629 1.
1529 5570 1580 5622 t.

1657 5569 1703 5604 ⁸9
1733 5568 1926 5626 Matth.
1964 5585 2076 5633 xw,
2114 5570 2195 5624 17.
2243 5570 2291 5606 ⁸ο
2319 5571 2486 5629 Joan.
2533 5585 2669 5634 xxu,
2701 5569 2754 5624 8.

2355 4572 2512 4639 σαρκὶ
2561 4568 2854 4638 φάσκοντας
2898 4564 3194 4622 ἐληλυθέναι
3244 4567 3328 4617 τὸν
3390 4568 3581 4638 Κύριον
3609 4581 3619 4592 '
3652 4559 3711 4614 δι’
3749 4557 3774 4608 ἀ
3808 4561 3860 4604 ui

2355 4655 2580 4727 συνῆψεν
2621 4655 2904 4727 ἐπιμελῶς·
2931 4656 3053 4709 Καὶ
3093 4654 3118 4706 6
3161 4654 3561 4726 ἑωράκαμεν,
3606 4656 3701 4703 καὶ
3732 4649 3861 4708 ἀπαγ-

2351 4744 2532 4816 γὲλλο
2551 4764 2660 4816 μεν
2699 4746 2868 4815 ὑμῖν,
2902 4744 3082 4796 ἔχεται
3115 4742 3294 4796 ἑαυτοῦ
3335 4762 3346 4774 ·
3383 4747 3473 4794 καὶ
3522 4751 3615 4794 τῶν
3656 4738 3860 4812 προθέσεων

2353 4835 2447 4886 οὐκ
2497 4832 2802 4907 ἀφίσταται.
2858 4834 2952 4885 Διά
3004 4840 3100 4884 τῶν
3146 4831 3314 4884 αὐτῶν
3353 4830 3637 4901 κεφαλαίων
3683 4832 3752 4877 καὶ
3793 4820 3861 4870 ἀνθ·

2353 4926 2527 4996 μάτων
2579 4925 2746 4974 πάντα
2785 4919 3131 4993 διεξέρχεται.
3189 4922 3282 4973 Ὧν
3325 4940 3440 4972 τινα
3493 4923 3638 4992 ἡμεῖς
3675 4919 3746 4988 μὲν
3787 4929 3861 4961 6'4"

2352 5019 2520 5086 τόμως
2580 5014 3077 5083 ὑπομνηματίσομεν
3108 5029 3119 5041 ’
3185 5012 3210 5062 ό
3256 5007 3314 5062 δὲ
3366 5017 3639 5080 προσεχῶς
3688 5005 3860 5068 ἀντηχεῖ·

2351 5124 2447 5155 νων
2503 5104 2712 5175 εὑρήσει
2755 5100 2802 5152 ἐν
2857 5099 3079 5174 ἐκατέρῳ
3123 5099 3314 5158 πολλὴν
3372 5103 3466 5157 τὴν
3523 5090 3794 5160 ζωὴν,πῦλῦ
3825 5103 3854 5135 75

2352 5201 2475 5265 φῶς,
2510 5190 2808 5265 ἀποτροπὴν
2855 5197 2944 5243 τοῦ
2977 5194 3216 5255 σκότους,
3280 5195 3476 5259 συνεχῆ
3532 5191 3622 5244 τὴν
3669 5183 3850 5238 ἀλήθειαν·

2349 5287 2440 5341 τὴν
2471 5283 2651 5356 χάριν,
2689 5285 2775 5338 τὴν
2802 5283 2996 5352 χαρὰν,
3052 5284 3141 5338 τὴν
3196 5282 3368 5351 σάρκα
3419 5282 3511 5329 καὶ
3567 5279 3621 5327 τό
3677 5272 3850 5342 uiuam

2353 5377 2566 5444 κυρίου,
2613 5375 2706 5429 τὴν
2759 5375 2953 5443 κρίσιν,
2999 5373 3093 5427 τὴν
3151 5370 3331 5440 ἄφεσιν
3381 5375 3479 5419 τῶν
3530 5367 3846 5437 uagantium

2349 5465 2477 5534 πρὸς
2528 5463 2662 5533 ἡμᾶς
2721 5459 2927 5532 ἀγάπην
2982 5466 3072 5511 τοῦ
3135 5465 3286 5527 Θεοῦ,
3348 5464 3436 5516 τῆς
3500 5460 3621 5514 ποός
3680 5448 3842 5504 ἀλλήλω

2833 5571 2874 5604 ⁶¹
2914 5568 2929 5622 l
2963 5567 3137 5623 Joan.
3172 5583 3211 5633 1,
3248 5572 3290 5620 Ι.
3395 5568 3438 5600 ⁶²
3468 5564 3614 5620 Ibid.
