4036 6288
185 325 314 380 H77

175 449 305 519 ἡμᾶς
355 446 560 519 ἀγάπης
599 449 799 506 ἐντολήν
832 465 844 478 ·

173 537 395 598 ἐντολάς.
427 535 485 589 Ὀ
539 537 753 609 ἔλεγχος
795 544 886 588 τοῦ
934 542 1157 609 κόσμου,
1205 545 1296 590 τοῦ
1346 536 1614 604 διαϐόλου,
1670 548 1760 593 τοῦ

169 623 541 699 Ἀντιχρίστου
585 643 596 653 ·

167 717 198 772 ἡ
233 717 468 767 υἱοθεσία
507 722 598 766 τοῦ
630 722 761 768 Θεοῦ
791 733 802 744 ·
859 718 887 773 η
929 711 1000 767 δι’
1037 715 1155 769 ὅλου
1206 721 1378 778 πίστις
1418 720 1564 788 ἡμῶν
1610 718 1758 770 ἅπαις

644 628 670 683 ἡ
731 624 1010 697 ἐπαγγελία
1064 634 1157 678 τοῦ
1195 627 1345 696 ἁγίου
1406 631 1701 699 Πνεύματος
1742 647 1758 662 ο

165 809 385 874 τουμένη
420 822 432 834 ’
485 807 509 856 ό
542 809 720 876 Πατὴρ
773 810 861 856 καὶ
909 806 934 856 ὁ
993 807 1112 866 Υἱός
1138 813 1414 878 πανταχου
1444 826 1456 837 ·
1499 811 1587 858 καὶ
1638 807 1762 868 ὅλως

166 890 261 945 διὰ
309 896 510 946 πάντων
570 893 1083 965 χαρακτηρίζοντας,
1151 895 1236 946 ἕνα
1295 900 1383 948 καὶ
1443 898 1526 947 τόν
1605 896 1759 947 αὐτόν

165 990 407 1056 συνορᾲν,
451 990 542 1034 τοῦ
581 982 903 1054 Εὗαγγελίου
956 989 1044 1036 καὶ
1101 993 1194 1044 τῆς
1250 983 1529 1046 ἐπιστολῆς
1567 994 1762 1058 χρῶτα

161 1076 453 1144 πρόκειται.
506 1071 838 1130 Ἀλλοιοτάτη
889 1069 948 1124 δὲ
1009 1078 1098 1124 καὶ
1153 1073 1265 1136 ξένη
1334 1076 1478 1147 παρὰ
1513 1082 1676 1126 ταῦτα
1725 1077 1755 1132 ἡ

156 1161 522 1232 Ἀποκάλυψις
580 1179 594 1192 ⁸
661 1167 794 1233 μήτε
870 1161 1216 1235 ἐφαπτομένη,
1305 1169 1433 1235 μήτε
1485 1172 1762 1234 γειτνιῶσα

155 1254 353 1303 τούτων
408 1247 597 1322 μηδενὶ
665 1248 862 1322 σχεδὸν
929 1253 993 1311 ὡς
1051 1252 1226 1314 εἰπεῖν,
1291 1249 1429 1323 μηδὲ
1499 1251 1759 1310 συλλαϐὴν

156 1343 290 1412 πρὸς
350 1340 478 1392 αὐτὰ
534 1344 709 1398 κοινὴν
771 1343 1014 1411 ἔχουσα-
1049 1340 1155 1392 ἀλλ’
1219 1338 1342 1394 οὐδὲ
1387 1345 1596 1412 μνήμην
1645 1344 1762 1393 τινὰ

155 1425 284 1482 οὐδὲ
363 1431 576 1493 ἔννοιαν,
644 1433 760 1480 οὔτε
815 1431 844 1486 ἡ
917 1428 1158 1488 ἐπιστολὴ
1219 1439 1308 1490 τῆς
1354 1429 1760 1500 Ἀποκαλύψεως

154 1522 274 1588 ἔχει
347 1519 432 1588 (ἐῶ
504 1521 604 1589 γὰρ
650 1521 708 1570 τὸ
772 1519 1098 1589 Εὐαγγέιον),
1158 1523 1274 1570 οὗτε
1344 1527 1437 1580 τῆς
1481 1519 1761 1580 ἐπιστολῆς

150 1609 180 1664 ἡ
264 1606 618 1678 Ἀποκάλυψις
665 1624 676 1635 ·

153 1694 514 1768 ἀποφήναντός
578 1716 628 1747 τι
681 1701 770 1747 καὶ
823 1701 941 1766 περὶ
996 1705 1094 1748 τῶν
1145 1696 1518 1767 ἀποκαλύψεων
1572 1697 1753 1762 αύτοῡ,

743 1607 946 1658 Παύλου
1014 1614 1102 1659 καὶ
1148 1604 1241 1658 διὰ
1297 1616 1395 1658 τῶν
1448 1607 1755 1671 ἐπιστολῶν,

151 1785 212 1845 ἃς
270 1785 363 1837 ούκ
403 1784 656 1857 ἀνέγραψε
694 1786 814 1837 καθ’
841 1787 1023 1847 αύτάς.
1064 1784 1081 1802 ⁶
1116 1787 1208 1839 Ετι
1241 1783 1299 1838 δὲ
1345 1791 1434 1838 καὶ
1478 1795 1572 1847 τῆς
1627 1789 1758 1860 φρά-
1795 1802 1834 1856 Β

145 1893 285 1949 ⁵σεως
329 1879 420 1932 τὴν
477 1871 730 1946 διαφορὰν
793 1873 906 1926 ἔστι
962 1877 1326 1947 τεκμήρασθαι
1376 1883 1466 1927 τοῦ
1522 1876 1756 1947 Εὐαγγε-

146 1963 268 2015 λίου
320 1968 412 2015 καὶ
458 1972 552 2026 τῆς
596 1963 873 2024 ἐπιστολῆς
933 1967 1056 2036 πρός
1111 1969 1204 2022 τὴν
1255 1965 1629 2035 Ἀποκάλυψιν.
1681 1968 1759 2018 Τὰ

138 2056 248 2127 μὲν
301 2055 398 2128 γὰρ
462 2056 521 2104 ού
597 2057 750 2124 μόνον
803 2052 1101 2113 ἀπταίστως
1155 2058 1291 2104 κατὰ
1347 2059 1441 2112 τὴν
1505 2053 1756 2111 Ἑλλήνων

143 2137 348 2213 φωνὴν,
415 2139 542 2194 ἀλλὰ
612 2147 701 2193 καὶ
762 2141 1103 2212 λογιωτάταις
1156 2142 1344 2208 λέξεσι,
1411 2150 1518 2204 τοῖς
1579 2143 1756 2195 συλλο·

137 2219 395 2302 ’γισμοῖς,
427 2239 542 2292 ταῖς
579 2231 881 2294 συντάξεσι,
925 2239 1040 2292 ταῖς
1089 2230 1401 2304 ἑρμηνείαις,
1443 2235 1755 2304 γέγραπται.

140 2305 354 2374 ’Πολλοῦ
397 2340 456 2392 γε
513 2317 614 2385 δεῖ,
672 2319 935 2393 βάρϐαρόν
1001 2341 1117 2372 τινα
1165 2324 1410 2392 φθόγγον,
1491 2321 1522 2379 ἢ
1594 2321 1762 2374 σολοι-

149 2416 367 2482 κισμόν,
441 2410 469 2468 ἦ
553 2410 680 2471 ὃλως
737 2407 1050 2480 ἰδιωτισμόν
1115 2413 1163 2462 ὲν
1231 2411 1408 2472 αὐτοῖς
1467 2412 1757 2485 εὑρεθῆναι.

146 2501 419 2570 Ἑκάτερον
468 2500 570 2571 γὰρ
617 2495 777 2569 εἶχεν,
829 2502 892 2558 ὡς
945 2501 1095 2563 ἔοικε,
1146 2504 1230 2552 τὸν
1287 2500 1458 2570 λόγον,
1503 2505 1597 2558 τὴν
1634 2509 1762 2571 γνῶ·-

157 2611 263 2654 σιν,
332 2588 600 2660 ἀμφότερα
647 2587 788 2659 αύτῷ
840 2594 1203 2662 χαρισαμένου
1257 2597 1349 2641 τοῦ
1409 2595 1625 2660 Κυρίου,
1674 2594 1759 2642 τόν

155 2699 211 2732 τε
263 2688 352 2739 τῆς
402 2683 608 2750 σοφίας,
669 2682 758 2730 καὶ
814 2677 900 2729 τὸν
958 2675 1054 2740 τῆς
1107 2685 1367 2749 γνώσεως.
1436 2686 1629 2731 Τοῦτον
1701 2676 1760 2732 δὲ

161 2767 508 2838 ἀποκαλύψεις
579 2769 667 2838 μὲν
724 2766 1021 2838 ἑωρακέναι,
1095 2773 1184 2820 καὶ
1254 2773 1446 2838 γνῶσιν
1504 2767 1759 2840 εἰληφέναι

165 2861 254 2908 καὶ
311 2861 640 2929 προφητείαν,
692 2855 784 2906 οὐκ
831 2855 1019 2929 ἀντερῶ
1054 2874 1066 2886 °
1119 2855 1388 2908 διάλεκτον
1441 2861 1617 2927 μέντοι
1669 2862 1757 2909 καὶ

162 2946 400 3016 γλῶσσαν
450 2945 544 2996 όύκ
613 2943 839 3018 ἀκριϐῶς
894 2944 1263 3006 ἐλληνίξουσαν
1333 2945 1492 2997 αὐτοῦ
1563 2944 1755 3018 βλέπω,

157 3033 266 3086 ἀλλ’
322 3033 580 3107 ἰδιώμασι
624 3031 970 3106 βαρϐαρικοῖς
1023 3041 1314 3108 χρώμενον,
1359 3040 1449 3086 καί
1514 3055 1613 3087 που
1673 3055 1758 3087 σο-

151 3125 469 3185 λοικίζοντα.
523 3122 686 3195 Ἀπερ
745 3123 839 3175 οὐκ
897 3122 1176 3194 ἀναγκαῖον
1227 3131 1312 3176 νῦν
1359 3125 1519 3195 λέγειν
1564 3142 1576 3154 ·
1631 3121 1755 3178 οὐδὲ
1791 3165 1831 3223 C

148 3216 256 3286 γὰρ
302 3217 661 3278 ἐπισκώπτων,
719 3217 790 3284 μή
823 3233 901 3275 τις
943 3218 1160 3287 νομίσῃ,
1215 3222 1381 3266 ταῦτα
1425 3213 1587 3280 εἰπόν,
1630 3215 1756 3268 ἀλλὰ

148 3309 309 3376 μόνον
358 3309 450 3362 τὴν
497 3303 844 3375 ἀνομοιότητα
882 3300 1162 3356 διευθύνων
1205 3306 1400 3355 τούτων
1469 3311 1568 3356 τῶν
1628 3324 1756 3379 γρα-

148 3403 283 3467 φῶν.
327 3415 356 3447 η
396 3401 575 3446 Ταῦτα
610 3393 658 3444 ἐν
698 3400 758 3464 τῇ
817 3390 1036 3466 δευτέρᾳ
1073 3401 1171 3444 τῶν
1212 3392 1526 3463 ἐπαγγελιῶν
1582 3398 1756 3446 Διονύ-

153 3505 269 3544 σιος
306 3489 395 3536 καὶ
427 3489 542 3556 περὶ
592 3492 688 3544 τῆς
737 3482 973 3535 Ἰωάννου
1016 3483 1026 3502 ⁹
1054 3481 1443 3552 Αποκαλύψεως
1480 3487 1608 3556 πρὸς
1662 3488 1755 3537 Νέ-

144 3593 306 3628 πωτα
332 3572 662 3644 ἐνιστάμενος
683 3575 874 3645 εἴρηκε.

1208 324 1773 382 ECCLESIASTICE
1814 326 2178 382 HISTORLE
2217 327 2352 384 LIB.
2393 329 2488 385 Vl.

897 451 966 509 ὡς
1001 450 1176 509 πάσας
1228 446 1312 500 δεῖ
1355 450 1635 521 φυλάσσειν
1672 454 1755 512 τὰς

1872 451 2273 517 dilectionem,
2305 451 2580 509 fraternae
2605 454 2756 509 inter
2786 469 2896 509 nos
2926 452 3229 509 charitatis
3271 453 3530 509 manda-

3390 328 3528 384 1178

1869 547 2020 605 tum,
2065 548 2501 613 praeceptorum
2535 544 2806 599 omnium
2823 541 3532 608 observationem,redar-

1871 631 2176 700 gutionem
2221 631 2453 696 mundi,
2497 631 2741 702 diaboli,
2794 632 3151 696 Antichristi,
3183 633 3529 703 promissio-

1871 735 2009 774 nem
2070 720 2319 792 Spiritus
2387 721 2594 785 sancti,
2653 721 3041 791 adoptionem
3088 721 3347 776 ﬁliorum
3403 720 3527 786 Dei,

1870 808 2051 864 ﬁdem
2105 825 2240 882 qua)
2294 825 2398 882 per
2437 811 2642 866 omnia
2675 827 2708 867 a
2747 811 2922 866 nobis
2970 811 3243 880 exigitur.
3277 813 3337 865 Et
3363 812 3531 882 quod

1872 901 2038 954 Pater
2067 905 2123 954 et
2159 899 2340 954 Filius
2395 899 2618 972 ubique
2669 900 3078 972 designentur,
3109 901 3415 973 quodque,
3467 903 3531 955 ut

1869 989 2216 1044 summatim
2257 988 2476 1054 dicam,
2511 991 2557 1043 si
2587 1005 2797 1045 omnes
2839 989 3138 1059 Evangelii
3179 995 3235 1044 et
3263 987 3529 1060 epistola

1869 1078 2041 1150 quasi
2073 1077 2308 1132 dicendi
2341 1077 2563 1134 formas
2582 1092 2785 1134 notare
2817 1079 3040 1147 lubeat,
3071 1079 3186 1133 vim
3220 1079 3530 1150 utriusque

1870 1171 2160 1238 tanquam
2185 1166 2351 1222 ﬁlum
2378 1169 2663 1222 orationis
2695 1169 3164 1224 animadvertere
3191 1169 3250 1222 in
3283 1167 3530 1236 proclivi

1870 1255 1997 1310 erit.
2025 1256 2335 1326 Peregrina
2359 1263 2561 1312 autem
2593 1264 2648 1312 et
2677 1257 2874 1312 aliena
2908 1273 3156 1328 prorsus
3200 1257 3278 1312 ab
3309 1255 3401 1311 his
3443 1263 3531 1312 est

1869 1344 2280 1416 Apocalypsis,
2310 1361 2504 1417 neque
2544 1345 2656 1400 illis
2690 1346 3019 1411 cohaerens,
3042 1361 3237 1416 neque
3257 1345 3530 1417 proxime

1868 1433 1946 1488 ad
1977 1450 2047 1489 ea
2072 1434 2384 1498 accedens,
2419 1450 2490 1489 ex
2505 1435 2708 1506 aliqua
2723 1440 2887 1505 parte
2911 1453 2926 1499 ;
2954 1435 3346 1507 quippequm,
3377 1450 3530 1506 pene

1867 1521 2140 1588 dixerim,
2175 1539 2246 1577 ne
2277 1523 2569 1594 syllabam
2608 1523 2852 1596 quidem
2881 1539 3268 1579 communem
3285 1539 3423 1578 cum
3442 1522 3524 1576 eis

1866 1611 2105 1667 habeat.
2133 1614 2246 1669 Sed
2291 1628 2484 1682 neque
2537 1613 2898 1668 mentionem
2929 1613 3131 1678 ullam,
3165 1627 3360 1684 neque
3401 1627 3529 1666 sen-

1867 1701 2132 1766 tentiam,
2177 1701 2267 1756 vel
2319 1701 2577 1772 epistola
2637 1702 3032 1774 Apocalypsis
3088 1701 3320 1774 (omitto
3371 1701 3532 1756 enim

1870 1790 2276 1860 Evangelium)
2300 1790 2391 1845 vel
2413 1790 2811 1861 Apocalypsis
2842 1791 3107 1862 epistolae
3136 1790 3319 1844 habet
3351 1806 3363 1844 :
3389 1805 3530 1844 cum

1866 1880 2111 1952 quidem
2140 1879 2380 1943 Paulus,
2403 1879 2630 1951 aliquid
2679 1880 2857 1935 etiam
2897 1881 2957 1934 in
2991 1879 3258 1949 epistolis
3293 1880 3416 1934 suis
3454 1877 3532 1933 de

1865 1968 2331 2024 revelationibus
2363 1969 2488 2023 suis
2519 1968 2819 2034 Ostendat,
2847 1985 3002 2041 quas
3033 1976 3230 2024 tamen
3269 1969 3429 2040 ipsas
3468 1968 3530 2022 in

1868 2057 2152 2128 scriptum
2189 2057 2488 2128 peculiare
2540 2074 2662 2113 non
2721 2058 2940 2113 retulit.
2997 2061 3284 2113 Praeterea
3321 2056 3531 2111 discri-

1868 2162 2006 2202 men
2037 2146 2390 2202 elocutionis
2447 2147 2748 2215 Evangelii
2805 2152 2864 2202 et
2910 2145 3176 2218 epistolae
3224 2146 3300 2200 ad
3336 2145 3526 2217 ipsius

1867 2236 2259 2308 Apocalypsis
2287 2235 2534 2290 ductum
2567 2235 2841 2305 colligere
2873 2241 2930 2291 et
2965 2243 3171 2291 notare
3197 2235 3353 2290 licet.
3393 2235 3529 2289 Haac

1867 2325 2026 2380 enim
2050 2340 2170 2380 non
2196 2324 2387 2378 solum
2421 2340 2542 2380 non
2577 2325 2819 2389 vitiosis,
2839 2326 3012 2396 juxta
3043 2327 3382 2381 Graecorum
3414 2337 3531 2378 ser-

1859 2413 2446 2490 ,monem,sedetiam
2463 2413 2775 2486 exquisitis
2803 2419 2858 2468 et
2884 2414 3134 2483 egregiis
3168 2413 3383 2477 verbis,
3417 2411 3530 2483 sylo

1866 2502 2156 2571 logismis,
2209 2501 2775 2572 compositionibus,
2829 2508 2885 2558 et
2936 2501 3529 2572 interpretationibus

1868 2592 2086 2660 scripta
2107 2596 2263 2645 sunt.
2295 2593 2544 2646 Tantum
2575 2591 2798 2647 scilicet
2827 2593 3085 2656 abest,ut
3112 2591 3440 2646 barbarum
3468 2590 3530 2644 in

1866 2681 1950 2736 eis
1981 2696 2190 2735 vocem
2219 2680 2505 2751 aliquam,
2539 2686 2641 2736 aut
2667 2680 3097 2745 soloecismum,
3123 2684 3224 2735 aut
3281 2679 3529 2734 omnino

1865 2770 2258 2825 rusticitatem
2291 2771 2550 2840 reperias
2579 2787 2592 2824 :
2625 2776 2941 2842 utrumque
2970 2770 3153 2834 enim,
3184 2775 3242 2823 ut
3273 2767 3525 2837 videtur,

1864 2858 2069 2914 habuit
2095 2859 2323 2914 donum
2358 2866 2414 2913 et
2465 2859 2760 2914 sermonis
2798 2865 2854 2913 et.
2883 2857 3282 2926 intelligentia:
3317 2873 3330 2924 ;
3375 2862 3531 2913 utra-

1865 2963 1982 3020 que
2008 2949 2121 3004 eia
2163 2949 2414 3003 Domino
2438 2951 2494 3001 et
2527 2947 2832 3018 sapisntia-
2888 2953 2945 3003 et
2995 2946 3354 3016 cognitionis
3387 2961 3532 3001 con-

1865 3053 2040 3092 cessa
2066 3037 2275 3105 gratia.
2309 3035 2490 3109 418
2525 3040 2686 3092 Hunc
2727 3045 2926 3092 autem
2952 3036 3343 3092 revelationes
3392 3035 3528 3105 qui-

1866 3127 2003 3182 dem
2017 3126 2252 3191 vidisse,
2285 3127 2719 3198 scientiamque
2733 3133 2785 3181 et
2811 3127 3187 3198 prophetiam
3203 3123 3526 3196 accepisse,

1865 3231 1987 3271 non
2010 3231 2080 3270 eo
2112 3215 2344 3270 inﬁcias
2379 3233 2392 3270 :
2429 3219 2711 3271 caeterum
2736 3216 2794 3270 in
2817 3219 3083 3271 oratione
3118 3231 3227 3270 sua
3247 3231 3384 3270 eum
3413 3231 3529 3268 ser-

1865 3320 2108 3360 monem
2139 3305 2406 3360 Gracum
2430 3312 2704 3361 accurate
2733 3321 2969 3360 servare
3009 3319 3130 3360 non
3162 3303 3355 3359 video.
3383 3306 3528 3359 Nam

1865 3402 1922 3449 et
1953 3393 2190 3448 rusticis
2234 3394 2648 3460 barbarismis,
2682 3400 2738 3449 et
2779 3394 3132 3450 solmcismis
3170 3392 3387 3448 alicubi
3417 3393 3527 3448 uti-

1865 3489 1978 3548 tur,
2005 3497 2158 3553 quos
2189 3484 2433 3554 quidem
2482 3484 2541 3539 in
2598 3484 2916 3553 praesentia
2960 3483 3248 3538 adnotare
3295 3498 3415 3536 non
3436 3485 3530 3536 est

1863 3587 2128 3627 necesse.
2170 3575 2284 3628 Nec
2312 3572 2640 3645 quisquam
2673 3573 2801 3628 haec
2839 3573 3064 3627 dixisse
3101 3586 3194 3626 me
3234 3569 3530 3625 existimet

142 3662 530 3720 conviciandi
562 3669 616 3716 et
647 3660 1120 3733 reprehendendi
1162 3661 1384 3724 animo,
1413 3659 1518 3715 sed
1565 3666 1626 3715 ut
1671 3660 2223 3716 dissimilitudinem
2268 3665 2499 3716 tantum
2531 3662 2962 3731 scripturarum
3008 3661 3258 3715 istarum
3298 3659 3531 3714 indica-

139 3768 277 3809 rem
307 3757 483 3824 atque
512 3751 874 3822 expedirem.
913 3772 936 3801 υ
964 3753 1154 3821 Atque
1185 3751 1314 3806 haec
1353 3750 1413 3804 in
1466 3752 1792 3822 posteriore
1839 3750 1992 3806 libro
2023 3749 2515 3818 Promissionum,
2556 3766 2695 3806 cum
2745 3753 2967 3822 Nepote
3025 3763 3407 3818 congressus,
3454 3748 3530 3804 de

144 3842 400 3898 Joannis
430 3839 783 3912 Apocalpysi
825 3842 1145 3912 Dionysius
1167 3840 1419 3911 scripsit.

761 3949 1005 4002 ΚΕΦΑΛ.
1043 3945 1160 4000 KA'.

147 4054 309 4128 Περί
365 4061 482 4106 τῶν
531 4053 730 4106 ἄλλων
783 4053 1140 4128 ἐπιστολῶν
1201 4060 1316 4105 τοῦ
1358 4057 1753 4128 Αιονυσίου,

396 4131 502 4179 καὶ
553 4135 670 4178 τῶν
717 4127 1244 4199 συγγραμμάτων
1299 4125 1519 4179 αὐτοῦ.

229 4232 421 4285 Πολλαὶ
476 4229 534 4284 δὲ
563 4237 652 4284 καὶ
705 4232 856 4284 ἄλλαι
907 4231 1146 4284 πλεῖσται
1184 4239 1274 4284 τοῦ
1317 4231 1584 4303 εἰρημένου
1617 4234 1753 4284 θείου

150 4319 350 4395 ἀνδρὸς
395 4320 664 4373 ἔπιστολαὶ
718 4327 956 4394 φέρονται
999 4338 1012 4351 ·
1074 4324 1129 4372 αῖ
1183 4339 1236 4373 τε
1291 4324 1427 4372 κατὰ
1484 4320 1754 4373 Σαϐελλίου

147 4416 285 4484 πρὸς
337 4412 349 4430 ’
385 4417 666 4483 Αμμωνᾶν,
744 4417 838 4470 τὴν
909 4414 1208 4483 Βερονικέων
1284 4413 1568 4468 ἐπισκοπὴν
1641 4408 1752 4462 διέ-

146 4520 316 4555 ποντα
349 4521 360 4532 ·
412 4503 487 4552 ἔτι
527 4498 584 4552 δε
615 4503 644 4558 ἡ
702 4503 829 4573 πρὸς
885 4500 1194 4572 Τελεσφόρον
1234 4504 1321 4552 καὶ
1383 4503 1507 4570 πρὸς
1553 4499 1753 4571 Εὐφρά-

144 4607 318 4662 νορα·
373 4593 464 4640 καὶ
513 4589 664 4640 πάλιν
713 4592 838 4661 πρὸς
895 4589 906 4608 ’
937 4589 1195 4658 Αμμωνᾶν
1251 4607 1305 4640 τε
1357 4593 1445 4639 καὶ
1499 4588 1748 4662 Εὖπορον.

148 4682 278 4752 Περὶ
325 4673 384 4730 δὲ
440 4685 533 4739 τῆς
563 4678 723 4738 αὐτῆς
781 4679 1093 4740 ὑποθέσεως,
1171 4683 1260 4729 καὶ
1316 4677 1463 4748 ἕτερα
1518 4680 1752 4749 τέσσαρα

145 4770 506 4839 ὑπομνήματα
563 4770 768 4838 γράφει,
850 4775 921 4836 τῷ
1011 4768 1146 4816 κατα
1219 4765 1418 4836 Ῥώμην
1495 4767 1750 4836 ὁμωνύμῳ

149 4856 294 4926 αύτῷ
344 4856 610 4926 ἐπισκόπῳ
658 4863 991 4926 προσφωνῶν.
1048 4853 1160 4905 Ἐτι
1212 4851 1270 4906 δὲ
1318 4859 1406 4906 καὶ
1445 4858 1586 4926 παρὰ
1629 4857 1751 4904 ταύ-

146 4965 247 5007 τας
286 4944 436 4996 ἄλλαι
478 4944 683 5004 πλείους
714 4945 843 4996 εἰσιν
880 4943 1189 4994 ἐπιστολαί·
1232 4943 1376 5012 λόγοι
1406 4944 1468 4994 ’τε
1508 4943 1750 4994 πολύστρ-

149 5054 268 5107 χοι,
334 5033 382 5084 ἐν
462 5033 747 5085 ἐπιστολῶν
817 5040 1126 5104 χαρακτῆρι
1194 5036 1667 5106 συγκεκροτημένοι
1733 5051 1744 5062 ·

152 5127 328 5196 ὥσπερ
360 5123 448 5184 οῦς
471 5125 705 5193 Τιμοθέῳ
730 5131 802 5192 τῷ
831 5118 986 5174 παιδὶ
1011 5124 1279 5174 συντάττει
1321 5129 1360 5174 Π
1377 5127 1471 5193 ερὶ
1507 5124 1578 5193 φύ
1596 5140 1712 5173 σεω
1730 5141 1750 5182 ς

152 5217 249 5270 τὴν
309 5211 597 5285 ἐπιγραφὴν
655 5215 873 5283 ἔχοντας
923 5229 936 5241 ο

153 5301 446 5374 Εὗφράνορι
505 5305 998 5375 προσπεφωνημένος
1050 5319 1063 5332 ⁸

155 5388 214 5443 δὲ
262 5392 472 5462 γράφων
527 5399 624 5442 τῶν
672 5393 806 5441 κατά
871 5388 1182 5440 Πεντάπολιν
1232 5389 1513 5440 ἐπίσκοπον
1562 5408 1752 5463 παροι-

989 5213 1144 5263 καὶὸ
1190 5216 1348 5285 Περὶ
1386 5219 1750 5281 πειρασμῶν

1123 5306 1212 5352 καὶ
1251 5303 1379 5372 πρὸς
1436 5297 1750 5358 Βασιλείδην

151 5488 298 5544 κιῶν,
369 5481 644 5551 καταρχὰς
703 5475 967 5531 δείκνυσιν
1024 5477 1200 5530 ἑαυτὸν
1263 5479 1612 5549 ὑπομνήματα
1679 5479 1748 5540 εἰς

151 5574 236 5620 τὸν
267 5568 679 5626 Ἐκκλησιαστὴν
717 5573 1032 5639 γεγραφότα.
1093 5569 1338 5640 Διάφοροι
1392 5564 1449 5620 δε
1489 5572 1575 5619 καὶ
1620 5570 1749 5641 πρὸς

153 5658 309 5713 αὐτόν
339 5657 444 5712 εἰσι
485 5657 754 5711 σταλεῖσαι
793 5656 1082 5712 ἐπιστολαί.
1125 5659 1352 5731 Γέγραφε
1391 5653 1449 5709 δὲ
1488 5661 1576 5712 καὶ
1615 5660 1748 5710 κατὰ

2485 3946 2713 4002 CAPUT
2747 3945 2922 4002 XXIV.

1907 4057 1989 4112 De
2015 4055 2155 4112 aliis
2185 4054 2456 4125 Dionysii
2485 4053 2771 4122 epistolis,
2812 4052 3174 4124 scriptisque
3203 4051 3489 4120 ejusdem.

1939 4235 2160 4289 Suntet
2197 4232 2327 4288 alias
2367 4231 2642 4303 plurimas
2676 4229 2861 4285 divini
2902 4230 3031 4300 ejus
3063 4229 3168 4284 viri
3208 4229 3470 4301 epistolae
3511 4247 3524 4284 :

1865 4326 2155 4378 utcontra
2183 4320 2529 4387 Sabellium,
2565 4320 2642 4376 ad
2670 4321 3026 4374 Ammonem
3076 4320 3524 4374 Beronicensem

1862 4411 2240 4483 episcopum,
2273 4410 2413 4465 item
2448 4426 2584 4482 quae
2623 4409 2701 4464 ad
2753 4408 3178 4478 Telesphorum
3218 4415 3275 4462 et
3301 4407 3377 4462 ad
3414 4407 3531 4462 Eu-

1860 4501 2246 4573 phranorem,
2275 4504 2331 4554 et
2357 4515 2599 4554 rursum
2621 4514 2758 4570 quae
2780 4497 2855 4553 ad
2880 4499 3239 4553 Ammonem
3263 4501 3320 4552 et
3338 4497 3530 4568 Eupo-

1859 4605 1994 4644 rum
2034 4595 2122 4645 est
2165 4589 2401 4658 scripta.
2453 4586 2808 4658 Composuit
2869 4591 3154 4657 praeterea
3200 4586 3260 4640 in
3311 4585 3525 4640 eodem

1860 4683 2216 4746 argumento
2264 4677 2448 4732 libros
2491 4682 2772 4748 quatuor,
2817 4675 2894 4732 ad
2947 4676 3369 4744 cognominem
3411 4674 3523 4730 sibi

1861 4769 2199 4822 Romanum
2245 4767 2624 4837 episcopum.
2681 4765 2932 4836 Insuper
2983 4763 3116 4819 alim
3157 4763 3356 4831 plures
3387 4767 3528 4818 sunt

1861 4857 2153 4926 epistola),
2185 4861 2239 4911 et
2274 4857 2574 4911 orationes
2607 4855 2852 4926 prolixa)
2887 4855 3038 4908 inter
3076 4852 3357 4924 epistolas
3383 4867 3530 4907 con-

1862 4951 2191 5000 numerala:
2211 4966 2222 4997 :
2245 4945 2415 5000 sicuti
2432 4960 2584 5016 quas
2607 4943 2914 4999 Timotheo
2947 4958 3132 5014 puero
3148 4941 3524 5012 conscripsit,

1859 5033 2306 5103 inscriptionem
2362 5033 2670 5100 habentes,
2713 5033 2797 5088 De
2847 5037 3092 5087 natura.
3129 5030 3307 5086 Sicuti
3346 5030 3524 5084 etiam

1860 5129 1943 5177 est
1970 5138 2040 5177 ea
2084 5139 2269 5193 quam
2297 5122 2373 5176 ad
2399 5121 2847 5192 Euphranorem
2888 5119 3246 5191 composuit,
3293 5121 3375 5175 De
3404 5126 3527 5174 ten-

1859 5212 2199 5267 tatiom'bus.
2223 5211 2309 5265 Ad
2359 5209 2674 5266 Basilidem
2737 5215 2936 5265 autem
2967 5201 3356 5264 ecclesiarum
3385 5209 3526 5262 Pen-

1858 5301 2323 5371 tapolitanarum
2355 5300 2706 5370 episcopum
2740 5299 3026 5357 scribens,
3061 5299 3139 5352 ab
3167 5298 3330 5352 initio
3362 5312 3525 5352 com-

1859 5390 2179 5444 mentarios
2209 5404 2269 5443 se
2300 5390 2719 5459 composuisse
2751 5386 3054 5442 indicatin
3086 5386 3525 5442 Ecclesiastem.

1858 5479 2114 5532 Diversae
2156 5477 2336 5532 etiam
2385 5477 2458 5532 ad
2507 5478 2704 5548 ipsum
2756 5475 2911 5531 datae
2961 5475 3244 5546 epistolae.
3283 5474 3528 5546 Scripsit

1856 5568 2060 5625 itidem
2098 5571 2304 5622 contra
2344 5565 2589 5622 Paulum
2623 5568 3084 5622 Samosatenum
3118 5570 3173 5620 et
3209 5567 3519 5620 Manetem.

1855 5657 1959 5732 qui
1985 5672 2054 5712 eo
2083 5661 2349 5728 tempore
2402 5655 2775 5712 exstiterunt.
2811 5657 2887 5710 De
2945 5654 3030 5711 eis
3065 5661 3268 5712 autem
3308 5659 3522 5726 postea
