4036 6288
601 273 740 328 1179

1965 270 2357 328 NlCEPHORI
2396 271 2721 356 CALLISTI

3743 281 3831 336 “80

587 397 882 456 dicemus.
917 400 1064 456 Cum
1108 404 1309 457 autem
1348 400 1423 457 ad
1464 399 1714 456 multam
1753 399 2119 472 pervenisset
2157 415 2235 455 se-

2358 400 2564 452 Παύλου
2616 405 2705 452 τοῦ
2777 401 3113 470 Σαμοσᾱτέως
3168 401 3258 450 καὶ
3323 399 3546 463 Μάνητος
3589 407 3683 454 κατ’
3733 405 3835 459 iniu

588 495 910 556 nectutem,
936 489 1297 546 duodecimo
1336 491 1571 562 imperii
1611 490 1835 546 Galieni
1884 505 2045 545 anno
2086 506 2248 544 mor-

589 584 726 634 tuus
756 584 864 644 est,
906 594 1028 652 quo
1070 585 1338 650 tempore
1384 587 1590 635 contra
1626 578 1875 635 Paulum
1916 580 2246 635 Samosate-

588 684 736 725 num
775 668 1098 726 Antiochia
1131 669 1402 741 synodus
1429 674 1515 726 est
1545 675 1770 726 coacta.

1207 885 1431 940 CAPUT
1468 885 1620 940 XXV.

590 991 733 1060 Quae
762 991 835 1048 de
862 991 1145 1062 Dionysio
1175 992 1593 1048 Alexandrino
1623 993 1686 1064 in
1715 993 1973 1064 quadam
1993 992 2245 1064 epistola

1009 1064 1232 1120 scribat
1256 1079 1509 1134 magnus
1533 1063 1815 1121 Basilius.

656 1245 796 1309 Qua
826 1258 964 1298 vero
991 1242 1065 1298 de
1104 1243 1369 1315 Dionysii
1392 1243 1557 1298 libris
1589 1243 1851 1302 Basilius
1894 1246 2140 1315 Magnus
2166 1245 2246 1302 ad

582 1333 905 1388 Maximum
955 1332 1377 1404 philosophum
1425 1335 1662 1401 scribat,
1693 1334 2042 1391 addendum
2081 1337 2245 1393 hisce

579 1423 808 1494 putavi.
847 1443 874 1472 «
913 1424 1054 1487 Qua
1112 1423 1382 1496 inquiris,
1420 1423 1638 1494 inquit,
1683 1425 1948 1498 Dionysii
1999 1427 2240 1498 scripta,

580 1511 842 1583 plurima
873 1511 949 1566 ad
977 1527 1089 1566 nos
1134 1528 1474 1582 pervenere.
1507 1513 1678 1578 Quod
1718 1520 1919 1570 autem
1955 1515 2245 1571 librorum

583 1617 789 1656 eorum
827 1601 1004 1674 copia
1035 1601 1214 1673 419
1239 1602 1410 1657 nobis
1459 1618 1580 1657 non
1620 1611 1707 1657 est
1736 1611 2049 1675 propterea
2087 1609 2161 1660 ad
2193 1609 2246 1661 te

578 1706 699 1746 non
731 1692 1023 1747 misimus.
1051 1691 1130 1745 De
1161 1691 1382 1762 quibus
1423 1692 1504 1746 sic
1532 1698 1734 1748 nostra
1782 1698 1870 1749 est
1922 1695 2234 1750 sententia.

575 1781 704 1836 Non
739 1781 945 1836 omnia
980 1780 1109 1850 ejus
1141 1780 1246 1835 viri
1294 1780 1618 1837 laudamus
1649 1797 1853 1853 opera.
1890 1784 2036 1840 Sunt
2067 1785 2245 1841 etiam

579 1869 873 1925 nonnulla
897 1886 1032 1942 qua
1065 1886 1308 1941 prorsus
1351 1871 1743 1939 abrogamus.
1778 1875 1914 1928 Fere
1949 1874 2109 1930 enim
2141 1876 2249 1930 im-

580 1958 815 2030 pietatis
853 1959 1038 2029 istius,
1064 1975 1197 2031 qua
1241 1976 1401 2015 nunc
1451 1962 1677 2032 passim
1718 1961 2078 2032 divulgatur,
2109 1981 2246 2021 eam

579 2047 714 2102 dico
740 2064 877 2120 qua
925 2051 1058 2101 κατὰ
1113 2052 1168 2100 τό
1230 2048 1487 2121 ἀνόμοιον,
1553 2051 1676 2106 sive
1729 2051 1804 2106 de
1851 2052 2244 2125 inaqualitate

577 2142 689 2204 est,
721 2146 1016 2210 quantum
1061 2154 1173 2208 ego
1227 2140 1372 2205 scio,
1406 2139 1534 2212 ipse
1574 2141 1804 2210 primus
1857 2144 2245 2200 seminarium

577 2228 832 2298 prabuit
865 2251 877 2282 :
915 2243 1036 2283 non
1073 2229 1166 2283 ille
1219 2228 1466 2300 quidem
1524 2230 1908 2302 improbitate
1941 2233 2154 2288 mentis
2192 2241 2248 2292 et

586 2317 907 2383 sententia,
944 2318 1047 2372 sed
1079 2319 1243 2390 quod
1269 2318 1677 2374 vehementius
1710 2321 2024 2393 acriusque
2051 2339 2246 2395 oppu-

578 2421 764 2477 gnare
797 2406 1123 2462 Sabellium
1149 2407 1614 2474 voluerit.Quem
1643 2424 1754 2478 ego
1786 2425 2136 2481 comparare
2158 2430 2249 2468 so-

581 2495 720 2550 litus
764 2513 899 2550 sum
957 2496 1298 2567 plantatori,
1331 2496 1436 2569 qui
1489 2515 1626 2553 cum
1669 2499 1984 2556 incurvum
2019 2503 2244 2559 tenella

582 2584 814 2640 arboris
853 2590 1073 2640 statum
1133 2585 1340 2641 sedulo
1407 2588 1699 2657 corrigere
1741 2588 1997 2658 studeat,
2029 2590 2245 2648 deinde

582 2672 912 2729 immodica
963 2675 1313 2730 attractione
1371 2683 1592 2746 peccet,
1635 2693 1672 2731 a
1739 2677 1935 2734 medio
1987 2678 2241 2748 aberret,

582 2762 977 2834 plantamque
1007 2764 1202 2835 ipsam
1227 2765 1286 2819 in
1318 2765 1679 2821 contrariam
1702 2767 2124 2840 diversamque
2148 2771 2244 2826 de-

582 2851 764 2907 ducat
784 2851 1062 2908 formam.
1096 2853 1302 2907 Simile
1320 2853 1614 2924 quiddam
1630 2855 1785 2910 enim
1804 2863 1859 2911 et
1883 2857 1943 2911 in
1975 2857 2088 2913 hoc
2119 2859 2242 2914 viro

581 2941 804 2997 factum
845 2957 975 2997 esse
1005 2942 1534 3014 deprehendimus.
1569 2943 1666 2999 ille
1702 2946 1861 3000 enim
1905 2947 2100 3002 acrius
2130 2947 2241 3003 im-

579 3029 779 3102 pietati
808 3030 1006 3104 Libyci
1039 3031 1298 3086 haretici
1330 3047 1712 3101 congressus,
1753 3049 1873 3090 non
1911 3036 2112 3102 sensit,
2154 3037 2238 3092 ni-

2356 496 2541 564 καιρού
2598 491 2890 560 φανέντων’
2952 492 3070 559 περὶ
3133 485 3200 538 ὧν
3258 487 3484 561 ἐροῦμεν.
3533 489 3608 552 Εἰς
3657 489 3764 564 βαθὺ
3805 495 3836 549 δι

2354 586 2522 653 γῆρας
2580 577 2862 646 ἐληλακὼς,
2931 577 3143 647 τελευτᾷ
3195 580 3330 629 κατά
3373 581 3429 629 τὸ
3490 575 3737 633 δωδέκατον
3776 589 3838 647 ξτες

2355 676 2445 728 τῆς
2488 667 2740 726 Γαλιηνοῠ
2786 665 2983 741 ἀρχῆς,
3043 667 3268 724 ὁπηνίκα
3323 668 3353 724 ἡ
3403 671 3532 720 κατὰ
3556 676 3634 721 τοῦ
3672 678 3840 743 Σαμοτε-

2355 761 2474 818 τέως
2505 757 2710 810 Παύλου
2731 759 2778 810 ἓν
2808 757 2821 780 ’
2843 759 3130 828 Αντιοχείᾳ
3157 759 3436 809 συνίστατο
3466 754 3678 820 σύνοδος.

2937 885 3183 936 ΚΕΦΑΛ.
3227 881 3334 935 KE’
3369 921 3384 934 .

2355 989 2477 1064 Οἷα
2533 990 2558 1040 ὁ
2621 993 2824 1062 μέγας
2889 987 3231 1064 Βασίλειος
3289 993 3435 1064 περὶ
3495 997 3602 1064 τούΔ
3657 989 3846 1064 Ἀλεξαν-

2427 1058 2653 1133 δρείας
2714 1058 3062 1113 Διονυσίου
3129 1062 3188 1112 ἓν
3245 1058 3538 1113 τινίτῶν
3585 1059 3848 1115 ἐπιστολῶν

2426 1133 2628 1184 αὐτοῦ
2666 1135 2934 1206 γράφει.
3367 1134 3369 1136 ’

2428 1261 2550 1328 Περὶ
2586 1253 2646 1309 δὲ
2675 1264 2774 1308 τῶν
2831 1259 3102 1309 Διονυσίου
3160 1257 3597 1328 συγγραμμάτων,
3652 1255 3761 1309 οἶαό
3797 1277 3851 1310 το·

2353 1345 2444 1408 λύς
2485 1350 2574 1398 καὶ
2630 1349 2792 1416 μέγας
2847 1344 3116 1404 Βασίλειος
3154 1349 3281 1418 πρὸς
3319 1344 3550 1417 Μοίξίμον
3607 1349 3683 1397 τὸν
3720 1347 3852 1416 φιλίπ-

2355 1454 2444 1506 φον
2499 1435 2709 1506 γράφει,
2761 1433 2916 1486 καλόν
2961 1437 3008 1485 ἒν
3080 1441 3151 1504 τῷ
3195 1438 3413 1507 παρόντι
3461 1435 3736 1508 παραθεῖναι
3778 1455 3854 1506 οντα

2352 1525 2648 1597 γράμματι.
2697 1544 2724 1573 ‹‹
2772 1521 2834 1574 Ἃ
2877 1519 2936 1575 δε
2986 1521 3272 1591 ἐπιζητεῖς,
3332 1527 3482 1594 φησὶ,
3531 1530 3615 1574 τοῦ
3665 1529 3854 1574 Διονυσία

2358 1615 2766 1684 συγγράμματα,
2839 1608 2961 1670 ἦλθε
3020 1614 3152 1682 πρὸς
3216 1614 3376 1683 ἡμᾶς,
3430 1616 3518 1664 καὶ
3569 1613 3689 1663 πάνυ
3736 1612 3852 1664 mili.

2357 1701 2432 1754 Ού
2469 1703 2692 1777 πάρεστί
2728 1721 2784 1772 γε
2823 1706 2925 1773 μὴν
2975 1703 3042 1752 τά
3071 1699 3258 1773 βιϐλία
3295 1718 3308 1732 °
3364 1697 3542 1774 διόπερ
3581 1701 3665 1752 οὐκ
3698 1699 3853 1752 immi-

2355 1790 2531 1864 λαμεν.
2564 1790 2793 1862 Ἕχομεν
2827 1787 2885 1844 δὲ
2931 1797 3146 1863 γνώμης
3185 1790 3370 1852 οὕτως.
3403 1789 3479 1843 Οὐ
3522 1792 3677 1842 πάντα
3723 1793 3854 1861 Gavini-

2357 1880 2508 1951 ξομεν
2534 1887 2625 1931 τού
2657 1876 2848 1952 ἀνδρός
2880 1897 2892 1908 ·
2927 1882 3038 1931 ἔστι
3097 1875 3156 1931 δὲ
3214 1879 3249 1930 ἂ
3287 1883 3375 1931 καὶ
3428 1878 3672 1940 παντελῶς
3705 1876 3856 1950 διοιγρέ-

2358 1988 2512 2040 φομεν

2355 2062 2508 2130 μένης
2542 2055 2804 2126 ἀσεϐείας,
2844 2067 2938 2118 τῆς
2968 2059 3134 2109 κατὰ
3173 2061 3238 2109 τὸ
3279 2056 3580 2127 ἀνόμοιον
3607 2057 3733 2128 λέγω,
3766 2057 3860 2116 οὗτός

2357 2145 2516 2214 ἐστιν,
2570 2147 2672 2198 ὅσοι
2708 2165 2767 2217 γε
2824 2149 2969 2220 ἡμεῖς
3026 2149 3196 2219 ἳσμεν,
3229 2147 3254 2197 ό
3298 2154 3502 2218 πρῶτος
3554 2148 3617 2198 τὰ
3669 2149 3859 2219 σπέρματι

2355 2241 2671 2309 παρασχών.
2739 2238 2911 2289 Αἴτιον
2987 2231 3047 2288 δὲ
3115 2233 3262 2308 οἶμαι
3309 2235 3368 2287 ού
3427 2240 3646 2310 πονηρία
3706 2241 3857 2306 γνώμης.

2357 2323 2483 2375 ἀλλά
2522 2328 2577 2376 τό
2620 2321 2825 2397 σφόδρα
2863 2323 3150 2396 βούλεσθαι
3206 2322 3502 2377 ἀντιτείνειν
3536 2325 3626 2394 τῷε
3668 2323 3851 2392 Σαϐεὶλίν.

2564 1985 2577 1998 ⁶
2622 1966 2821 2040 σχεδόν
2860 1970 2958 2040 γάρ
3000 1972 3117 2042 περὶ
3169 1976 3260 2027 τῆς
3298 1975 3384 2018 νῦν
3425 1972 3646 2025 ταυτησὶ
3691 1967 3856 2035 apulias-

2356 2413 2531 2468 Εἲωθα
2582 2421 2707 2484 γοῦν
2757 2415 3058 2475 ἀπεικάζειν
3106 2412 3202 2485 ἐγὼ
3256 2418 3535 2486 φυτοκόμῳ
3571 2418 3730 2486 νεαροῦ
3760 2419 3851 2484 fimi

2357 2497 2682 2576 διαστροφὴν
2739 2503 3102 2567 ἁπευθύνοντι,
3162 2500 3274 2555 εἶτα
3334 2510 3395 2574 τῇ
3463 2501 3671 2575 ἀμετρίᾳ
3710 2501 3843 2560 τῆςίπ·

2357 2590 2542 2654 θολκῆς
2584 2588 2931 2664 διαμαρτόντι
2987 2600 3079 2645 τοῦ
3132 2595 3316 2663 μέσου,
3373 2596 3468 2643 καὶ
3521 2596 3636 2665 πρὸς
3683 2595 3730 2642 τὸ
3779 2589 3843 2641 ἑπν

2353 2699 2461 2732 τιον
2502 2680 2826 2752 ἀπαγαγόντι
2878 2684 2936 2733 τό
2988 2679 3289 2754 βλάστημα.
3331 2685 3576 2733 Τοιοῦτόν
3612 2700 3658 2732 τι
3697 2684 3766 2731 καὶ

2353 2773 2438 2821 τόν
2495 2767 2667 2842 ἄνδρα
2719 2778 2900 2822 τοῦτον
2953 2774 3287 2842 γεγενημένον
3333 2770 3591 2844 εὕρομεν·
3643 2767 3854 2820 ἀντιϐαίνει)

2351 2860 2453 2932 γὰρ
2511 2855 2718 2934 σφόδρα
2749 2868 2810 2932 τῇ
2873 2859 3084 2932 ἀσεϐείᾳ
3134 2866 3227 2912 τοῦ
3268 2857 3490 2923 Λίϐυος,
3549 2858 3705 2911 ἔλαθεν
3745 2857 3856 2909 ituri:

2352 2947 2420 3008 εἰς
2492 2951 2548 3000 τὸ
2612 2947 2834 3001 ἐναντίον
2901 2952 3060 3000 κακὸν
3122 2949 3222 3000 ύπό
3277 2956 3368 3008 τῆς
3441 2950 3575 3020 ἄγαν
3644 2946 3850 3019 φιλονεικίας

2351 3037 2650 3109 ὑπενεχθείς
2709 3057 2723 3071 ·
2857 3058 2916 3110 γε
2972 3045 3216 3090 τοσοῦτον
3275 3035 3528 3110 ὶξαρκοῦν
3571 3034 3734 3100 δεῖξαι,
3765 3031 3843 3084 5ποῦ

578 3118 704 3174 mio
734 3120 1130 3175 contentionis
1167 3120 1362 3176 studio
1381 3137 1442 3175 se
1470 3122 1527 3176 in
1561 3123 1925 3178 contrarium
1950 3123 2085 3180 ferri
2116 3142 2235 3182 ma-

2349 3129 2536 3178 ταυτόν
2589 3135 2660 3198 τῷ
2707 3126 3022 3198 ὑποκειμένῳ
3075 3129 3253 3200 Πατὴρ
3306 3131 3394 3178 καὶ
3453 3128 3594 3190 Υἱός,
3642 3129 3715 3176 καὶ
3749 3123 3842 3174 tritu

580 3208 725 3263 lum.
759 3207 861 3262 Cui
893 3209 1036 3264 satis
1092 3208 1281 3264 fuerat
1347 3211 1681 3275 ostendere,
1727 3227 1850 3266 non
1885 3212 2047 3268 idem
2101 3230 2236 3270 esse

578 3297 990 3369 subjectoipso
1022 3299 1254 3355 Patrem
1285 3304 1342 3354 et
1375 3300 1680 3363 Fitium,et
1701 3317 1807 3371 per
1831 3302 1946 3357 hoc
1975 3303 2235 3360 victoria

574 3385 815 3443 laudem
842 3404 877 3442 a
905 3388 1262 3459 blasphemo
1288 3388 1388 3444 illo
1411 3396 1728 3461 reportare.
1765 3390 1896 3463 Ipse
1936 3397 2138 3448 autem
2172 3400 2235 3450 ut

573 3481 776 3547 aperte
807 3476 1141 3532 admodum
1173 3482 1227 3533 et
1259 3477 1485 3549 prolixe
1512 3477 1680 3534 illum
1704 3481 2234 3548 convinceret,non

573 3571 811 3622 tantum
831 3565 1233 3622 diversitatem
1265 3567 1808 3634 subsistentiarum,
1826 3585 2035 3626 verum
2051 3572 2230 3627 etiam

574 3655 900 3710 subsantia
931 3654 1347 3722 differentiam,
1389 3662 1445 3712 et
1484 3658 1794 3728 potestatis
1819 3657 1995 3714 veluti
2029 3662 2232 3715 remis-

574 3744 824 3810 sionem,
853 3749 910 3800 et
948 3746 1151 3814 gloria
1209 3747 1607 3802 mutationem
1652 3746 1840 3802 affert.
1884 3750 1968 3804 ita
2001 3752 2062 3804 ut
2090 3765 2229 3805 eum

571 3849 677 3904 per
697 3834 812 3889 hoc
864 3835 1177 3906 contigerit
1227 3835 1455 3892 malum
1488 3837 1686 3908 ipsum
1723 3837 1883 3892 malo
1923 3837 2039 3893 alio
2069 3855 2228 3894 com-

573 3928 825 3991 mutare,
859 3928 916 3979 et
962 3940 997 3979 a
1034 3931 1193 3980 recta
1257 3924 1524 3980 doctrina
1593 3926 1891 3982 aberrare.
1929 3927 2138 3999 Itaque
2170 3929 2229 3984 in

575 4013 808 4082 scriptis
841 4012 964 4067 suis
994 4014 1194 4068 varius
1225 4019 1333 4068 est.
1350 4013 1801 4086 Nonnunquam
1833 4015 1994 4070 enim
2022 4020 2079 4068 τὸ
2108 4018 2228 4088 ὁμο--

573 4102 749 4152 ούσιον
780 4103 904 4156 sive
928 4102 1436 4158 consubstantiale
1468 4103 1621 4160 tollit
1651 4119 1755 4174 per
1785 4120 1854 4159 ea
1887 4104 2110 4176 quibus
2150 4105 2229 4162 ad

571 4190 994 4246 subsistentias
1024 4191 1409 4262 abrogandas
1461 4193 1617 4248 male
1660 4195 1858 4248 utitur.
1891 4193 2227 4266 Aliquando

569 4285 770 4336 autem
796 4281 856 4335 id
887 4280 1165 4345 admittit,
1199 4281 1258 4336 in
1310 4282 1396 4336 eis
1451 4281 1692 4347 scilicet,
1721 4299 1854 4354 qua
1879 4299 1988 4354 pro
2026 4283 2228 4339 defen-

572 4369 738 4425 sione
757 4370 886 4440 ejus
920 4370 998 4425 ad
1021 4370 1130 4425 sibi
1162 4371 1586 4440 cognominem
1604 4373 1946 4444 composuit
1967 4373 2222 4445 scriptis,

570 4461 718 4515 Tum
749 4464 947 4515 autem
979 4459 1054 4514 de
1092 4460 1310 4530 Spiritu
1339 4462 1517 4516 etiam
1565 4469 1773 4516 sancto
1805 4477 1977 4517 voces
2007 4463 2223 4530 emisit,

2347 3217 2488 3287 ἔχειν
2533 3217 2670 3267 κατά
2715 3223 2804 3268 τοῦ
2864 3214 3294 3289 βλασφημοῦντος
3332 3216 3396 3266 τὰ
3447 3221 3724 3288 νικητήρια.
3747 3211 3784 3262 ’0
3801 3205 3851 3284 «ἴε,

2348 3305 2431 3356 ἵνα
2477 3306 2612 3357 πάνυ
2671 3303 2897 3380 ἐναργῶς
2951 3304 3006 3357 ἐκ
3039 3312 3130 3357 τοῦ
3158 3309 3428 3378 περιόντος
3479 3309 3762 3376 κατακρατῇ,
3793 3297 3859 3366 σᾶχ

2345 3393 2623 3466 ἑτερότητα
2673 3399 2826 3466 μόνον
2873 3403 2972 3447 τῶν
3029 3395 3368 3447 ύποστοίσεων
3421 3396 3636 3458 τίθεται,
3681 3391 3777 3442 ἀλλά
3806 3391 3860 3437 ui

2344 3483 2525 3544 ούσίας
2587 3480 2844 3556 διαφορὰν
2896 3489 2986 3536 καὶ
3051 3480 3316 3555 δυνάμεως
3371 3483 3577 3554 ὕφεσιν,
3641 3487 3718 3533 καὶ
3761 3475 3860 3538 δόξης

2341 3573 2695 3648 παραλλαγήν.
2747 3572 2906 3626 Ὠστ’
2958 3573 3015 3624 ἐκ
3089 3574 3276 3624 τούτου
3337 3571 3529 3630 συνέϐη
3612 3576 3751 3623 κακοῦ
3810 3569 3857 3635 μὲι

2341 3663 2498 3716 αὖτὸν
2549 3666 2708 3714 κακὸν
2755 3659 3058 3734 διαμεῖψαι,
3113 3668 3208 3721 τῆς
3253 3657 3312 3713 δὲ
3359 3659 3635 3734 ὀρθότητος
3659 3665 3736 3711 τού
3765 3656 3852 3722 λόγον

2343 3749 2668 3827 διαμαρτεῖν.
2729 3754 2903 3824 Ταύτῃ
2940 3769 3020 3802 τοι
3067 3754 3156 3801 καὶ
3202 3747 3544 3810 παντοδαπός
3580 3748 3706 3802 ἐστιν
3737 3746 3774 3798 ἐν

2342 3843 2746 3914 συγγράμμασι,
2789 3847 2876 3891 νῦν
2937 3843 3028 3912 μὲν
3069 3838 3292 3912 ἀναιρῶν
3333 3842 3400 3891 τό
3444 3841 3768 3912 ὁμοούσιον
3807 3828 3855 3882 ὅιέ

2339 3939 2435 3983 τῶν
2493 3929 2572 3982 ἐπ’
2625 3928 2863 3987 ἀθετήσει
2924 3937 3025 3980 τῶν
3073 3929 3411 3980 ύποστάσεων
3463 3936 3634 3988 κακῶς
3670 3921 3781 3994 αύτῷ
3810 3938 3858 3970 ιε·

2337 4023 2636 4092 χρημένων,
2695 4026 2783 4070 νῦν
2842 4014 2900 4070 δὲ
2967 4021 3309 4090 προσιέμενος
3360 4019 3409 4069 ἑν
3474 4019 3551 4078 οἷς
3609 4015 3857 4083 ἀπολογείτπ

2337 4113 2469 4181 πρὸς
2520 4111 2606 4160 τὸν
2658 4109 2948 4180 ὁμώνυμον.
3012 4110 3151 4181 Πρός
3183 4103 3242 4160 δὲ
3289 4109 3493 4169 τούτοις
3554 4111 3639 4158 καὶ
3686 4107 3778 4177 περὶ
3806 4102 3856 4150 τεῦ

2339 4201 2640 4270 Πνεύματος
2701 4195 2868 4270 ἀφῆκε
2947 4198 3136 4269 φωνὰς,
3215 4200 3415 4255 ἣκιστα
3499 4197 3765 4265 πρεπούσας
3819 4193 3858 4252 τῷ

2340 4289 2622 4359 Πνεύματι,
2689 4295 2782 4346 τῆς
2833 4289 3293 4359 προσκυνουμένης
3347 4287 3476 4338 αύτό
3545 4287 3758 4342 θεότητος
3791 4275 3857 4337 ἓξο⁸

2335 4376 2515 4449 Ρίζων,
2571 4380 2662 4428 καὶ
2714 4394 2856 4427 κατ-ω
2895 4394 2994 4428 που
3048 4381 3110 4446 τῇ
3167 4381 3354 4446 κτιστῇ
3398 4379 3493 4427 καὶ
3540 4373 3784 4443 λειτονρῖῷ
3805 4366 3860 4435 ἴδ’

2338 4483 2417 4516 σει
2450 4466 2801 4537 συναριθμῶν.
2840 4468 2940 4516 Καὶ
2970 4464 2996 4515 ό
3026 4465 3116 4535 μὲν
3148 4462 3276 4535 ἀνὴρ
3317 4471 3570 4525 τοιοῦτος.
3605 4482 3632 4514 ιο

572 4548 812 4620 Spiritui
843 4548 1087 4604 minime
1115 4550 1614 4618 congruentes,ab
1639 4567 1712 4605 ea
1741 4566 1875 4622 qua
1905 4551 2208 4620 adoretur,
2234 4568 2374 4608 eum
2403 4553 2715 4608 divinitate
2745 4552 3216 4624 proscribens,et
3237 4551 3418 4608 veluti
3455 4553 3517 4608 in
3549 4550 3785 4607 inﬁmum
3800 4556 3858 4597 οι·

569 4635 774 4694 dinem
805 4644 1018 4694 creata
1057 4642 1113 4694 et
1154 4639 1440 4694 ministra
1473 4645 1700 4696 natura
1731 4640 2030 4710 redigens.
2064 4647 2144 4697 Ac
2173 4641 2309 4699 talis
2348 4642 2444 4697 hic
2471 4642 2719 4714 quidem
2745 4642 2833 4696 vir
2861 4641 2988 4697 fuit.
3021 4663 3040 4690 ι

1177 4746 1406 4803 CAPUT
1443 4747 1617 4802 XXVI.

571 4837 655 4893 De
682 4836 968 4906 Sabellio,
1001 4842 1057 4893 et
1101 4838 1229 4906 ejus
1261 4836 1490 4963 haeresi}
1514 4843 1570 4893 et
1619 4838 1778 4908 quod
1832 4853 1900 4894 ea
1927 4844 2099 4896 atate
2122 4825 2230 4896 Ilo?

1301 4923 1466 4963 ruem
1499 4950 1511 4962 .

1301 4923 1511 4964 ruent.

643 5014 879 5073 Sabellii
901 5019 1098 5072 autem
1126 5015 1306 5085 paulo
1325 5019 1460 5071 ante
1475 5015 2059 5072 meminimus.Nunc
2081 5031 2222 5072 vero

569 5109 625 5161 et
657 5106 792 5179 quis
831 5103 1024 5170 fuerit,
1085 5109 1140 5159 et
1180 5120 1314 5176 qua
1365 5104 1496 5174 ejus
1546 5103 1762 5158 fuerint
1806 5103 2218 5176 blasphemia,

567 5195 724 5250 clare
747 5209 1068 5265 exponam.
1101 5195 1166 5247 Et
1197 5192 1289 5248 ille
1314 5192 1559 5264 quidem
1575 5192 1834 5265 Libycus
1863 5193 2218 5262 generefuit,

567 5283 872 5354 Pentapoli
905 5283 1032 5353 ejus
1065 5282 1325 5352 regionis
1356 5289 1543 5337 ortus.
1574 5282 1782 5337 Docuit
1803 5288 2218 5347 autem,unam

567 5371 1014 5427 subsistentiam
1056 5387 1187 5426 esse
1235 5373 1465 5426 Patrem
1516 5376 1570 5426 et
1613 5371 1822 5426 Filium
1851 5377 1906 5426 et
1939 5372 2219 5442 Spiritum

569 5466 1177 5531 sanctum,unamque
1200 5461 1581 5515 trinominem
1597 5463 2012 5531 personam.Et
2039 5459 2218 5532 420

563 5549 626 5603 id
659 5549 849 5604 Veteri
879 5549 1120 5620 quidem
1150 5552 1541 5620 Testamento,
1576 5549 1755 5605 veluti
1781 5553 2004 5608 Patrem
2026 5551 2217 5624 legem

2921 4749 3165 4802 ΚΕΦΑΛ.
3213 4746 3354 4831 κς-ν.

2333 4841 2489 4910 Περὶ
2517 4836 2892 4890 Σαϐελλίου.
2921 4842 3178 4899 καὶτῆς
3203 4839 3335 4890 κατ’
3367 4837 3560 4890 αὐτὸν
3589 4835 3856 4910 αἱρέσῌεωςι

2404 4905 2503 4963 ³ίαὶ
2541 4911 2646 4962 ὃτι
2685 4910 2742 4962 ἐν
2783 4911 3066 4970 ἐκείνοις
3105 4916 3243 4972 τοῖς
3279 4910 3553 4982 χρόνοις
3590 4905 3810 4978 ἤκμαζε-

2404 5023 2508 5070 Τοῠ
2564 5014 2623 5069 δὲ
2671 5015 2942 5070 Σαϐελλὶου
2980 5020 3080 5088 πρὸ
3123 5015 3359 5090 βραχέος
3409 5020 3587 5087 μνείαν
3642 5006 3852 5076 amnti!"

2332 5125 2432 5171 νος,
2481 5114 2569 5158 νῦν
2602 5111 2680 5168 τὶς
2710 5125 2764 5157 τε
2826 5102 2914 5176 ἧγ,
2967 5110 3057 5157 καὶ
3106 5110 3158 5158 τί
3205 5105 3595 5178 ἐϐλασφήμησε,
3630 5091 3853 5172 διαῤῥὴδεν

2330 5194 2642 5267 ἐκθήσομαι.
2699 5195 2866 5255 Οὗτος
2925 5193 3089 5256 Λίϐυς
3121 5197 3212 5266 μὲν
3263 5199 3322 5247 τό
3360 5199 3504 5266 γένος
3537 5191 3616 5260 ἦν,
3666 5196 3746 5247 τῆς
3774 5183 3853 5234 im:

2333 5287 2411 5337 θεν
2488 5287 2781 5356 ὁρμώμενος
2861 5283 3222 5355 ΙΙενματό).εως
3283 5300 3296 5314 ο
3374 5288 3495 5352 μίαν
3561 5278 3617 5334 δὲ
3670 5280 3850 5329 agdn-aa

2329 5370 2672 5444 ἐδογμάτιζεν
2703 5370 2832 5426 εἶναι
2863 5375 2947 5423 τόν
2991 5376 3197 5446 Πατέρα
3251 5376 3337 5423 καὶ
3369 5376 3453 5423 τόν
3506 5372 3624 5424 Υὶόν
3647 5371 3725 5419 καὶ
3756 5363 3846 5428 ἄγων

2331 5469 2562 5534 Πνεῦμα,
2593 5468 2683 5515 καὶ
2730 5464 2777 5514 ἓν
2816 5465 3102 5533 τριώνυμον
3141 5465 3420 5534 πρόσωπον
3462 5475 3476 5491 ⁸
3518 5464 3606 5511 καὶ
3641 5460 3715 5509 τόν
3748 5449 3845 5546 αὖτξ¹

2326 5553 2450 5604 ποτε
2496 5553 2585 5626 μὲν
2641 5554 2706 5615 ὡς
2755 5553 2963 5627 Πατερα
3019 5548 3190 5602 καλεῖν
3244 5553 3338 5607 τὴν
3404 5551 3629 5622 Γραφήν,
3681 5541 3777 5595 ποτὶ
3816 5541 3846 5582 ξε

3881 5959 3913 6175 l
