4036 6288
153 290 294 345 1181

1191 285 1762 342 ECCLESIASTICE
1807 284 2170 341 HISTORUE
2207 285 2348 344 LIB.
2391 288 2480 343 Vl.

3371 285 3511 340 1182

132 417 206 476 ὡς
253 417 394 480 Υἰόν,
440 415 560 466 πότε
604 409 664 466 δε
706 413 776 473 ὡς
829 411 976 483 ἅγιον
1015 417 1226 483 Πνεῦμα
1254 430 1269 444 ο
1327 415 1415 464 καὶ
1455 411 1503 465 ἓν
1551 415 1640 484 μεν
1683 418 1744 484 τῇ

1868 410 2120 476 dedisse,
2170 411 2230 467 in
2269 414 2434 468 Novo
2478 414 2678 468 autem
2719 411 2893 484 quasi
2943 410 3150 468 Filium
3199 410 3511 467 hominem

130 505 347 575 Παλαιᾷ
396 507 466 565 ὡς
530 507 736 576 Πατέρα
789 503 1161 574 νομοθετῆσαι,
1218 502 1268 553 ἐν
1331 498 1390 554 δε
1454 509 1516 574 τῇ
1583 508 1746 573 Καινῇ

131 594 207 654 ὡς
264 595 382 646 Υἰὸν
435 593 851 664 ἐνανθρωπῆσαι,
917 592 984 651 ὡς
1044 587 1104 642 δε
1169 596 1378 662 Πνεῦμα
1439 589 1588 660 ἅγιον
1641 597 1748 652 τοῖς

129 682 448 744 ἀποστόλοις
497 681 853 753 ἐπιφοιτῆσαι.
914 683 1052 753 Πρὸς
1118 687 1298 732 τοῦτον
1345 676 1412 737 δὴ
1457 683 1744 744 Διονύσιος,

130 774 205 834 ὡς
245 780 320 842 τῷ
357 771 565 844 μεγάλῳ
623 773 791 844 Πατρὶ
844 767 1097 841 βασιλείῳ
1137 765 1457 835 διείληπται,
1498 768 1750 820 ἀνθιστά-

129 879 309 932 μενος,
393 859 458 920 εἰς
523 862 581 911 τό
648 860 873 910 ἐναντίον
946 861 1189 930 περιέστη
1257 856 1444 914 δεινόν.
1503 864 1749 912 Τοσαῦτα

131 952 229 1001 καὶ
260 952 380 1021 περὶ
409 947 680 1001 Σαϐελλίου
711 949 778 1008 ὡς
811 945 859 998 έν
892 944 1094 1020 βραχεῖ
1113 948 1288 1018 φάναι.

739 1085 984 1135 ΚΕΦΑΛ.
1028 1079 1148 1138 ΚΖ’.

133 1192 296 1261 Περὶ
337 1196 445 1249 τῆς
486 1190 794 1262 αἱρέσέῶς
834 1188 1086 1262 Παύλου
1126 1195 1240 1262 τοῦ
1281 1191 1701 1262 Σαμοσατέως
1730 1203 1743 1218 ⁸

210 1257 319 1312 καὶ
344 1265 489 1335 περὶ
527 1257 640 1321 τῆς
670 1266 884 1332 πρώτη
909 1280 930 1320 ς
958 1261 1092 1312 κατ’
1121 1260 1313 1312 αύτὸν
1369 1257 1672 1314 συνόδου.

208 1374 514 1425 Τηνικαῦτα
572 1364 629 1419 δὲ
681 1374 773 1418 τοῦ
816 1368 929 1419 κατ’
959 1365 1282 1438 Ἀντιόχειαν
1327 1365 1612 1420 ἐπισκόπου
1646 1374 1748 1425 Δη-

132 1464 432 1530 μητριανοῦ
502 1459 559 1508 τὸ
639 1453 785 1529 βιοῦν
864 1455 1288 1528 μεταλλάξαντος,
1353 1456 1550 1517 Παῦλος
1603 1457 1628 1508 ὁ
1691 1455 1747 1508 ἐκ

133 1549 459 1618 Σαμοσάτων
512 1553 584 1616 τῷ
645 1548 805 1619 θρόνῳ
863 1543 1320 1600 ἀντικαθίσταται.
1361 1545 1613 1607 Ζηνοϐίας
1643 1549 1744 1620 γὰρ

131 1635 258 1688 κατ’
318 1635 502 1688 ἐκεῖνον
556 1638 642 1686 τὸν
685 1638 866 1708 καιρὸν
918 1637 1291 1708 τοπαρχούσης
1324 1651 1336 1663 ·
1391 1639 1588 1708 Πέρσαι
1644 1638 1746 1707 γὰρ

131 1729 414 1798 Ρωμαίους
467 1729 810 1788 νενικηκότες,
875 1723 1038 1797 ἐκείνῃ
1108 1728 1201 1782 τὴν
1256 1731 1348 1783 τῆς
1412 1729 1598 1798 Συρίας
1659 1729 1748 1777 καὶ

137 1819 384 1877 Φοινίκης
457 1817 736 1886 ἡγεμονίαν
811 1811 1154 1887 παρέδοσανο
1222 1813 1423 1876 Παῦλος
1479 1814 1632 1876 οὗτος
1685 1816 1751 1866 τὰ

136 1907 270 1978 πρὸς
324 1906 593 1978 θεραπείαν
651 1901 811 1976 ἐκείνη
871 1902 1023 1956 θέλων
1097 1911 1261 1955 ποιεῖν
1334 1905 1399 1955 τὰ
1478 1899 1750 1955 Ἰουδαίων

139 2000 454 2068 φρονοῦσαν,
511 1996 600 2044 καὶ
660 1993 950 2065 θεραπεύειν
1001 1994 1064 2052 ὡς
1120 1991 1361 2044 πλεῖστον
1414 1998 1747 2066 πειρώμενος,

140 2083 213 2143 εἰς
270 2088 361 2140 τὴν
411 2085 738 2155 Ἀρτέμωνος
782 2082 1038 2144 ἐξώκειλεν
1097 2083 1318 2156 αἰρεσιν.
1377 2088 1476 2135 Καὶ
1514 2086 1615 2155 γὰρ
1661 2103 1749 2135 τα-

144 2174 298 2225 πεινά
325 2191 442 2223 τινα
475 2175 564 2223 καὶ
605 2178 856 2245 χαμερπῆ
909 2174 1027 2245 περὶ
1069 2178 1303 2245 Χριστοῦ
1358 2167 1701 2244 ἐδογμάτιζεν
1735 2188 1749 2202 ·

148 2263 220 2325 ὡς
267 2264 436 2322 κοινὸς
480 2262 751 2334 ἄνθρωπος
797 2257 858 2318 ἧν
915 2264 1008 2318 τὴν
1067 2263 1244 2332 φύσιν,
1300 2257 1468 2332 μηδέν
1510 2281 1563 2313 τι
1605 2261 1753 2314 πλέον

145 2354 455 2422 κεκτημένος
489 2351 634 2422 ἡμῶν
662 2366 676 2379 ·
731 2349 942 2422 ἄμοιρος
973 2345 1031 2401 δὲ
1063 2351 1200 2410 θείας
1240 2349 1438 2417 οὐσίας,
1486 2349 1757 2410 ἐνοικῆσαι

155 2438 207 2494 δ’
239 2443 286 2492 ἐν
339 2439 478 2510 αύτῷ
509 2441 574 2500 ὡς
621 2438 669 2490 ἐν
717 2443 958 2511 προφήτῃ
992 2437 1077 2490 τὸν
1131 2445 1264 2490 Θεοῦ
1295 2440 1434 2504 Υἰὸν,
1487 2444 1578 2492 καὶ
1604 2439 1756 2492 πάλιν

158 2527 468 2600 ἀπηλάχθαι
497 2545 510 2558 ’
552 2533 641 2580 καὶ
693 2530 912 2580 τοιαῦτά
963 2548 1080 2580 τινα
1107 2528 1453 2599 παραπλήσια
1480 2532 1623 2602 παρὰ
1663 2534 1756 2586 τὴν

158 2617 598 2675 ἐκκλησιαστικὴν
655 2620 940 2690 ἐνομοθέτει
997 2615 1376 2674 διδασκαλίαν.
1437 2625 1600 2671 Τοῦτο
1656 2639 1757 2692 μα-

164 2709 330 2769 θόντες
360 2709 406 2760 οἱ
433 2704 684 2766 τηνικάδε
721 2717 818 2760 τῶν
851 2707 1134 2765 ἐκκλησιῶν
1187 2712 1438 2780 ποιμένες,
1471 2709 1577 2780 ούχ
1607 2710 1759 2780 ύπερ-

170 2793 298 2848 ιδεῖν
338 2799 593 2856 τοσαύτην
625 2797 880 2866 ἓρπουσαν
925 2802 1074 2850 νόσον
1114 2794 1436 2869 ἐδοκίμασαν
1470 2794 1577 2851 δεῖν
1612 2818 1625 2830 ·
1668 2803 1758 2851 καὶ

168 2892 330 2938 ταῦτα
374 2892 615 2960 συνεργὸν
674 2895 766 2939 τοῦ
818 2891 1007 2958 μίσους
1050 2892 1138 2939 καὶ
1189 2889 1451 2944 τοσαύτην
1503 2892 1757 2960 μεγίστην

166 2976 308 3028 πόλιν
353 2981 772 3050 χειρωσαμένην.
833 2982 932 3030 Καὶ
985 2978 1010 3028 6
1049 2980 1139 3049 μὲν
1203 2985 1298 3039 τῆς
1361 2975 1757 3052 Ἀλεξανδρείας

161 3069 444 3133 Διονύσιος,
487 3065 745 3138 ἐπίσημος
774 3071 840 3118 ὤν
891 3066 1040 3140 ἀνὴρ,
1095 3062 1187 3119 διὰ
1233 3075 1404 3138 γῆρας
1458 3065 1756 3120 ἀνεϐάλλετο

159 3160 252 3214 τὴν
328 3153 601 3228 ἑνδημίαν,
660 3161 749 3208 καὶ
817 3152 888 3208 δι’

155 3245 435 3317 ⁶γράμμασι
507 3242 565 3298 δὲ
654 3243 869 3317 κάκείνῳ
949 3251 1208 3318 παρῄνεσε
1281 3248 1346 3297 τὰ
1402 3252 1756 3320 προσήκοντα,

966 3155 1234 3208 ἀσθένειαν
1293 3176 1706 3228 κατεπειγουσαν
1741 3175 1754 3188 ⁸

155 3339 246 3387 καὶ
297 3342 414 3395 τοῦς
474 3331 867 3406 συνδραμοντας
919 3334 984 3394 εἰς
1031 3337 1117 3386 τὸν
1175 3335 1299 3407 ὑπὲρ
1357 3334 1619 3397 εὐσεϐείας
1661 3355 1760 3388 παο

155 3425 397 3499 ραθήγων
451 3424 625 3490 ζῆλον,
678 3429 768 3476 καὶ
823 3429 916 3483 τὴν
970 3428 1213 3497 σφετέραν
1265 3429 1476 3496 γνώμην
1533 3428 1594 3482 ἦν
1646 3427 1761 3497 ἔχει

158 3519 275 3586 περὶ
331 3520 424 3566 τοῦ
485 3517 820 3588 προκειμένου
902 3513 1197 3585 ζητήματος
1258 3515 1500 3586 ἔπεμπεν.
1572 3515 1638 3566 OE
1701 3533 1761 3585 γε

159 3608 261 3676 μὴν
315 3601 486 3655 λοιποὶ
538 3611 638 3655 τῶν
695 3602 981 3661 ἐκκλησιῶν
1049 3605 1316 3674 ἡγεμόνες,
1373 3605 1436 3663 ὡς
1481 3601 1565 3655 ἐπὶ
1625 3605 1761 3678 θῆρα

159 3698 248 3745 καὶ
289 3691 522 3764 λυμεῶνά
574 3713 709 3756 τινα,
752 3691 1114 3764 ἁπανταχόθεν
1162 3691 1244 3744 ἐπὶ
1296 3695 1389 3750 τὴν
1429 3692 1759 3762 Ἀντιόχειαν

160 3783 273 3834 κατ’
329 3782 531 3853 ὀλίγους
579 3783 906 3853 ἠθροίζοντο,
958 3785 1201 3855 φάσγανα
1251 3787 1340 3833 καὶ
1385 3778 1587 3853 δόρατα
1632 3781 1760 3853 λαμ-

158 3875 286 3946 πρὸν
334 3871 730 3934 ύποστίλϐοντκ,
775 3871 973 3930 τάληθῆ
1017 3880 1106 3932 τῆς
1157 3871 1468 3932 Ἐκκλησίας
1514 3867 1760 3942 δόγματα

157 3960 585 4035 προϐαλλόμενοι.
672 3963 875 4014 Τούτων
945 3957 993 4013 δ’
1053 3965 1103 4013 οἰ
1171 3960 1403 4032 μάλιστα
1458 3962 1522 4012 τὰ
1576 3969 1760 4033 πρῶτα

160 4050 414 4124 ἐφέροντο,
500 4055 616 4124 καὶ.
666 4054 734 4112 ὡς
807 4057 1097 4126 περιφανεῖς
1175 4050 1382 4123 ἀστέρες
1458 4046 1756 4124 διέπρεπον,

161 4145 442 4214 Γρηγόριος
486 4136 546 4198 ἦν
586 4141 611 4191 6
650 4144 834 4212 μέγας,
871 4141 896 4192 6
937 4139 985 4192 ἐν
1028 4141 1261 4212 θαύμασι
1301 4138 1629 4211 περιϐόητος,
1670 4145 1759 4190 καὶ

159 4226 538 4300 Ἀθηνόδωρος,
591 4226 824 4301 τᾶδελφὰ
852 4227 1024 4300 ἐκείνῳ
1072 4234 1162 4281 καὶ
1217 4236 1410 4300 φρονῶν
1459 4233 1548 4280 καὶ
1599 4227 1758 4299 λέγων

155 4326 245 4373 καὶ
295 4321 557 4394 πράττων,
621 4321 904 4391 ἡγούμενος
964 4326 1062 4370 τῶν
1130 4321 1262 4370 κατά
1325 4322 1513 4371 Πόντον
1578 4337 1760 4392 παροι-

155 4418 282 4462 κιῶν
315 4424 329 4438 ⁶
365 4408 692 4482 Φιρμιλιανός
723 4428 775 4461 τε
828 4410 853 4460 6
906 4416 1000 4468 τῆς
1044 4404 1408 4462 Καππαδόκων
1443 4412 1758 4480 Καισαρείας

1858 499 2087 555 factum
2104 515 2251 565 esse,
2289 504 2352 555 ut
2383 501 2661 572 Spiritum
2695 506 2972 556 sanctum
3003 517 3144 556 vero
3162 499 3242 555 ad
3262 503 3512 571 aposto-

1858 587 1948 643 los
1969 589 2302 645 advenisse.
2333 590 2476 644 Huic
2515 589 2852 662 Dionysius,
2885 590 3053 646 sicuti
3084 606 3119 645 a
3164 603 3386 658 magno
3413 588 3510 645 illo

1858 677 2030 734 Patre
2055 678 2266 734 Basilio
2291 677 2517 734 dictum
2568 684 2675 746 est,
2706 679 3011 746 resistens,
3052 679 3112 734 in
3144 678 3510 734 contrarium

1857 767 2143 840 delapsus
2167 773 2256 825 est
2284 768 2531 824 malum.
2561 769 2696 824 Haec
2721 768 2795 824 de
2819 766 3074 826 Sabellio
3097 767 3329 840 paucis.

2452 1079 2681 1136 CAPUT
2721 1079 2918 1137 XXVII.

1856 1191 1942 1246 De
1978 1189 2185 1247 hzeresi
2214 1187 2399 1246 Pauli
2425 1187 2800 1244 Samosatem'
2827 1203 2844 1242 :
2873 1193 2928 1244 et
2958 1188 3030 1246 de
3054 1188 3260 1259 prima
3298 1194 3510 1248 contra

2363 1275 2490 1317 eam
2519 1264 2724 1316 coacta
2755 1261 3002 1330 synodo.

1928 1370 2010 1424 Eo
2033 1372 2319 1440 tempore,
2352 1367 2730 1422 Demetriano
2752 1369 3036 1439 episcopo
3058 1367 3384 1423 Antiochia
3413 1366 3512 1423 de-

1857 1457 2080 1527 functo,
2111 1458 2323 1513 Paulus
2346 1459 2776 1513 Samosatenus
2798 1456 3083 1512 thronum
3107 1458 3234 1528 ejus
3262 1456 3513 1528 accepit,

1858 1562 1996 1602 cum
2026 1546 2284 1602 Zenobia
2313 1544 2569 1616 ejusloci
2594 1560 2848 1615 regnum
2871 1545 3163 1601 obtineret
3191 1545 3288 1618 (1).
3323 1545 3513 1600 Persae

1858 1637 2036 1699 enim.
2056 1637 2339 1692 Romanis
2357 1635 2545 1700 victis,
2561 1635 3143 1691 administrationem
3171 1635 3225 1690 ei
3258 1635 3440 1707 Syriae
3458 1638 3514 1690 et

1781 1757 1823 1812 Β
1860 1726 2170 1782 thniciae
2207 1724 2593 1780 tradiderant.
2654 1723 2870 1780 Paulus
2911 1740 3092 1796 porro
3124 1725 3254 1792 iste,
3305 1738 3514 1780 curare

1860 1830 1994 1871 eam
2008 1815 2066 1870 in
2082 1814 2366 1885 religione
2385 1813 2796 1869 Judaizantem
2811 1813 3040 1878 volens,
3063 1813 3514 1885 plurimumque

1859 1921 2056 1977 operte
2087 1911 2143 1960 et
2163 1920 2319 1959 curae
2337 1905 2394 1960 in
2425 1919 2495 1958 ea
2517 1908 2669 1958 recte
2692 1903 3057 1958 instituenda
3075 1909 3255 1975 atque
3273 1917 3517 1958 conver-

1862 1996 2040 2052 tenda
2070 2009 2321 2066 ponens,
2354 1993 2416 2047 in
2445 1992 2780 2048 Artemonis
2810 1992 3088 2047 haeresim
3115 1992 3388 2064 impegit.
3426 1991 3516 2048 Ni-

1862 2085 1976 2141 mis
2005 2085 2164 2139 enim
2194 2080 2445 2137 humilia
2467 2086 2644 2154 atque
2671 2081 2838 2136 humi
2863 2081 3158 2152 serpentia
3188 2081 3262 2136 de
3285 2081 3515 2138 Christo

1863 2175 2087 2231 docuit.
2109 2174 2503 2227 Communem
2523 2170 2750 2242 quippe
2766 2169 3074 2226 hominem
3094 2176 3312 2227 natura
3331 2169 3516 2226 fuisse

1863 2281 2059 2338 neque
2086 2261 2422 2335 quidquam
2449 2260 2822 2332 prmeipuum
2850 2276 2972 2332 prae
3005 2259 3178 2315 nobis
3210 2260 3516 2326 habuisse,

1865 2350 2516 2410 etdivinaasubstantiaa
2530 2355 2828 2420 expertem
2849 2349 3165 2414 exstitisse,
3179 2355 3358 2421 atque
3372 2349 3430 2403 in
3445 2363 3516 2405 eo

1866 2442 2113 2516 perinde
2127 2439 2377 2513 atquein
2395 2438 2684 2510 propheta
2706 2437 2913 2492 Filium
2934 2439 3029 2492 Dei
3047 2437 3436 2502 inhabitasse,
3462 2441 3519 2493 et

1867 2549 2104 2589 rursum
2119 2531 2196 2586 ab
2210 2545 2280 2586 eo
2293 2528 2668 2584 discessisse:
2688 2526 3098 2598 nonnullaque
3115 2527 3278 2582 hisce
3300 2526 3519 2584 similia

1868 2631 2073 2679 contra
2103 2619 2572 2676 ecclesiasticam
2595 2617 2929 2672 doctrinam
2945 2617 3190 2672 censuit.
3221 2615 3388 2681 Quod
3415 2615 3520 2672 ubi

1870 2717 1993 2768 tum
2016 2710 2401 2765 ecclesiarum
2425 2711 2694 2779 pastores
2716 2711 3150 2774 cognoverunt,
3183 2721 3303 2760 non
3327 2704 3522 2775 despi-

1869 2801 2140 2857 ciendam
2159 2795 2618 2869 serpentemjam
2638 2801 2857 2851 tantam
2872 2793 3528 2865 contagionemjudica-

1869 2895 2026 2953 runt,
2050 2888 2351 2960 praecipue
2371 2901 2508 2941 cum
2533 2883 2837 2956 piaculum
2856 2883 2915 2937 id
2933 2881 3300 2939 domicilium
3323 2887 3377 2937 et
3397 2888 3523 2939 tan-

1869 2996 2054 3052 quam
2072 2977 2415 3048 adjutricem
2431 2980 2550 3030 tam
2565 2989 2849 3043 magnam
2867 2978 3107 3028 nactum
3123 2977 3282 3026 esset
3297 2971 3521 3026 urbem.

1871 3071 2059 3142 Atque
2072 3065 2394 3139 Dionysius
2407 3064 2651 3136 quidem
2673 3061 3128 3127 Alexandrinus,
3149 3062 3234 3117 vir
3250 3060 3520 3126 celebris,

1873 3165 2115 3232 propter
2130 3163 2364 3212 aetatem
2390 3153 2690 3217 affectam,
2716 3158 2770 3207 et
2791 3167 3035 3222 gravem
3055 3150 3523 3212 imbecilitatem,

1873 3245 2167 3321 proﬁcisci
2217 3259 2288 3300 eo
2336 3241 2582 3297 distulit.
2613 3240 2838 3295 Litteris
2865 3246 3064 3296 autem
3119 3244 3174 3294 et
3205 3241 3402 3310 ipsum
3448 3235 3528 3292 ad

1872 3336 2135 3392 ofﬁcium
2163 3338 2250 3390 est
2280 3332 2643 3395 cohortatus,
2678 3333 2733 3384 et
2753 3345 2855 3385 eos
2882 3329 2982 3400 qui
3011 3330 3088 3384 ad
3106 3344 3244 3383 eum
3268 3326 3530 3383 conﬂue-

1870 3426 2038 3490 bant,
2063 3423 2140 3480 ad
2167 3421 2444 3478 ardorem
2468 3425 2524 3474 et
2546 3416 2988 3474 aemulationem
3013 3432 3164 3471 vera:
3183 3415 3414 3488 pietatis
3431 3430 3528 3468 ex-

1872 3515 2044 3574 acuit.
2073 3512 2488 3582 judiciumque
2511 3523 2687 3562 suum
2720 3510 2774 3561 et
2806 3505 3162 3561 sententiam
3195 3505 3268 3558 de
3303 3517 3530 3575 propo-

1872 3604 1986 3658 sita
2013 3601 2347 3675 quaestione
2369 3597 2446 3653 ad
2477 3613 2579 3652 eos
2607 3595 2789 3651 misit.
2817 3593 3044 3666 Reliqui
3077 3609 3216 3648 vero
3247 3592 3529 3647 ecclesia-

1870 3709 2004 3747 rum
2034 3689 2344 3754 antistites,
2368 3685 2549 3740 veluti
2580 3683 2657 3739 ad
2689 3688 3021 3739 vastantem
3053 3687 3105 3737 et
3128 3680 3527 3752 perniciosam

1870 3781 2057 3836 feram
2079 3775 2535 3838 conﬁciendam,
2556 3772 2933 3828 Antiochiam
2953 3769 3356 3842 undequaque
3371 3768 3528 3824 alius

1871 3875 2006 3942 post
2032 3869 2215 3924 alium
2243 3863 2790 3936 congregabuntur,
2818 3859 3260 3932 resplendentes
3281 3873 3454 3913 enses
3471 3861 3530 3913 et.

1871 3958 2172 4030 cuspides,
2210 3971 2350 4011 vera
2377 3952 2646 4009 Ecclesiae
2674 3951 2981 4020 dogmata,
3007 3964 3129 4020 prae
3158 3964 3221 4004 se
3253 3947 3524 4003 ferentes.

1872 4051 2088 4104 Eorum
2140 4044 2319 4117 primi
2351 4041 2614 4098 nominis
2669 4045 2726 4095 et
2769 4039 3031 4094 maxime
3063 4037 3326 4092 celebres
3354 4035 3531 4091 sicuti

1872 4137 2054 4193 stella:
2084 4135 2388 4192 radiantes
2413 4130 2848 4204 praefulgebant
2880 4146 2893 4183 :
2922 4126 3245 4198 Gregorius
3268 4141 3528 4195 magnus

1869 4227 1986 4297 ille,
2014 4223 2314 4280 miraculis
2331 4221 2579 4277 edendis
2601 4219 2985 4274 decantatus:
3011 4223 3068 4271 et
3086 4215 3524 4280 Athenodorus,

1871 4315 2197 4380 sententiis,
2229 4312 2426 4368 verbis
2460 4315 2514 4366 et
2564 4308 2754 4374 factis,
2781 4307 3038 4362 fraterne
3070 4303 3242 4376 42],
3277 4303 3359 4358 illi
3391 4316 3529 4358 con-

1866 4407 2145 4477 junctus:
2174 4403 2550 4458 Ponticarum
2582 4397 2974 4454 ecclesiarum
3006 4394 3296 4466 episcOpi,
3327 4391 3526 4448 Firmi-

152 4502 375 4571 ποιμὴν,
437 4502 717 4569 περιφανὴς
799 4497 948 4572 ἀνὴρ,
1032 4502 1121 4549 καὶ
1209 4496 1444 4570 ἑκατέρας
1522 4501 1755 4567 γνώσεως

1868 4469 2064 4550 lienus
2096 4494 2375 4549 Cmsareaa
2417 4486 2843 4560 Cappadocum
2875 4483 3138 4548 antistes,
3167 4483 3253 4537 vir
3278 4480 3527 4552 praecla-

153 4586 513 4662 ἡκριϐωμένας
570 4590 705 4658 ἔχων
758 4589 850 4649 τὰς
916 4586 1043 4649 ἕξεις
1076 4605 1089 4618 ·
1151 4585 1237 4638 ἐπὶ
1295 4589 1496 4646 τούτοις
1559 4584 1760 4647 Ἕλενος

150 4680 179 4731 6
240 4683 336 4736 τὴν
392 4676 612 4730 Κιλίκων
670 4677 846 4737 ἰθύνας
895 4674 1215 4751 μητρόπολιν
1266 4674 1316 4726 ἐν
1369 4682 1598 4748 Ταρσῷ·
1662 4681 1762 4727 Νι-

150 4773 324 4840 κομᾶς
379 4785 434 4818 τε
488 4767 513 4817 6
543 4773 635 4826 τῆς
668 4765 914 4818 Ἰκονιέων
944 4768 1361 4836 κατακοσμήσεις
1404 4767 1492 4815 τὸν
1525 4765 1699 4836 θρόνον
1736 4780 1750 4795 ο

149 4858 212 4910 ἐκ
259 4853 320 4909 δὲ
377 4855 729 4916 Παλαιστίνης
779 4857 805 4907 ὁ
860 4859 949 4913 τὴν
986 4853 1352 4928 Ἰεροσολύμων
1396 4852 1761 4913 ἐπισκοπὴσας

145 4934 462 5018 Ὑμέναιος·
503 4954 599 5006 τῆς
643 4963 695 4996 τε
747 4945 939 5018 ὁμόρου
996 4946 1158 5016 ταύτῃ
1246 4947 1561 5016 Καισαρείας
1638 4947 1762 4995 Θεο-

455 5034 696 5106 Μάξιμός
770 5052 822 5085 τε
869 5037 999 5105 πρὸς
1066 5035 1288 5097 τούτοις,
1355 5032 1405 5092 ὃς
1463 5040 1558 5083 τῶν
1626 5034 1762 5084 κατὰ

1069 5121 1316 5194 Θεόφιλος
1370 5140 1424 5174 τε
1479 5126 1566 5173 καὶ
1630 5125 1762 5196 Πρό-

503 4954 599 5006 τῆς
643 4963 695 4996 τε
747 4945 939 5019 ὁμόρου
996 4946 1158 5016 ταύτῃ
1246 4947 1561 5016 Καισαρείας

148 5055 333 5098 τεκνος
360 5049 376 5064 ’

151 5129 394 5197 Βόστραν
437 5120 668 5196 ἀδελφῶν
716 5129 957 5196 προεῖχεν
990 5140 1003 5152 ·

230 5251 312 5316 (1)
341 5269 366 5301 α
400 5251 463 5304 In
505 5247 737 5306 Oriente
777 5248 1081 5304 Odenatus
1114 5250 1315 5302 Persas
1340 5246 1497 5310 vicit,
1528 5245 1760 5318 Syriam

151 5321 445 5386 defendit,
465 5320 958 5391 Mesopotamiam
988 5318 1228 5387 recepit,
1257 5333 1445 5391 usque
1473 5318 1548 5372 ad
1589 5319 1762 5391 Ctesi-

153 5389 757 5466 phontemgpervenit.
788 5390 1008 5466 Deinde
1033 5407 1168 5466 vero
1206 5389 1490 5444 cnm’ﬁlio
1515 5389 1756 5466 Herode,

159 5461 389 5535 Sapore
420 5461 719 5533 victo(fuit
746 5469 944 5516 autem
971 5463 1459 5535 Palmyrenorum
1484 5461 1762 5535 princeps

157 5531 488 5604 Odenatus,
545 5531 603 5589 et
649 5551 685 5589 a
727 5534 968 5589 Galieno
1011 5534 1070 5587 in
1139 5531 1499 5604 societatem
1530 5531 1761 5602 imperii

157 5607 451 5680 adscitus)
476 5605 703 5662 insidiis
723 5603 1068 5662 consobrini
1089 5603 1179 5660 sui
1200 5605 1432 5660 occisus
1454 5608 1560 5659 est.
1585 5604 1764 5674 Cujus

1869 4601 1994 4652 rus,
2028 4589 2085 4638 et
2101 4583 2408 4652 utriusque
2423 4577 2654 4648 generis
2669 4575 2995 4630 litteratura
3022 4587 3257 4627 summe
3270 4571 3482 4626 doctus
3509 4585 3524 4626 :

1870 4673 2123 4728 Helenus
2157 4666 2500 4740 metropolis
2520 4664 2681 4721 Tarsi
2704 4663 2950 4720 Cilicum
2979 4662 3340 4732 episcopus:
3375 4674 3526 4731 prte-

1872 4769 2029 4818 terea
2050 4761 2322 4816 Nicomas
2342 4755 2540 4821 Iconii,
2566 4755 2928 4826 Hymenmus
2950 4748 3524 4820 Hierosolymorum,

1871 4857 1924 4906 et
1968 4853 2247 4906 Cmsarem
2302 4844 2627 4900 Palmstinm
2677 4842 2770 4897 his
2818 4840 3087 4895 ﬁnitimae
3132 4838 3526 4900 Theotecnu‘s,

1871 4939 2156 5011 episcopi.
2205 4935 2495 4992 Maximus
2553 4933 2814 5002 insuper,
2844 4929 2947 5001 qui
2999 4927 3279 4983 fratribus
3311 4927 3525 4980 Bostraa

1871 5028 2144 5102 praefuit:
2187 5023 2571 5095 Theophilus,
2619 5019 2879 5088 Proclus,
2926 5016 3243 5083 Elelianus,
3287 5013 3524 5081 Paulus,

1874 5117 2233 5190 Babylianus
2285 5113 2385 5186 (2),
2445 5113 2825 5180 Protogenes,
2875 5107 3107 5172 Hierax,
3176 5103 3523 5177 Eutychius,

1871 5258 2019 5298 uxor
2067 5239 2322 5295 Zenobia
2366 5251 2505 5292 cum
2558 5232 2931 5290 Herenniano
2980 5236 3036 5287 et
3083 5228 3348 5286 Timolao
3390 5227 3524 5282 ﬁliis

1871 5329 2123 5382 regnum
2165 5309 2438 5382 obtinuit.
2490 5303 3018 5382 Eam__11_turelianus
3062 5318 3183 5356 nou
3225 5299 3520 5382 longe_ab

1870 5369 2200 5450 Antiochia,
2275 5380 2464 5448 magis
2520 5377 2702 5449 praelii
2763 5381 3007 5450 terrore,
3058 5389 3242 5450 quam
3293 5369 3519 5442 praelia,

1873 5458 2056 5528 cepit:
2089 5446 2225 5528 quae
2257 5446 2499 5528 currum
2522 5446 2666 5521 'ejus
2707 5446 3128 5518 triumphantis
3162 5447 3330 5500 Rom.
3369 5458 3524 5514 prce-

1874 5523 2067 5584 cessit.
2096 5523 2125 5576 ἦ
2157 5523 2445 5594 (EutrOp.)

1945 5600 2022 5672 ('2)
2056 5597 2184 5662 Alii,
2215 5596 2510 5652 Bolanus.
