4036 6288
619 240 769 295 1183

1939 233 2326 293 NICEPHORI
2365 232 2680 292 CALLISTI

3766 247 3850 304 “Si

615 365 984 431 Theodorus,
1018 363 1326 429 Malchion.
1350 368 1405 420 et
1431 364 1662 431 Lucius,
1686 363 2058 420 diversarum
2085 361 2261 417 eccle-

2339 359 2494 422 ¹κλος
2525 378 2538 394 ο
2594 359 2900 426 Ἐλελιανός,
2955 358 3155 422 Παῦλος
3215 365 3306 414 καὶ
3361 362 3674 428 Βαϐυλιανός·
3718 375 3852 442 lipara“

616 453 842 510 siarum
873 453 1153 526 prafecti.
1205 455 1268 509 Hi
1300 470 1534 520 omnes,
1568 459 1624 509 et
1655 453 1752 508 alii
1810 450 2262 525 quamplurimi,

615 559 738 599 una
767 560 903 599 cum
937 544 1297 616 presbyteris
1329 550 1386 599 et
1406 543 1694 608 diaconis,
1728 543 1787 598 in
1815 558 1946 598 eam
1976 557 2164 614 quam
2180 539 2266 594 di-

614 633 814 688 ximus
840 633 1134 688 civitatem
1160 639 1586 688 convenerunt.
1612 633 1759 688 Cum
1783 632 1959 702 igitur
1988 631 2048 686 in
2076 645 2264 685 unum

615 723 960 792 congregati
979 727 1195 787 essent,
1221 738 1378 793 saepe
1403 721 1777 794 multumque
1794 736 2103 776 sermones
2126 734 2264 774 con-

613 810 1105 878 ferebantur,etin
1119 813 1684 885 quolibetconcessu
1698 812 2052 884 quaestiones
2065 809 2264 882 plures

613 902 1126 973 proponebantur.
1154 903 1231 957 lbi
1259 902 1472 972 paulus
1490 902 1873 964 obumbrare,
1893 907 1949 954 et
1968 905 2260 970 quantum

612 997 836 1062 posset,
859 991 1137 1046 haeresim
1173 1007 1346 1046 suam
1385 996 1581 1061 tegere
1614 997 1669 1045 et
1699 990 1995 1046 occultare
2026 987 2264 1043 labora-

611 1081 735 1136 bat.
780 1080 897 1135 Illis
927 1086 1127 1136 autem
1179 1080 1323 1135 illud
1353 1082 1615 1135 maxime
1665 1079 1863 1134 studio
1893 1078 2019 1142 fuit,
2064 1082 2126 1132 ut
2163 1075 2262 1132 illa

610 1169 989 1238 proferretur,
1025 1175 1080 1226 et
1099 1175 1260 1226 tanta
1289 1170 1349 1224 in
1371 1169 1668 1224 Christum
1682 1166 2262 1239 blasphemiaomni-

605 1259 724 1314 bus
753 1259 1070 1331 propalam
1115 1267 1260 1315 nota
1299 1259 1483 1314 fieret.
1545 1260 1919 1329 Quapropter
1949 1256 2259 1312 suadendo

610 1347 873 1418 primum
905 1353 960 1403 et
991 1348 1360 1403 consulendo
1386 1347 1583 1403 conati
1611 1353 1749 1402 sunt.
1780 1346 2032 1403 Paulum
2059 1361 2094 1400 a
2124 1360 2262 1400 con-

613 1441 788 1507 cepta
817 1437 1097 1509 opinione
1124 1437 1441 1501 abducere,
1477 1443 1532 1492 et
1559 1437 1618 1491 in
1641 1436 2004 1491 contrariam
2032 1440 2262 1489 senten-

613 1526 756 1581 tiam
788 1526 1148 1597 pertrahere.
1198 1533 1268 1581 At
1313 1543 1449 1581 cum
1491 1526 1606 1591 ille,
1635 1526 1978 1596 juramento
2007 1525 2262 1595 interpo-

613 1616 747 1679 sito,
789 1622 990 1685 aperte
1022 1617 1201 1670 errori
1237 1615 1287 1670 ei
1337 1616 1720 1682 renuntiaret,
1757 1629 1949 1685 neque
2002 1629 2063 1668 se
2092 1613 2264 1685 quid-

2371 454 2541 522 γένης,
2594 449 2779 520 Ἰέραξ,
2836 449 3100 521 Εύτύχιος
3147 456 3238 504 καὶ
3269 449 3533 525 Θεόδωρος
3557 461 3635 508 καὶ
3665 459 3847 530 Manlius.

2373 544 2460 592 καὶ
2491 541 2732 604 Λούκιος,
2791 536 3054 614 διαφόρων
3107 542 3354 614 ἡγεμόνες
3397 550 3659 616 ποιμνίων·
3702 554 3771 599 καί
3803 552 3848 600 a1.

2372 628 2452 680 λοι
2501 633 2683 701 μυρίοι
2734 630 2943 701 σύναμα
3011 629 3371 704 πρεσϐυτέροις
3428 637 3513 684 καί
3562 629 3775 696 διακόνοις
3811 639 3848 689 ει

2370 722 2466 776 τήν
2549 717 2820 790 εἰρημένην
2894 718 3041 771 πόλιν
3119 721 3402 796 συνέῥρέον.
3472 725 3657 774 Πάντων
3707 731 3796 794 γοῦν
3830 726 3852 786 ἐς

2371 810 2527 860 ταυτὸ
2578 811 2872 871 συνιόντων,
2947 808 3194 870 πολλάκις
3245 811 3317 871 εἰς
3373 811 3546 883 λόγους
3605 809 3764 870 ἦλθον·
3809 823 3857 865 ui

2371 895 2488 948 καθ’
2537 895 2760 956 ἑκάστην
2815 895 3036 950 σύνοδον
3069 899 3315 960 ζητήσεις
3348 901 3440 953 οὐκ
3491 900 3735 973 ἐλάχισται
3764 911 3861 973 aps-3-

2369 1005 2557 1042 κειντο.
2619 988 2683 1039 Οἱ
2753 990 2842 1058 μεν
2911 984 3000 1040 οὖν
3064 993 3182 1061 περὶ
3248 993 3335 1041 τόν
3405 990 3593 1042 Ηαῦλον
3653 992 3861 1052 canidiae

2370 1083 2664 1147 ἐπειρῶντο,
2715 1081 2805 1127 καὶ
2863 1081 2956 1134 τὴν
3015 1079 3217 1151 αἳρεσιν
3266 1081 3329 1140 ὦς
3353 1083 3404 1150 γ’
3452 1079 3561 1138 ἐνῆν
3588 1083 3862 1152 ἑπικρύπτιοθ

2369 1171 2479 1225 τοίς
2531 1161 2591 1217 δὲ
2639 1161 2731 1216 δια
2787 1162 3024 1226 σπουδῆς
3087 1165 3279 1238 ἐγίνετο
3326 1169 3555 1240 μάλιστα
3607 1173 3686 1227 τὴν
3740 1174 3863 1239 nigrm

2371 1251 2684 1326 ἀναφαίνειν,
2738 1259 2827 1306 καὶ
2873 1259 2966 1314 τὴν
3027 1255 3094 1314 εἰς
3140 1261 3368 1330 Χριστόν
3423 1257 3733 1330 βλασφημίαν
3770 1266 3864 1310 irim

2370 1339 2586 1401 ἔκδηλον
2643 1346 2917 1416 καθιστᾴν.
2987 1345 3319 1418 Είσηγήσεσι
3503 1352 3598 1419 γὰρ
3653 1351 3711 1400 τὰ
3759 1357 3866 1420 πρῶτα

2369 1439 2458 1486 καὶ
2517 1433 2842 1506 συμϐουλαῖς
2885 1437 3182 1506 μεταθεῖναι
3231 1433 3560 1513 διεπειρῶντο
3609 1442 3686 1489 τόν
3727 1439 3867 1502 Heilm,

2369 1526 2460 1574 καὶ
2524 1531 2614 1574 τού
2669 1522 2900 1576 ἐναντίου
2956 1529 3282 1597 φρονήματος
3349 1526 3610 1599 ἁφιστᾷνο
3663 1529 3720 1587 ὡς
3760 1523 3794 1578 δ’
3831 1527 3867 1585 εἰς

2371 1615 2506 1684 μέγα
2553 1608 2892 1685 διομνύμενος
2949 1623 3223 1686 προφανῶς
3272 1613 3482 1686 ἁπέλεγε
3532 1612 3683 1688 μηδὲν
3720 1624 3860 1668 τοιοὺτν

613 1720 794 1776 quam
824 1705 1123 1776 ejusmodi
1156 1706 1391 1769 sentire,
1420 1705 1523 1758 sed
1554 1703 1895 1776 apostolicis
1929 1703 2178 1757 decretis
2208 1707 2261 1757 et

2373 1708 2611 1774 φρονείνε,
2673 1709 2778 1762 τοῖς
2839 1699 2889 1755 δ’
2943 1701 3307 1764 ἁποστολικοίς
3363 1704 3503 1778 ὅροις
3562 1710 3644 1757 καὶ
3696 1701 3862 1775 δόγματα

613 1794 897 1848 doctrinis
933 1793 1259 1862 adhaerere,
1292 1794 1498 1866 eisque
1527 1794 1798 1848 insistere
1829 1791 2216 1847 conﬁrmaret
2247 1807 2260 1856 ;

614 1888 737 1938 tum
771 1884 1016 1953 quidem
1048 1883 1150 1952 illi,
1171 1899 1558 1938 communem
1579 1885 1954 1939 Servatorem
1981 1882 2166 1936 Deum
2189 1882 2264 1936 de

612 1972 996 2028 ecclesiarum
1042 1989 1340 2028 consensu
1369 1978 1425 2028 et
1449 1972 1774 2028 concordia
1804 1987 1939 2026 cum
1983 1970 2264 2027 laudibus

613 2063 1148 2130 concelebrassent,
1198 2063 1496 2134 synodum
1556 2062 1884 2130 solverunt,
1927 2070 1985 2116 et
2042 2076 2150 2132 pro
2204 2074 2265 2115 se

611 2152 868 2224 quisque
897 2153 976 2208 ad
997 2167 1205 2222 greges
1235 2168 1375 2208 suos
1404 2153 1724 2208 redierunt.

1197 2259 1419 2316 CAPUT
1461 2260 1684 2315 XXVIII.

620 2370 691 2426 Ut
721 2367 784 2423 in
812 2368 1068 2424 secundo
1100 2375 1390 2424 conventu
1422 2369 1770 2436 confutatus
1795 2367 2021 2424 Paulus
2045 2382 2082 2423 a
2105 2366 2256 2422 Μαι-

813 2440 1022 2496 chione
1051 2440 1318 2508 sophista
1353 2455 1428 2496 ex
1454 2440 1680 2510 synodo
1709 2440 1781 2494 sit
1813 2442 2052 2509 ejectus.

683 2614 964 2671 Sedenim
1013 2616 1296 2686 temporis
1337 2630 1639 2687 processu,
1673 2631 1811 2670 cum
1849 2630 2087 2670 rursum
2137 2615 2265 2669 ubi-

612 2721 730 2778 que
782 2705 945 2760 fama
977 2711 1356 2776 spargeretur
1410 2705 1484 2760 de
1523 2705 1726 2771 Paulo,
1779 2705 1884 2777 qui
1916 2705 1995 2759 ita
2026 2721 2062 2759 a
2109 2719 2261 2759 verae

609 2795 746 2850 ﬁdei
779 2794 1148 2866 professione
1179 2793 1554 2864 degenerans
1605 2793 1975 2862 descivisset,
2003 2793 2263 2849 celeber-

609 2883 744 2938 rimi
784 2883 862 2937 illi
908 2883 1017 2938 viri
1049 2898 1122 2938 ne
1155 2889 1279 2938 tum
1328 2881 1574 2954 quidem
1605 2884 1803 2937 statim
1835 2883 1912 2936 ad
1961 2881 2127 2937 illum
2160 2881 2259 2938 de-

612 2971 982 3027 turbandum
1039 2977 1178 3026 sunt
1230 2969 1552 3042 progressi,
1613 2970 1719 3025 sed
1766 2970 1973 3025 litteris
2030 2971 2259 3043 scriptis

609 3059 824 3116 vulnus
860 3061 988 3131 ejus
1041 3075 1251 3116 curare
1300 3067 1440 3115 sunt
1484 3060 1702 3125 conati,
1757 3059 2034 3115 lethalem
2087 3076 2149 3114 se
2188 3075 2258 3115 eo

611 3149 796 3205 modo
826 3149 1160 3204 doctrinam
1189 3164 1582 3220 oppressuros
1608 3163 1736 3203 esse
1765 3149 2013 3218 opinati.
2049 3151 2263 3221 Diony-

619 3241 742 3293 sius
795 3238 1074 3309 equidem
1122 3237 1433 3308 epistolam
1486 3238 1669 3304 dedit,
1725 3236 1900 3310 422
1956 3243 2261 3293 auctorem

613 3327 828 3383 erroris
856 3328 984 3398 ejus
1032 3342 1106 3382 ne
1141 3327 1499 3382 allocutione
1537 3327 1780 3398 quidem
1817 3327 2098 3398 dignans,
2157 3328 2262 3383 sed

611 3416 907 3489 populum
938 3415 1201 3471 ecclesias
1229 3416 1612 3471 Antiochense
1641 3417 1936 3472 instruens
1954 3421 2186 3472 tantum
2210 3422 2266 3472 et

609 3507 996 3562 confirmans.
1033 3505 1403 3560 Firmilianus
1447 3510 1649 3560 autem
1707 3505 2034 3576 Cappadox
2061 3507 2256 3562 Antio-

612 3595 809 3651 chiam
857 3597 1057 3650 venit:
1113 3595 1217 3649 sed
1267 3594 1466 3650 statim
1525 3594 1664 3650 dolo
1710 3594 1786 3650 ab
1839 3611 1910 3650 eo
1959 3596 2256 3666 repulsus,

608 3685 1080 3756 resipiscentiam
1119 3689 1176 3739 et
1207 3683 1661 3739 conversionem
1692 3684 1892 3739 denuo
1925 3685 2259 3755 pollicente,

609 3775 748 3830 inde
777 3774 1050 3829 decessit.
1094 3775 1308 3830 Postea
1355 3789 1492 3829 vero
1545 3789 1683 3829 cum
1736 3789 1947 3829 rursus
2002 3790 2140 3829 cum
2191 3790 2262 3831 eo

610 3878 1043 3933 congressurus
1075 3867 1247 3928 esset,
1306 3869 1367 3918 ut
1408 3863 1511 3934 qui
1564 3863 1732 3918 toties
1765 3863 1954 3918 Deum
1991 3864 2263 3936 negantis

611 3951 918 4024 pravitatis
944 3951 1073 4022 ejus
1104 3951 1437 4022 pericnlum
1470 3951 1718 4016 fecisset,
1753 3967 1785 4006 e
1813 3953 1932 4008 vita
1960 3952 2212 4008 excessit
2243 3971 2256 4007 :

609 4055 730 4112 quo
789 4045 1056 4111 tempore
1104 4041 1282 4096 etiam
1334 4039 1654 4111 Dionysius
1695 4039 2132 4096 Alexandrinus
2175 4043 2262 4096 est

611 4136 904 4193 mortuus,
955 4128 1340 4189 duodecimo,
1377 4134 1437 4182 ut
1481 4128 1708 4182 dictum
1741 4133 1848 4196 est,
1899 4129 2118 4184 Galieni
2153 4129 2261 4184 im-

610 4219 871 4290 perantis
889 4233 1068 4282 anno,
1098 4233 1232 4272 cum
1258 4217 1504 4289 quidem
1523 4217 1729 4271 decem
1753 4224 1810 4273 et
1840 4224 2067 4288 septem
2085 4218 2260 4272 annis

607 4324 734 4363 rem
764 4306 1228 4362 ecclesiasticam
1285 4305 1785 4362 administrasset.
1835 4309 2023 4378 Atque
2076 4307 2259 4378 hujus

611 4412 920 4452 successor
961 4395 1330 4451 Alexandria
1391 4395 1744 4450 Maximinus
1793 4395 1918 4450 fuit.
1970 4397 2259 4452 Caeterum

607 4502 747 4541 cum
778 4485 1056 4540 Galienus
1087 4483 1577 4556 quindecimjam
1603 4485 1776 4539 annis
1803 4500 2003 4540 rerum
2036 4487 2260 4556 potitus

609 4581 784 4639 esset,
811 4573 1093 4630 Claudius
1126 4575 1177 4628 ei
1221 4575 1527 4638 successit,
1561 4574 1663 4645 qui
1712 4573 1998 4629 biennum
2028 4580 2260 4630 tantum

607 4664 857 4736 imperio
907 4663 1346 4727 administrate,
1393 4662 1710 4718 Aureliano
1739 4663 1798 4717 id
1831 4663 2106 4736 reliquit:
2149 4663 2260 4719 sub

609 4769 731 4825 quo
765 4753 1013 4807 ultimus
1054 4757 1142 4807 est
1171 4755 1382 4808 contra
1423 4753 1905 4819 Samosatenum,
1938 4753 2262 4825 quamplue

607 4842 777 4898 rimis
802 4842 1096 4914 episcopis
1118 4841 1582 4904 conﬂuentibus,
1615 4847 1941 4897 conventus
1965 4848 2259 4913 peractus.

610 4933 937 5004 Postquam
981 4932 1139 4986 enim
1171 4930 1248 4986 illi
1301 4931 1487 4986 multa
1515 4931 1928 4995 admonendo,
1982 4931 2260 4987 cohorta-

612 5022 805 5078 tiones
833 5020 1199 5083 adhibendo,
1224 5026 1279 5075 et
1301 5021 1566 5091 priorum
1591 5021 2056 5091 promissionum
2082 5027 2261 5092 atque

611 5116 1042 5168 conventorum
1074 5116 1250 5180 pacta
1307 5110 1367 5163 in
1401 5110 1754 5165 memoriam
1803 5110 2165 5177 revocando,
2199 5112 2262 5166 in

607 5201 970 5257 inﬁciatione
1029 5216 1165 5254 eum
1220 5198 1529 5269 perstitere
1572 5198 1865 5265 viderunt,
1916 5205 1972 5254 et
2010 5215 2263 5255 accusa-

611 5298 767 5347 tores
825 5306 962 5345 eum
1017 5289 1376 5344 confutaturi
1426 5289 1786 5353 institerunt,
1827 5289 2142 5344 concilium
2175 5295 2262 5344 est

612 5385 907 5436 coactum.
925 5379 1023 5433 I-Iic
1037 5378 1328 5434 Malchion
1347 5378 1596 5449 quidam
1623 5377 1727 5449 qui
1754 5379 1919 5448 prius
1935 5378 2259 5434 Antiochiae

615 5469 952 5540 sophisticae
977 5467 1195 5523 scholar
1229 5469 1561 5523 Greecarum
1593 5467 2044 5539 disciplinarum
2077 5483 2257 5539 praee-

612 5563 720 5622 rat,
753 5563 810 5614 ct
838 5563 1045 5628 postea
1075 5561 1318 5629 propter
1359 5555 1660 5627 egregiam
1694 5557 1823 5627 ejus
1855 5557 1914 5612 in
1963 5557 2260 5614 Christum

2373 1790 2622 1863 ἐμμένεῖν,
2682 1795 2772 1843 καὶ
2819 1794 3024 1854 τούτοις
3069 1801 3300 1864 στοχείν,
3351 1799 3467 1846 τότε
3527 1798 3611 1866 μὲν
3657 1797 3730 1846 τόν
3771 1797 3864 1844 nonin

2376 1889 2591 1954 σωτῆρα
2639 1883 2766 1933 Θεὸν
2806 1879 2889 1933 ἐπὶ
2919 1889 2981 1954 τῇ
3024 1890 3124 1934 τῶν
3173 1883 3460 1941 ἐκκλησιῶν
3510 1888 3752 1956 συμφωνίᾳ
3781 1885 3869 1951 vim

2376 1988 2573 2034 σαντες,
2660 1965 2942 2034 διελύοντο,
3022 1976 3112 2023 καὶ
3181 1971 3268 2024 ἐπὶ
3341 1975 3410 2024 τὰ
3475 1976 3682 2045 σφέτερα
3734 1973 3870 2029 ἕκαστος

2374 2055 2673 2134 ἐπορεύοντο
2713 2064 2928 2132 ποίμνια
2940 2103 2952 2115 .

2970 2257 3221 2310 ΚΕΦΑΛ.
3260 2256 3390 2310 KH'.

2370 2362 2468 2424 Ὠς
2549 2365 2607 2435 ἐν
2682 2359 3396 2435 δευτέρᾳίσυνελεύσει
3477 2362 3864 2434 gemmam:

2445 2434 2690 2508 Παῦλος
2722 2437 2750 2486 ύ
2776 2439 2851 2508 πό
2883 2434 3274 2508 νῌνα-λχίωνος
3315 2440 3630 2508 σοφιστοῦ
3668 2436 3861 2507 ﬂagiti;

2447 2502 2732 2558 συνόδου
2794 2505 2945 2558 ἐκϐἐ
2970 2502 3213 2565 ϐλήται.

2441 2617 2642 2684 Χρόνου
2690 2609 2749 2664 δὲ
2804 2608 3116 2678 διελθόντος,
3156 2615 3186 2670 ἡ
3245 2616 3394 2684 φήμη
3461 2609 3608 2674 αὖθις
3658 2614 3852 2680 πανταχῆ

2371 2697 2565 2775 διέρῥεί
2618 2705 2711 2760 τὴν
2753 2700 3006 2774 ἐκτροπὴν
3061 2708 3154 2753 τοῦ
3215 2701 3426 2754 Παύλου
3477 2704 3742 2774 μηνύουσα.
3776 2693 3864 2751 Oi-ii

2368 2793 2694 2863 πανεύφημοι
2743 2792 2928 2843 ἐκεῖνοι
2985 2787 3099 2844 οὐδ’
3145 2791 3308 2852 ούτως
3356 2791 3431 2851 εἰς
3483 2798 3576 2848 τήν
3643 2793 3789 2842 ἐκείνου
3831 2785 3873 2838 r3-

2371 2881 2456 2941 θύς
2504 2879 2788 2954 ἐχώρησαν
2837 2879 3091 2954 ἐκτροπὴν
3129 2897 3144 2911 ⁸

2367 2973 2422 3022 τὸ
2474 2987 2686 3042 τραυμα
2747 2971 3042 3042 θεραπεύειν
3110 2968 3403 3042 ἐπειρῶντο,
3470 2975 3565 3028 τὴν
3623 2971 3868 3036 emensam

2297 3071 2336 3127 C
2371 3055 2726 3112 διδασκαλίαν
2793 3062 3013 3135 φθείρειν
3075 3059 3316 3131 οἰόμενοι.
3388 3063 3662 3120 Διονύσιος
3713 3063 3770 3128 μὲν
3805 3054 3862 3120 γὰρ

2369 3152 2561 3218 ἔπεμπε
2641 3149 2946 3221 γράμματα,
3005 3152 3090 3200 τόν
3153 3151 3242 3220 μὲν
3315 3149 3554 3221 ἡγεμόνα
3615 3155 3698 3208 τῆς
3737 3145 3870 3201 πλάνης,

3204 2879 3333 2931 ἀλλὰ
3393 2882 3673 2954 γράμμασι
3716 2883 3871 2951 πρότιρθτ

2370 3233 2510 3309 μηδέ
2555 3243 2896 3312 προσρήσεων
2939 3236 3114 3303 ἀξιῶν,
3163 3242 3250 3290 τόν
3289 3234 3349 3290 δέ
3397 3258 3467 3309 γε
3514 3238 3633 3290 λαὸν
3677 3244 3748 3294 τῆς
3778 3231 3877 3283 ἐκεῖσε

3139 3327 3479 3400 Φιρμιλιανὸς
3559 3324 3616 3380 δὲ
3696 3327 3881 3377 6K5:-

3441 3415 3810 3490 ιΙαρακρουσθεὶς
3851 3403 3878 3456 δ’

2371 3332 2653 3399 παροικίας
2719 3326 3060 3398 ἐγκαθιστῶν.

2375 3412 2558 3478 δοκίας
2609 3421 2741 3488 μετὰ
2803 3421 2894 3468 καὶ
2944 3416 3109 3467 ἄλλων
3158 3423 3349 3488 παρῆν.

2372 3506 2460 3557 ὑπ’
2507 3505 2698 3558 ἐκείνου
2745 3505 2897 3557 πάλιν
2959 3507 3024 3565 ὡς
3100 3509 3196 3564 τὴν
3247 3507 3532 3577 μετάθεσιν
3612 3498 3875 3573 ἐπαγγελλομ-

2371 3614 2480 3660 νου,
2526 3592 2798 3668 ἀνεχώρει.
2855 3593 3014 3646 Πάλιν
3064 3591 3123 3646 δὲ
3170 3593 3362 3666 μέλλων
3415 3599 3595 3666 ἐκείνῳ
3641 3590 3871 3665 spicus-tia

2371 3682 2461 3735 ἅτε
2526 3679 2592 3740 δὴ
2648 3690 2826 3752 πεῖραν
2872 3690 2966 3743 τῆς
3021 3681 3331 3755 ἀρνησιθέου
3399 3685 3599 3736 ἐκείνου
3650 3675 3869 3738 κακίας

2369 3771 2564 3845 ληφώς,
2620 3772 2762 3834 τέλος
2806 3774 2937 3844 ἔσχε
2985 3779 3076 3824 τοῦ
3118 3771 3239 3844 βίου
3271 3789 3282 3802 ·
3329 3773 3412 3824 ὅτε
3470 3769 3540 3832 δὴ
3585 3777 3669 3823 καὶ
3702 3769 3869 3822 Amisit:

2370 3863 2396 3914 6
2460 3858 2855 3936 Ἀλεξανδρείας
2911 3859 3144 3913 ἐτελεύτα
3199 3865 3335 3914 κατὰ
3391 3865 3457 3914 τὸ
3524 3857 3788 3914 δωδέκατον

2369 3961 2459 4012 τῆς
2520 3951 2767 4010 Γαλιηνοῦ
2828 3950 3122 4024 βασιλείας,
3187 3953 3253 4014 ὥς
3308 3955 3542 4021 εἴρηται,
3601 3951 3747 4004 ἐτεσιν
3791 3947 3878 3996 ἐπτυ-

2368 4039 2592 4094 καίδεκα
2677 4049 2769 4102 τῆς
2836 4040 3145 4102 Ἐκκλησίας
3237 4043 3478 4114 προστάς
3507 4063 3522 4077 ο
3603 4040 3662 4092 οὗ
3711 4034 3876 4102 Maiis?“

2370 4131 2590 4202 ἐγεγόνει
2667 4126 2947 4201 διάδοχος.
3032 4135 3132 4183 Καὶ
3216 4129 3474 4188 Γαλιηνοῦ
3566 4126 3624 4182 δὲ
3689 4127 3875 4184 ravum"

2367 4225 2511 4274 πέντε
2567 4224 2698 4292 πρὸς
2765 4226 2871 4279 τοῖς
2919 4215 3050 4271 δέκα
3123 4222 3286 4271 ἔτεσιν
3365 4219 3640 4293 ἄρξαντος,
3712 4206 3874 4268 κλμ-ᾄδεις

2368 4315 2595 4367 κατέστη
2657 4304 2936 4379 διάδοχος.
2999 4308 3072 4360 Ού
3131 4307 3289 4360 πλείω
3340 4305 3401 4361 δὲ
3430 4315 3524 4361 καὶ
3553 4308 3688 4367 οὗτος
3712 4313 3789 4356 τῶν
3825 4296 3876 4349 ὄπ

2294 4425 2337 4478 D
2370 4399 2492 4451 ἐτῶν
2548 4400 2895 4470 ἡγησάμενος,
2963 4397 3273 4469 Αύρηλιανῷ
3330 4406 3423 4458 τῆς
3473 4400 3647 4472 ἀρχῆς
3693 4390 3881 4451 ὑπεξίση·

2369 4509 2477 4540 ται.
2519 4487 2596 4540 Οὔ
2636 4484 2904 4546 διέποντος
2955 4491 3049 4545 τὴν
3089 4485 3287 4561 ἀρχὴν,
3331 4487 3538 4545 ύστοίτη
3582 4491 3665 4537 καὶ
3698 4481 3883 4534 niani:

2370 4580 2507 4629 κατὰ
2559 4583 2650 4629 τοῦ
2711 4579 3047 4648 Σαμοσατέως
3097 4572 3319 4636 σύνοδος
3377 4579 3758 4650 συγκεκρότητο,
3795 4563 3880 4617 s15:-

2374 4685 2506 4718 στων
2559 4665 2694 4717 ὃσων
2771 4661 3176 4740 συνδραμόντων
3240 4669 3520 4736 ποιμένων.
3605 4655 3781 4716 Ἐπειδῆ
3818 4654 3879 4723 7ἀῇ

2367 4759 2500 4829 μετὰ
2585 4755 2746 4808 πολλὰ
2804 4762 3192 4827 παραινοῦντες,
3264 4754 3599 4830 παράκλησιν
3673 4749 3882 4816 imber“,

2373 4854 2476 4898 τῶν
2553 4848 3003 4918 προγεγενημένων
3091 4845 3580 4916 ὑπομιμνήσκοντες
3677 4837 3882 4918 σωὴιῶξι

2373 4931 2464 4987 εἶθ’
2517 4933 2684 5005 ἐώρων
2756 4936 2843 4985 τὸν
2895 4936 2983 5004 μὲν
3058 4931 3440 5006 ἐξαρνούμενος,
3507 4931 3812 5000 ἐνισταμένους
3849 4912 3882 4966 δέ

2371 5028 2491 5086 τοὺς
2581 5024 2923 5094 κατηγόρους,
3017 5028 3107 5074 καὶ
3221 5018 3515 5092 διελέγχειν
3606 5015 3878 5090 πειρωμένθνές

2374 5113 2624 5172 συνῆλθον
2674 5112 2740 5172 εἰς
2803 5115 2860 5164 τὸ
2925 5108 3214 5183 συνέδριον.
3256 5110 3514 5163 Ἐνταῦθα
3567 5107 3784 5178 Μαλχίων
3824 5112 3875 5148 τις)

3017 5028 3107 5074 καὶ

2369 5207 2615 5276 πρότερον
2677 5204 2767 5272 μὲν
2831 5207 3147 5273 σοφιστικῆς
3215 5197 3498 5273 διατριϐῆς
3570 5197 3648 5250 ἐπὶ
3706 5188 3781 5251 τῆς
3815 5185 3873 5236 ’Ᾱν

2368 5296 2554 5363 τιόχου
2637 5299 2735 5342 τῶν
2807 5289 2921 5343 καθ’
2989 5288 3237 5352 Ἕλληνας
3305 5289 3466 5360 λόγων
3538 5286 3766 5361 προστὰς,
3825 5288 3870 5321 ³⁸

2368 5379 2735 5452 πρεσϐυτερίου
2786 5376 2864 5446 δὲ,
2931 5376 3024 5432 δια
3076 5384 3169 5437 την
3219 5379 3288 5441 εἰς
3339 5381 3572 5452 Χριστόν
3625 5378 3788 5434 πίστιν,
3826 5374 3866 5409 τε

2369 5474 2462 5527 τὴν
2524 5465 2664 5521 ἰδίαν
2708 5467 2892 5541 ἀρετὴν
2947 5488 3080 5540 μετα
3107 5476 3274 5521 ταῦτα
3323 5468 3638 5539 ἠξιωμένος·
3691 5461 3864 5513 οὗτθςεί

2378 5558 2564 5631 λόγους
2648 5560 2820 5631 ἐκείνῳ
2903 5557 3177 5635 παῤῥησιᾳ
3244 5557 3415 5614 ἐλθὼν,
3483 5552 3795 5627 ταχυγράφων
3837 5552 3860 5584 τ’
