4036 6288
162 341 317 396 1185

162 465 418 538 εἰρημένα
489 466 720 536 χάρταις
804 465 1210 535 σημειουμένων,
1287 458 1519 531 ἐξήλεγξέ
1587 476 1640 510 τε
1690 459 1854 512 καὶΑ

160 557 227 607 τὸ
303 551 587 629 κρυψνοίυν
652 553 845 605 ἐκείνου
924 556 1014 604 καὶ
1067 549 1268 611 ἀπάτης
1321 553 1477 622 γέμον
1541 548 1781 620 φωράσαι

159 647 261 695 καὶ
323 646 445 704 τοὺς
506 642 685 703 ἄλλους
749 645 1017 700 πεποίηκε.
1091 645 1190 694 Καὶ
1248 645 1418 692 τοίνυν
1486 632 1782 709 ἑτερόδοξος

163 733 454 804 φωραθεὶς,
513 733 578 792 ὡς
629 730 868 804 ἀρχηρός
924 730 1019 791 τῆς
1073 731 1338 802 αἱρέσεως,
1397 735 1491 788 τῆς
1544 727 1642 779 ὑπὸ
1692 728 1780 777 τὸν

161 824 389 893 ούρανόν
455 819 737 880 καθολικῆς
801 818 1111 879 Ἐκκλησίας
1185 817 1504 889 ἐκκηρυκτος
1558 818 1776 885 γίνεται.

165 916 278 964 Καὶ
350 918 441 962 τοῦ
513 910 706 983 κλήρου
781 913 870 982 μὲν
939 909 1178 981 ἐξάγεται
1253 917 1349 961 τῶν
1419 914 1615 959 πιστῶν
1646 921 1658 933 ·
1721 903 1779 956 ού

161 1000 278 1073 μὴν
342 996 402 1053 δὲ
457 997 584 1052 ἀλλὰ
639 1003 728 1052 καὶ
777 1008 873 1060 τῆς
928 999 1239 1060 Ἐκκλησίας
1306 1000 1619 1069 ἐκρίπτεται.
1680 998 1779 1046 Καὶ

161 1098 370 1162 Δομνος
417 1088 522 1142 ἀντ’
576 1089 735 1142 αὐτοῦ
789 1097 882 1151 τῆς
928 1089 1210 1160 Ἀντιόχου
1260 1091 1381 1148 τοὺς
1431 1088 1612 1146 οἴακας
1642 1085 1779 1154 ἐγκε-

164 1185 294 1253 χείρ
304 1199 438 1234 ιστο.

1220 331 1783 391 ECCLESIASTlC/E
1822 331 2178 388 HISTORIIE
2217 332 2356 387 LIB.
2399 333 2485 386 Vl.

3402 328 3541 383 1186

1891 455 2072 512 ﬁdem
2145 456 2632 527 singularemque
2687 455 2987 519 virtutem,
3048 453 3125 511 ad
3190 452 3542 522 dignitatem

1893 545 2239 618 presbyterii
2304 549 2545 601 evectus
2610 544 2822 611 fuerat,
2881 560 3020 598 cum
3069 558 3139 598 eo
3187 541 3246 597 in
3300 540 3543 614 publico

1891 636 2193 708 colloquio
2211 651 2596 706 congressus,
2625 633 2920 688 celeribus
2943 633 3212 698 notariis,
3237 632 3340 704 qui
3361 632 3545 687 verba

1891 724 2098 781 omnia
2153 725 2372 780 chartis
2411 723 2767 796 exciperent,
2809 721 3137 793 dispositis,
3186 721 3352 777 illum
3407 737 3546 776 con-

1892 814 2062 869 vicit:
2095 820 2152 868 et
2181 817 2402 868 tectum
2433 813 2836 882 latentemque
2864 811 2993 882 ejus
3024 826 3270 866 sensum
3305 808 3547 864 fraudu-

1891 903 2049 958 lenta
2093 902 2438 957 seductione
2491 900 2738 972 plenum
2783 900 2865 956 ita
2915 900 2973 954 in
3031 899 3226 954 lucem
3280 897 3544 970 protulit,

1893 997 1955 1046 ut
2009 1007 2148 1046 eum
2199 990 2297 1046 alii
2342 1006 2583 1062 quoque
2635 988 2949 1044 manifesto
3003 987 3542 1059 deprehenderent.

1892 1083 2093 1152 Itaque
2121 1079 2318 1136 aliena
2349 1079 2580 1150 opinari
2611 1085 2788 1149 atque
2809 1078 3022 1134 docere
3049 1077 3381 1140 convictus,
3409 1080 3465 1132 et
3488 1082 3550 1133 ut

1887 1169 2133 1224 haeresis
2176 1169 2299 1224 dux
2331 1173 2387 1225 et
2437 1173 2664 1234 auctor,
2709 1183 2742 1224 a
2782 1167 3076 1223 catholica
3117 1172 3172 1222 et
3205 1165 3545 1224 universali,

168 1250 411 1326 Christo
440 1267 836 1337 decertantes,
871 1283 1009 1323 cum
1038 1281 1262 1336 magna
1290 1265 1632 1322 animorum
1670 1257 1871 1316 laetitia
1920 1258 2307 1314 libentissime
2346 1273 2693 1329 supremam
2724 1256 3102 1328 excipiebant
3139 1255 3495 1311 sententiam
3530 1250 3546 1293 ³

167 1373 370 1431 usque
400 1356 572 1423 adeo,
624 1362 688 1412 ut
718 1371 856 1412 cum
889 1355 1218 1427 gratiarum
1257 1355 1488 1412 actione
1519 1352 1597 1409 ad
1644 1350 1828 1406 ﬁnem
1871 1363 2060 1420 usque
2090 1362 2384 1420 perquam
2415 1347 2692 1403 decenter
2736 1346 2999 1418 hymnos
3045 1346 3375 1417 laudesque
3428 1347 3546 1400 Deo

166 1451 478 1504 canerent.

774 1546 1023 1598 ΚΕΦΑΛ.
1066 1544 1199 1598 KG’.

2501 1533 2727 1590 CAPUT
2768 1534 2943 1589 XXIX.

171 1634 304 1718 Οἴει
358 1634 383 1684 ό
443 1631 757 1718 βασιλεὺς
811 1631 1215 1718 ᾼύρηλιανόνς
1269 1635 1413 1718 περὶ
1464 1637 1572 1718 τῆς
1613 1645 1788 1681 συνο-

1909 1624 2038 1691 Quae
2054 1623 2382 1718 imperator
2402 1624 2448 1677 Α
2455 1623 2786 1718 μνειὶανιιιε,
2788 1624 2860 1679 de
2879 1622 3170 1692 suffragio
3183 1627 3237 1677 et
3254 1622 3546 1718 sententia

252 1701 454 1767 δικῆς
507 1703 722 1776 ψήφου
780 1701 953 1756 εἶπέ·
1001 1709 1108 1756 καὶ
1164 1706 1238 1765 ὡς
1274 1701 1412 1776 καθ’
1461 1704 1630 1776 ἡμῶν
1688 1719 1786 1750 κι-

248 1773 554 1849 νούμενος
594 1773 701 1830 καὶ
741 1776 942 1844 οὗτος,
983 1777 1216 1828 ἄνωθεν
1265 1773 1606 1846 ἐπεσχέθη.

248 1929 393 1982 Ἐπεὶ
451 1924 501 1980 δ’
556 1927 846 1980 ἀντιτείνων
899 1929 924 1978 ὁ
980 1927 1201 1996 Παῦλος,
1266 1932 1356 1978 καὶ
1411 1928 1486 1978 ἔτι
1551 1941 1790 1996 παρακα-

171 2022 354 2090 τέχειν
418 2022 513 2075 τὴν
585 2025 680 2078 τῆς
745 2015 1062 2078 Ἐκκλησίας
1134 2017 1448 2068 ἐπιστασίαν
1519 2013 1787 2084 ἠϐούλετο,

175 2112 250 2180 μὴ
307 2109 366 2158 τό
427 2114 487 2178 τῇ
560 2102 766 2177 συνόδῳ
818 2102 976 2168 δόξαν
1035 2110 1269 2177 στέργειν
1320 2106 1640 2178 αἱρούμενος,
1706 2101 1790 2153 ἐπὶ

174 2195 502 2268 Αύρηλιανόν
572 2202 862 2254 τηνικαῦτα
931 2202 1022 2256 τῆς
1101 2193 1279 2268 ἀρχῆς
1360 2199 1454 2252 τὴν
1515 2195 1790 2266 ἡγεμονίαν

177 2281 448 2349 διέποντα,
509 2289 603 2343 τὴν
665 2287 972 2357 θρασύτητα
1030 2292 1121 2337 τοῦ
1177 2283 1383 2336 Παύλου
1438 2282 1691 2356 ἀνέφερον.
1731 2279 1792 2332 '0

179 2371 241 2426 δὲ
307 2375 574 2426 ὁσιώτατα
630 2379 747 2447 περὶ
805 2381 898 2426 τοῦ
973 2377 1233 2446 πρακτέου
1299 2369 1598 2444 διείληφεν’
1668 2373 1794 2422 ὲκεί-

175 2483 284 2524 νοις
336 2461 403 2521 δὴ
455 2466 544 2514 τὸν
612 2465 789 2536 θρόνον
853 2465 1253 2537 ἓγχειρισθῆναι
1311 2461 1545 2525 κελεύων,
1602 2461 1678 2522 οἷς
1733 2458 1792 2511 ἂν

178 2555 232 2605 οἱ
296 2561 392 2614 τῆς
469 2551 670 2624 Ῥώμης
748 2553 1028 2604 έπίσκοποι
1111 2551 1489 2611 ἐπιστέλλοντες
1573 2546 1795 2607 εὐδοκὴ-

182 2660 351 2696 σαιεν.
402 2641 463 2694 Εἰ
509 2643 611 2714 γὰρ
649 2645 737 2693 καὶ
771 2648 833 2713 τῇ
893 2637 1158 2712 δαιμόνων
1193 2642 1439 2712 θεραπείᾳ
1467 2641 1794 2710 κατάσχετος

183 2726 274 2794 ἦν,
329 2727 530 2782 δίκαιόν
587 2748 646 2800 γε
703 2733 826 2790 τέως
877 2732 1042 2802 ἔκρινε
1095 2733 1179 2781 τόν
1236 2737 1298 2800 τῇ
1349 2737 1448 2780 τῶν
1492 2729 1796 2800 όμοπίστων

191 2817 512 2889 ἀντιλέγοντα
564 2818 724 2891 ψήφῳ
785 2827 874 2879 τῆς
929 2817 1131 2870 ἆκείνων
1196 2822 1496 2890 συμμορίας
1562 2816 1798 2888 ἀποτμη·

194 2908 363 2964 θῆναι.
416 2907 520 2960 Καὶ
573 2907 600 2957 ό
656 2910 746 2978 μὲν
803 2907 968 2968 οὕτως
1009 2907 1197 2958 ἐκεῖθεν
1247 2906 1305 2957 ού
1335 2909 1488 2977 μόνον
1531 2907 1677 2978 παρὰ
1703 2913 1798 2966 τῆς

1970 1696 2254 1763 synodali
2266 1695 2522 1751 dixerit:
2556 1702 2610 1750 et
2637 1700 2699 1748 ut
2723 1695 2873 1750 idem
2894 1709 3124 1765 quoque
3140 1698 3349 1749 contra
3369 1693 3549 1749 Chri-

1969 1767 2191 1893 stipinos
2220 1767 2682 1837 persecutionem
2725 1766 2991 1830 moliens,
3025 1765 3254 1822 caelitus
3285 1767 3360 1820 sit
3384 1781 3547 1836 pra:-

1969 1854 2042 1908 pe
2086 1847 2225 1894 uus.

1975 1928 2255 1984 Sedenim
2308 1943 2445 1982 cum
2502 1926 2721 1983 Paulus
2765 1930 2973 1982 contra
3011 1926 3311 1994 niteretur,
3361 1925 3554 1980 Eccle-

1902 2017 2125 2088 siasque
2155 2016 2736 2072 administrationem
2764 2016 3014 2072 retinere
3042 2022 3378 2082 conaretur,
3408 2019 3464 2070 et
3492 2017 3553 2070 in

1902 2106 2117 2177 synodi
2140 2107 2376 2162 decreto
2407 2107 2785 2177 acquiescere
2818 2105 3015 2174 nollet,
3041 2106 3298 2161 audacia
3319 2105 3446 2176 ejus
3473 2104 3551 2160 ad

1903 2195 2284 2251 Aurelianum
2317 2200 2443 2250 tum
2477 2196 2872 2266 imperantem
2914 2193 3090 2266 423
3121 2201 3208 2250 est
3247 2194 3465 2250 delata.
3498 2198 3550 2249 ls

1905 2285 2278 2340 sanctissime
2306 2284 2380 2340 de
2423 2300 2495 2340 ea
2524 2300 2585 2339 re
2616 2284 2934 2347 constituit,
2964 2286 3047 2338 eis
3078 2284 3294 2339 scilicet
3320 2284 3551 2354 episco-

1901 2380 2112 2445 patum
2167 2373 2442 2429 mandari
2489 2373 2732 2445 jubens,
2781 2389 2935 2445 quos
2978 2373 3157 2428 Italici
3189 2380 3243 2429 et
3300 2373 3554 2428 Romani

1903 2461 2166 2535 episcopi
2221 2463 2430 2518 litteris
2475 2463 2596 2517 suis
2635 2462 3131 2534 comprobassent
3157 2463 3258 2534 (1).
3312 2461 3554 2517 Etiamsi

1903 2553 2063 2608 enim
2107 2551 2452 2608 daemonum
2506 2552 2688 2606 cultui
2719 2551 2957 2606 deditus
2989 2557 3162 2617 esset,
3194 2558 3318 2606 tum
3355 2558 3555 2607 tamen

1903 2644 2070 2715 quod
2095 2643 2326 2713 justnm
2357 2645 2510 2696 esset
2552 2641 2862 2712 judicavit,
2923 2647 2981 2696 ut
3015 2641 3117 2714 qui
3162 2641 3220 2696 in
3253 2641 3392 2696 ﬁdei
3421 2657 3558 2712 pro-

1905 2730 2165 2786 fessione
2182 2730 2689 2786 consentientibus
2709 2737 3107 2802 responsaret,
3127 2730 3556 2801 decretumque

1905 2837 2113 2876 eorum
2158 2825 2580 2884 contemneret,
2632 2819 2710 2874 ab
2755 2818 2968 2874 ilorum
3002 2819 3312 2874 sodalitate
3343 2825 3398 2874 et
3435 2819 3558 2874 col-

1905 2909 2060 2979 legio
2085 2915 2468 2965 resecaretur.
2500 2909 2586 2964 lta
2615 2908 2832 2964 Paulus
2865 2908 2942 2963 ab
2975 2907 3251 2974 Ecclesia,
3279 2924 3400 2963 non
3433 2915 3559 2964 tan-

186 2996 326 3067 ἱερᾶς
358 2993 557 3068 ἀρχῆς,
617 2994 746 3046 ἀλλὰ
794 3000 883 3048 καὶ
937 2999 1082 3070 παρὰ
1120 3003 1213 3058 τῆς
1261 3002 1522 3067 κοσμικῆς
1558 2994 1794 3066 αἰσχρῶς

1909 3004 2034 3053 tum
2066 3015 2102 3054 a
2130 3014 2300 3054 sacra
2331 3004 2388 3054 et
2417 2998 2839 3063 ecclesiastica,
2891 3014 3102 3054 verum
3149 2999 3330 3054 etiam
3362 3014 3397 3053 a
3422 3014 3556 3068 pro-

181 3083 523 3147 ἐξελαύνεται.
582 3089 684 3138 Καὶ
740 3089 855 3137 τότε
907 3087 996 3156 μὲν
1060 3093 1290 3144 τοιοῦτος
1354 3080 1414 3142 ἦν
1475 3088 1593 3158 περὶ
1657 3085 1797 3156 ἡμᾶς

178 3173 504 3245 Αύρηλιανός
537 3191 549 3203 ·
623 3177 801 3245 χρόνῳ
885 3170 943 3226 δὲ
1019 3179 1326 3249 προκόπτων
1389 3173 1436 3224 ἐν
1501 3181 1562 3231 τῆ
1626 3171 1794 3245 ἀρχῇ,

180 3261 387 3314 ἀλλοῖόν
458 3281 509 3314 τι
591 3270 789 3336 φρονεῖν
866 3264 1010 3336 παρά
1082 3283 1232 3315 τινων
1304 3262 1611 3315 ἀνεπείθετο.
1698 3265 1798 3315 Καὶ

179 3351 357 3424 ἠρέμα
405 3355 495 3403 καὶ
533 3351 684 3412 οὗτος
741 3347 980 3423 διωγμόν
1033 3352 1153 3403 καθ’
1193 3353 1340 3422 ἡμῶν
1395 3352 1608 3424 ἐγείρειν
1661 3352 1799 3409 ύπη-

179 3441 438 3510 ρεθίςετο.
500 3441 602 3494 Καὶ
665 3439 816 3510 λόγος
885 3439 979 3491 οὐκ
1033 3440 1321 3511 ἐλάχιστος
1399 3447 1490 3492 τοῦ
1558 3436 1797 3510 διωγμοῦ

183 3525 536 3602 διεθρυλλείτο
612 3528 944 3600 ἁπανταχοῦ.
1034 3529 1180 3583 Ἐπεὶ
1263 3525 1323 3580 δὲ
1411 3528 1558 3601 μόλις
1642 3528 1796 3594 εἴξας,

186 3615 385 3690 ἁπάρτι
447 3622 538 3670 καὶ
621 3620 1126 3692 παρασημειοῦσθαι
1190 3620 1258 3670 τὰ
1310 3620 1446 3670 κατὰ
1505 3619 1600 3679 τῆς
1659 3617 1799 3670 εύσε-

188 3704 336 3768 ϐείας
386 3706 558 3779 ἔμελλε
604 3709 910 3780 γράμματα,
956 3709 1067 3760 θεία
1121 3711 1298 3779 μετῄει
1356 3704 1499 3771 δίκη,
1539 3707 1594 3770 ἒξ
1633 3710 1798 3758 αὐτῶν

185 3795 433 3865 ἀγκώνων
509 3803 600 3848 τοῦ
678 3804 909 3869 πονηροῦ
983 3800 1222 3869 γραφέως
1294 3798 1385 3857 τὰς
1441 3803 1628 3870 χεῖρας
1685 3795 1800 3848 έπέ-

184 3904 390 3955 χουσο,
451 3884 764 3958 έμφιίνουσοί
820 3905 876 3938 τε
924 3891 1107 3955 πᾶσιν,
1159 3888 1229 3946 ὡς
1285 3885 1379 3937 ούκ
1427 3888 1488 3937 ἄν
1543 3905 1665 3938 ποτε
1694 3892 1800 3946 τοῖς

183 3973 304 4027 καθ’
366 3974 514 4046 ἡμῶν
595 3980 917 4047 κινουμένοις
967 3975 1018 4026 ἐν
1082 3976 1325 4049 ῥᾳστώνη
1382 3979 1580 4044 γένοιτο
1637 3977 1801 4047 πράτ-

190 4082 297 4115 τειν
345 4067 405 4115 τὸ
445 4066 830 4138 παριστάμενον
887 4071 1002 4124 ταῖς
1056 4063 1216 4116 αὐτοῦ
1259 4063 1582 4134 ἐκκλησίαις,
1636 4064 1680 4117 εἰ
1725 4069 1796 4136 μὴ

185 4147 437 4216 παιδείας
489 4155 635 4206 ἕνεκα
681 4159 768 4206 καὶ
819 4152 1180 4226 ἐπιστροφῆς·
1233 4154 1350 4206 καθ’
1405 4154 1490 4214 οὖς
1532 4153 1592 4205 ἂν
1633 4153 1796 4212 ἐκείνη

183 4246 405 4314 καιροὺς
486 4239 880 4314 δοκιμάζουσα,
965 4242 1172 4318 ἀρῥήτῳ
1252 4248 1427 4316 κρίσει
1503 4250 1801 4318 συγχωρεῖν

182 4330 372 4386 ἕλοιτο.
421 4332 567 4384 Ἐπεὶ
630 4328 678 4384 δ’
732 4333 756 4383 ό
802 4335 1134 4404 Σαμοσατεὺς
1170 4333 1280 4402 μετ’
1336 4332 1598 4404 αἰσχύνης
1638 4333 1794 4390 ἀπήλ-

1911 4333 2076 4406 quod
2135 4335 2550 4390 constituerint
2619 4334 2957 4406 perﬁcere:

181 4419 362 4485 λακτο,
415 4419 587 4473 οἰέπὶ
643 4425 802 4473 ταυτὸ
859 4417 1245 4495 συνδραμόντες
1305 4426 1561 4493 ποιμένες,
1623 4427 1799 4480 κοινὴν

1028 4510 1100 4570 εἰς
1169 4514 1447 4583 πρόσωπον
1523 4520 1614 4564 τοῦ
1682 4510 1802 4564 Ῥω.

183 4603 361 4672 μαίων
423 4598 710 4652 ἐπισκόπου
769 4603 1063 4660 Διονυσίου,
1122 4605 1210 4652 καὶ
1265 4607 1354 4652 τοῦ
1404 4596 1801 4676 ’Δλεξανδρείας

183 4687 509 4759 Μαξιμίνου,
563 4686 874 4761 ἁπανταχοῦ
932 4697 1028 4750 τῆς
1086 4695 1185 4759 γῆς
1237 4685 1623 4761 διαπέμπονται
1669 4693 1802 4762 πρὸς

175 4776 366 4830 λεπτὸν
413 4777 480 4829 τὰ
525 4785 620 4840 τῆς
673 4774 897 4830 συνόδου
938 4773 1337 4850 ἐκδιηγούμενοι
1364 4777 1376 4792 ⁸
1405 4782 1500 4835 τήν
1535 4798 1588 4831 τε
1629 4779 1802 4832 αὐτῶν

187 4863 454 4930 σπουδὴν,
507 4869 600 4924 τήν
659 4885 714 4919 τε
769 4874 862 4919 τοῦ
915 4866 1123 4919 Παύλου
1181 4863 1527 4942 δυστροπίαν,
1587 4871 1680 4930 τάς
1746 4888 1800 4921 τε

187 4952 448 5018 διαλέξεις
498 4957 593 5017 τὰς
646 4958 726 5008 ἐπὶ
787 4963 982 5022 κοινοῦ,
1037 4961 1129 5008 καὶ
1181 4961 1304 5020 τοὺς
1357 4957 1610 5030 ἐλέγχους
1643 4975 1654 4986 ·
1709 4963 1802 5010 καὶ

183 4509 466 4569 ἐπιστολὴν
541 4510 948 4584 ἑγχαράξαντες,

181 5045 260 5095 ἑτι
317 5047 404 5096 τόν
452 5049 641 5119 τρόπον
693 5049 783 5096 καὶ
837 5049 928 5104 τὴν
987 5043 1274 5098 ἀκόλαστον
1330 5048 1520 5100 ἑκείνου
1589 5043 1796 5100 δίαιτάν

262 5149 342 5292 ἐς)
372 5151 582 5206 Euseb.
609 5150 716 5206 lib.
751 5167 847 5220 vn,
882 5168 1016 5222 cap.
1053 5155 1142 5207 30.

285 5224 341 5292 2)
397 5222 754 5277 Aurelianus
803 5229 858 5277 et
898 5225 1028 5292 ipse
1084 5240 1142 5292 pc

285 5224 341 5294 2)
392 5222 754 5294 Aurelianus
803 5229 858 5277 et
898 5225 1028 5292 ipse
1084 5225 1561 5294 persecutionem
1594 5230 1802 5280 contra

191 5292 556 5367 Christianos
585 5293 857 5367 molitur:
881 5316 908 5344 «
933 5292 1162 5349 Primus
1189 5296 1286 5350 hic
1313 5296 1475 5367 apud
1497 5299 1800 5352 Romanos

190 5364 472 5421 diadema
491 5365 673 5436 capiti
701 5366 988 5438 innexuit,
1016 5364 1394 5438 gemmisque
1427 5375 1481 5423 et
1502 5369 1668 5423 omni
1700 5383 1802 5422 au-

187 5440 323 5492 rata
347 5444 528 5500 veste,
554 5437 720 5508 quod
745 5437 824 5492 ad
854 5437 911 5492 id
942 5444 1179 5507 tempus
1213 5437 1495 5494 Romanis
1526 5439 1802 5494 moribus

191 5508 566 5580 incognitum
600 5509 726 5578 fuit,
765 5525 908 5562 usus
946 5516 1056 5563 est.
1093 5531 1122 5558 »
1155 5511 1365 5580 (Eutr.)

266 5579 342 5649 (3)
394 5579 752 5634 Aurelianus
805 5595 941 5634 cum
989 5579 1467 5650 persecutionem
1505 5583 1798 5637 adversus

194 5650 586 5716 Christianos,
618 5666 817 5708 nonus
860 5667 896 5707 a
923 5653 1151 5710 Nerone
1176 5652 1538 5721 decerneret,
1571 5652 1799 5710 fulmen

1908 3089 2049 3143 fana
2092 3092 2150 3143 et
2197 3087 2508 3143 mundana
2562 3092 2853 3159 potestate
2904 3087 3150 3159 turpiter
3183 3093 3270 3142 est
3313 3087 3549 3158 pulsus.

1908 3176 2259 3232 Aurelianus
2316 3182 2516 3232 autem
2567 3181 2692 3232 tum
2741 3176 2989 3248 quidem
3035 3182 3155 3232 tam
3210 3193 3453 3248 aequum
3495 3191 3558 3231 se

1907 3281 2050 3336 erga
2075 3282 2184 3321 nos
2216 3266 2490 3337 praebuit.
2519 3265 2874 3320 Procedente
2908 3281 3068 3331 vero,
3105 3281 3226 3320 una
3257 3282 3392 3320 cum
3419 3272 3561 3320 tem-

1909 3370 2073 3427 pore,
2117 3355 2368 3427 imperio
2400 3356 2552 3426 ejus,
2583 3360 2645 3410 ut
2693 3354 2810 3410 alio
2848 3355 2908 3410 in
2943 3371 3051 3411 nos
3083 3361 3235 3411 esset
3264 3354 3489 3419 animo,
3525 3369 3561 3410 a

1908 3445 2275 3518 quibusdam
2299 3445 2769 3516 persuadebatur
2793 3461 2805 3499 :
2837 3443 3247 3516 paulatimque
3273 3449 3333 3498 ut
3360 3449 3414 3498 et
3435 3443 3562 3514 ipse

1908 3535 2383 3606 persecutionem
2436 3534 2722 3589 adversus
2754 3533 3117 3589 Christianos
3169 3538 3433 3588 moveret
3460 3534 3560 3602 (2),

1911 3623 2289 3678 incitabatur.
2312 3621 2376 3677 Et
2399 3621 2525 3693 jam
2546 3637 2665 3677 non
2693 3622 2976 3677 minimus
3007 3637 3212 3676 rumor
3232 3621 3304 3675 de
3339 3637 3410 3676 ea
3429 3637 3564 3692 pas-

1911 3711 2026 3766 sim
2057 3711 2525 3766 increbescebat.
2584 3713 2849 3783 Cumque
2905 3711 2998 3766 vix
3032 3709 3272 3764 tandem
3307 3710 3564 3764 suaden-

1909 3800 2066 3854 tibus
2119 3800 2371 3864 cederet,
2432 3805 2488 3855 et
2551 3799 2925 3854 subscribere
2975 3799 3178 3854 litteris
3252 3798 3358 3864 eis,
3427 3814 3564 3870 quas

1909 3895 2117 3944 contra
2171 3904 2374 3944 veram
2428 3887 2708 3960 pietatem
2766 3889 2933 3944 editae
2981 3887 3236 3951 fuerant,
3291 3888 3563 3952 deberet,

1909 3977 2229 4050 derepente
2265 3977 2468 4032 divina
2487 3977 2957 4033 adfuitvindicta
2987 3978 3086 4048 (3),
3119 3993 3254 4048 quae
3285 3993 3405 4034 una
3427 3993 3566 4033 cum

1912 4067 2043 4138 ipso
2070 4067 2272 4122 cubito
2301 4067 2560 4137 improbi
2603 4067 2811 4121 scribae
2867 4082 3084 4122 manus
3110 4065 3389 4131 inhibuit,
3441 4082 3568 4121 om-

1911 4156 2088 4211 nibus
2121 4157 2263 4211 satis
2285 4155 2620 4219 declarans,
2655 4171 2774 4210 non
2807 4170 3045 4226 semper
3079 4155 3160 4209 eis
3205 4155 3309 4226 qui
3339 4155 3400 4210 in
3457 4171 3568 4210 nos

1911 4251 2384 4310 commoventur,
2415 4244 2585 4300 facile
2637 4261 2766 4299 esse
2797 4243 3088 4300 adversus
3120 4243 3399 4300 ecclesias
3441 4245 3568 4316 ejus

3016 4333 3129 4388 nisi
3185 4333 3284 4388 illa
3343 4348 3568 4389 arcano

1912 4425 2266 4494 occultoque
2312 4424 2558 4492 judicio,
2612 4439 2735 4495 quo
2791 4423 2842 4478 ei
2901 4424 3095 4478 visum
3144 4430 3227 4478 est
3276 4428 3566 4494 tempore,

1913 4512 2352 4584 explorationis,
2390 4513 2798 4581 castigationis
2830 4517 2883 4566 et
2905 4511 3315 4567 conversionis
3342 4516 3568 4566 nostras

1913 4601 2122 4670 gratia,
2176 4601 2236 4655 id
2267 4601 2620 4671 permiserit.
2673 4604 2849 4656 Porro
2883 4603 3278 4656 Samosateno
3309 4598 3386 4655 ad
3429 4615 3571 4655 eum

1913 4689 2164 4744 modum
2177 4689 2416 4759 rejecto,
2431 4689 2816 4745 ecclesiarum
2831 4696 3100 4760 pastores
3112 4690 3560 4756 convenientes,

1912 4779 1990 4834 ad
2043 4778 2392 4850 Dionysium
2440 4781 2776 4834 Romanum
2806 4784 2862 4834 et
2894 4779 3278 4834 Maximinum
3319 4777 3566 4834 Alexan-

1912 4867 2153 4922 drinum
2183 4867 2499 4938 episcopos
2529 4883 2912 4923 communem
2942 4868 3428 4938 conscripserunt
3451 4868 3575 4937 epi-

1913 4956 2146 5017 stolam,
2183 4971 2440 5029 eamque
2466 4957 2544 5012 ad
2565 4957 2770 5012 omnia
2802 4963 2965 5011 terrae
2995 4956 3126 5011 loca
3161 4958 3481 5011 miserunt:
3505 4956 3568 5011 in

1911 5063 2034 5118 qua
2087 5045 2433 5117 plenissime
2482 5046 2699 5119 synodi
2744 5051 2895 5113 acta,
2948 5045 3220 5102 "videlicet
3273 5047 3568 5102 eximium

1912 5158 2046 5208 ante
2077 5168 2215 5207 eum
2247 5167 2470 5222 magno
2512 5153 3023 5224 circumstantium
3067 5168 3287 5224 pavore
3316 5153 3450 5208 ruit.
3483 5155 3567 5207 Ac

1911 5240 2034 5279 non
2092 5224 2276 5279 multo
2310 5231 2446 5295 post
2476 5225 2624 5278 inter
2676 5223 3254 5295 Constantinopolim
3286 5231 3340 5278 et
3392 5226 3565 5280 Hera-

1913 5295 2122 5358 cleam,
2147 5294 2763 5351 Mnestheinotariisui
2794 5294 3020 5367 fraude,
3046 5294 3147 5366 qui
3165 5295 3241 5350 ad
3262 5295 3567 5367 quosdam

1914 5367 2198 5422 militares
2246 5367 2473 5422 amicos
2528 5367 2680 5437 ejus,
2728 5366 2974 5421 nomina
3024 5382 3232 5421 eorum
3279 5366 3566 5422 adnotata

1913 5437 2174 5508 pertulit,
2219 5437 2368 5493 falso
2403 5454 2648 5493 manum
2677 5438 2829 5492 illius
2871 5438 3161 5500 imitatus,
3198 5438 3442 5508 perinde
3481 5443 3564 5494 at-

1913 5525 2030 5582 que
2073 5510 2424 5582 Aurelianus
2449 5526 2550 5582 eos
2583 5509 2910 5582 interﬁcere
2940 5511 3360 5578 constituisset,
3387 5511 3539 5566 occi-

1915 5580 2018 5637 sus
2047 5586 2155 5638 est.
2182 5581 2449 5654 (Eutrop.
2485 5581 2561 5637 Fl.
2590 5580 2932 5654 Vopiscus).
