4036 6288
571 311 706 366 1187

1877 307 2257 365 NICEPHORI
2300 307 2620 364 CALLISTI
3735 311 3825 366 1188

568 435 832 491 studiam
891 451 1094 504 suum,
1135 438 1192 490 et
1244 432 1405 490 Pauli
1457 447 1694 490 morum
1753 433 2162 506 improbitate:

2258 438 2304 490 A
2336 453 2390 487 τε
2447 438 2536 487 καὶ
2587 433 2773 505 βιοτήν
2812 449 2826 464 ·
2860 431 2913 496 ἐξ
2966 432 3032 494 ἧς
3075 430 3228 504 ὀλίγα
3273 432 3560 504 παραθεῖναι
3599 439 3658 502 τῷ
3682 441 3826 507 παρόντι

569 523 1128 596 disputationesque
1167 529 1224 580 et
1253 523 1693 579 confutationes
1715 523 2007 594 publicas,
2045 529 2229 596 atque

568 613 873 685 impuram
903 613 1394 684 impudicamque
1419 613 1685 668 hominis
1722 613 1901 669 vitam
1933 628 2230 684 exposue-

569 708 730 759 runt.
766 702 931 760 Unde
957 718 1153 775 pauca
1183 702 1467 774 quaedam
1499 701 1619 760 huc
1645 699 1852 758 aﬂ‘erre
1875 702 2119 775 placuit.

1094 826 1274 900 424
1299 828 1522 883 CAPUT
1561 828 1709 884 xxx.

572 933 848 1006 Epistola
859 935 1073 1006 synodi
1089 935 1490 1000 Antiochenw,
1514 934 1968 991 immoderatam
1981 940 2033 990 et
2051 935 2225 990 luxu-

809 1005 1027 1063 riosam
1048 1005 1424 1062 Samosatem'
1453 1007 1637 1063 vitam
1665 1022 1983 1077 exponens.

642 1133 704 1188 Et
736 1131 853 1188 alia
890 1131 1138 1203 quidem
1170 1131 1620 1202 praetermittam
1660 1145 1672 1184 :
1704 1148 1839 1204 quas
1861 1147 1998 1187 vero
2027 1146 2226 1187 mores

571 1221 723 1292 ejus,
752 1220 933 1276 veluti
977 1221 1036 1275 in
1089 1220 1438 1276 columnam
1484 1221 1694 1285 incisa,
1745 1220 2069 1291 declarant,
2099 1235 2227 1291 per-

575 1325 836 1366 curram.
870 1312 951 1366 Ea
987 1310 1073 1365 sic
1101 1309 1361 1365 habent:
1423 1332 1450 1360 «
1485 1313 1806 1382 Postquam
1845 1326 1882 1365 a
1910 1325 2140 1365 canone
2170 1314 2228 1366 et

570 1399 780 1470 regula
837 1399 1080 1454 sincerae
1125 1399 1410 1454 doctrinas
1440 1397 1765 1470 digressus,
1811 1399 1887 1454 ad
1918 1398 2227 1468 illegitima

575 1495 632 1545 et
684 1487 1019 1544 adulterina
1067 1487 1356 1558 dogmata
1413 1487 1683 1550 descivit,
1739 1487 1884 1542 nihil
1931 1504 2085 1560 opus
2137 1492 2228 1544 est

574 1579 839 1634 actiones
883 1577 1012 1648 ejus
1065 1583 1230 1632 extra
1262 1576 1586 1632 Ecclesiam
1626 1592 1972 1632 recensere:
2008 1592 2222 1648 neque,

572 1683 712 1723 cum
761 1667 924 1738 prius
974 1681 1204 1737 pauper
1259 1665 1435 1721 fuerit
1493 1673 1548 1721 et
1612 1665 1947 1730 mendicus,
2002 1667 2226 1738 quippe

2339 519 2546 576 δίκαιον
2577 527 2802 596 ἥγημαι.

2952 825 3195 880 ΚΕΦΑΛ.
3241 824 3320 877 Λ’.

2339 923 2684 992 Ἐπιστολὴ
2717 941 2787 993 τῆ
2811 931 2920 1003 ς-ἐν
2954 932 3322 1003 Ἀντιοχείᾳ
3361 927 3639 1003 συνόδου,
3665 934 3748 1003 τὴν
3768 942 3833 983 τοῦ

2337 1010 2756 1078 Σαμοσατέως
2816 999 3219 1076 διηγουμένη
3276 999 3616 1055 ἆκόλαστον
3670 999 3833 1058 δίαιυ.

2406 1132 2483 1182 Τὰ
2529 1134 2618 1202 μὲν
2668 1126 2753 1181 οὖν
2799 1129 2930 1181 ἄλλα
2955 1135 3182 1200 παρήσω
3213 1170 3224 1182 .
3259 1130 3358 1180 ὅσα
3410 1124 3456 1179 δ’
3507 1125 3562 1177 ἂν
3605 1129 3679 1178 τὸν
3715 1125 3836 1179 ἐκιίπν

2336 1220 2404 1279 ὡς
2485 1219 2534 1270 ἐν
2613 1223 2782 1291 στὴγη
2863 1214 2972 1290 βίον
3029 1213 3452 1289 διαγορεύουσιν,
3523 1212 3837 1288 ἐπιδραμοῦμαι,

2335 1315 2515 1360 τοῦτον
2546 1309 2882 1380 ὑφηγούμενοι
2912 1310 2996 1359 τόν
3046 1312 3234 1381 τρόπον
3268 1324 3280 1336 ’
3318 1329 3346 1358 ς(
3395 1304 3558 1357 Ὀπου
3597 1324 3648 1376 γε
3684 1303 3839 1362 ἀποστὰς

2334 1404 2423 1449 τοῦ
2471 1403 2701 1463 κανόνος,
2752 1399 2835 1448 ἐπὶ
2887 1392 3119 1454 κίϐδηλα
3169 1401 3260 1448 καὶ
3312 1397 3440 1448 νόθα
3491 1390 3842 1465 διδάγματιρετ-

2336 1485 2594 1556 ελὴλυθεν,
2672 1482 2822 1538 οὐδὲν
2905 1482 2989 1538 δεῖ
3070 1493 3163 1537 τοῦ
3241 1485 3336 1547 ἔξω
3388 1486 3529 1545 ὄντος
3574 1485 3658 1544 τὰς
3703 1483 3841 1555 πράξεις

2335 1581 2564 1651 κρίνειν·
2627 1572 2743 1628 οὐδ’
2799 1575 2883 1626 ὃτι
2941 1579 3193 1649 πρότερον
3245 1579 3399 1634 πένης
3451 1573 3516 1623 ὢν
3565 1577 3647 1624 καὶ
3688 1575 3838 1642 πτωχές,

2335 1665 2457 1738 μήτ’
2520 1664 2575 1717 ἐκ
2639 1669 2872 1739 πατέρων
2941 1663 3254 1738 παραλαϐὼν
3333 1659 3590 1735 μηδεμίαν
3664 1661 3835 1730 sumptu.

572 1755 676 1828 qui
710 1770 905 1827 neque
929 1771 965 1809 a
994 1753 1345 1825 parentibus
1386 1754 1816 1826 patrimonium
1852 1754 2095 1826 aliquod
2127 1771 2162 1810 a

2261 1792 2298 1844 Β
2335 1761 2469 1827 μήτε
2505 1753 2559 1806 ἐκ
2609 1759 2801 1825 τέχνης
2830 1757 2861 1811 ἧ
2931 1772 3064 1812 τινος
3123 1748 3536 1823 ἐπιτηδεύματος
3593 1753 3836 1821 κτησάμενος

571 1845 846 1916 cepisset,
868 1860 1063 1917 neque
1087 1849 1210 1899 arte
1230 1849 1332 1899 aut
1355 1843 1552 1899 studio
1575 1844 1864 1915 quopiam
1892 1844 2226 1916 quidquam

571 1939 861 2006 parasset,
897 1933 1062 2005 quod
1088 1933 1162 1987 ad
1188 1933 1517 1989 immensas
1549 1949 1693 2005 opes
1726 1949 1830 2005 per
1859 1933 2100 1988 fraudes
2121 1934 2227 1988 ini-

570 2023 896 2096 quissimas
945 2028 998 2078 et
1031 2021 1342 2092 sacrilegia
1395 2022 1760 2094 pervenerit:
1823 2038 2016 2094 neque
2047 2023 2225 2078 etiam

571 2127 707 2184 qum
764 2111 973 2166 fratres
1026 2112 1330 2166 excutiens
1384 2111 1658 2182 exegerit,
1710 2112 1960 2183 praemia
2008 2111 2086 2167 ab
2143 2112 2226 2168 eis

571 2217 725 2274 quos
768 2201 986 2271 injuria
1038 2198 1237 2255 affecit
1289 2202 1554 2272 capiens,
1597 2207 1654 2256 et
1708 2201 1982 2256 mercede
2027 2217 2088 2256 se
2141 2202 2225 2256 eis

571 2303 748 2360 opem
772 2288 1032 2344 laturum
1061 2288 1369 2359 pollicens,
1389 2305 1544 2361 quos
1567 2295 1764 2344 tamen
1796 2289 1960 2361 ipsos
1986 2288 2186 2346 fefellit
2210 2305 2223 2346 :

568 2376 910 2450 frustraque
957 2377 1170 2432 uberes
1221 2377 1448 2433 fructus
1481 2378 1838 2451 percipiens,
1873 2394 1945 2434 ex
1977 2395 2229 2451 propen-

573 2467 741 2522 sione
781 2472 837 2522 et
862 2467 1335 2538 promptitudine
1371 2483 1580 2522 eorum
1605 2466 1710 2538 qui
1742 2469 1992 2537 negotiis
2031 2468 2231 2540 impli-

577 2554 675 2612 citi
723 2571 794 2611 eo
839 2555 1083 2610 nomine
1128 2553 1202 2610 illi
1250 2555 1566 2623 dederunt,
1610 2561 1671 2611 ut
1715 2557 1989 2612 molestia
2035 2555 2226 2611 litium

574 2644 1062 2715 defungerentur,
1092 2651 1449 2716 proventum
1483 2649 1664 2716 atque
1698 2645 1951 2715 vectigal
1985 2647 2083 2702 Dei
2111 2645 2229 2701 cul—

575 2738 702 2790 tum
729 2749 861 2789 esse
888 2734 1150 2790 ducens:
1189 2749 1384 2806 neque
1414 2741 1474 2789 ut
1498 2734 1594 2790 ille
1625 2734 1999 2805 superbierit,
2034 2735 2232 2792 subla-

574 2828 793 2895 tusque
807 2822 980 2878 fuerit
1005 2822 1328 2878 mundanis
1348 2823 1760 2893 dignitatibus,
1777 2824 2228 2899 ducenarius(t)

574 2914 773 2984 potius
820 2928 1006 2984 quam
1059 2913 1376 2984 episcopus
1405 2914 1606 2968 vocari
1656 2913 1894 2968 volens:
1930 2929 2125 2984 neque
2170 2921 2232 2972 ut

572 3017 680 3072 per
706 3001 900 3056 forum
924 3001 1180 3072 superbe
1201 3001 1527 3067 incesserit,
1553 3001 1849 3074 simulque
1869 3007 1924 3057 et
1943 3002 2230 3074 epistolas

574 3089 780 3159 legerit
825 3094 880 3145 et
927 3090 1254 3156 dictaverit,
1303 3107 1443 3145 cum
1491 3090 1732 3146 stallitio
1792 3091 2108 3163 publicitus
2147 3092 2231 3147 in-

575 3179 872 3250 grediens,
901 3195 1124 3249 magno
1165 3194 1420 3234 numero
1463 3178 1555 3234 his
1588 3179 2087 3251 praecedentibus,
2119 3180 2232 3236 illis

576 3268 965 3342 sequentibus
992 3285 1004 3323 :
1040 3268 1192 3324 adeo
1225 3273 1307 3336 ut,
1332 3275 1576 3340 propter
1605 3268 1825 3324 fastum
1859 3277 1913 3324 et
1939 3286 2231 3340 arrogan-

577 3359 724 3415 tiam
754 3358 953 3413 cordis
992 3357 1142 3428 ejus,
1191 3357 1340 3412 ﬁdes
1389 3362 1600 3414 nostra
1648 3373 1892 3428 gravem
1941 3359 2231 3415 invidiam

575 3447 905 3519 odiumque
923 3463 1322 3520 permagnum
1345 3447 1612 3503 subierit.
1632 3451 1759 3504 Non
1777 3449 1955 3504 etiam
1975 3451 2032 3504 in
2051 3449 2233 3506 eccle-

577 3537 831 3593 siasticis
855 3537 1250 3593 conventibus
1273 3542 1680 3592 monstrosam
1704 3541 1834 3610 ejus
1861 3540 2228 3610 superbiam,

575 3643 720 3699 qam
762 3626 1162 3698 aucupatione
1216 3626 1389 3681 fama:
1442 3632 1497 3681 et
1530 3625 1754 3696 gloriae,
1811 3633 1866 3683 et
1919 3627 2231 3685 oculorum

575 3716 919 3788 praestigiis,
953 3716 1353 3788 fucorumque
1395 3716 1778 3772 meditatione
1832 3723 1918 3773 est
1948 3717 2226 3774 molitus:

575 3805 797 3877 quibus
844 3806 1024 3861 rebus
1050 3805 1480 3876 simpliciorum
1524 3805 1760 3861 animas
1791 3807 2134 3874 conterruit,
2177 3813 2233 3864 et

579 3894 1063 3949 consternatione
1093 3894 1376 3965 implevit,
1413 3893 1670 3949 tribunal
1694 3895 1937 3966 quidem
1973 3902 2028 3952 et
2068 3897 2229 3952 thro-

576 3999 722 4038 num
747 3983 1012 4038 altiorem
1045 3983 1157 4038 sibi
1185 3990 1558 4048 construens,
1583 4000 1704 4039 non
1739 3990 1800 4038 ut
1829 3985 2040 4040 Christi
2059 3985 2229 4041 disci-

578 4074 778 4144 pulus,
803 4077 1096 4128 secretum
1123 4088 1263 4128 vero
1296 4073 1467 4127 sicuti
1500 4073 1708 4127 mundi
1737 4073 2036 4144 principes
2053 4080 2108 4130 et
2128 4075 2230 4130 ha-

577 4160 730 4217 bens
761 4167 813 4216 et
867 4162 1188 4217 nominans
1221 4164 1335 4232 (2):
1375 4161 1754 4234 subindeque
1803 4162 1997 4218 femur
2043 4180 2230 4220 manu

577 4250 852 4322 pulsans,
885 4256 939 4305 et
969 4256 1315 4321 suggestum
1357 4251 1610 4322 pedibus
1642 4250 1939 4322 quatiens.
1974 4250 2146 4319 Quod
2182 4254 2230 4308 si

577 4339 678 4412 qui
717 4339 844 4394 haec
875 4355 996 4394 non
1046 4338 1380 4402 laudarent,
1415 4349 1470 4394 et
1522 4340 1686 4410 quod
1736 4339 1794 4394 in
1823 4339 2065 4396 theatris
2103 4342 2230 4400 ﬁeri

576 4427 744 4494 solet,
777 4429 1113 4483 orariorum
1161 4432 1219 4482 et
1258 4427 1583 4484 fasciarum
1619 4430 1882 4484 tenuium
1905 4429 2229 4499 jactatione

577 4523 632 4573 et
649 4518 1045 4574 concussione
1066 4533 1186 4572 non
1207 4517 1662 4589 applauderent,
1692 4519 1870 4589 quive
1892 4535 2013 4574 non
2035 4518 2230 4576 accla-

577 4613 830 4677 marent,
878 4612 1056 4680 atque
1098 4606 1301 4662 itidem
1331 4613 1392 4662 ut
1419 4607 1523 4679 qui
1553 4608 1710 4662 circa
1758 4608 1958 4679 ipsum
1991 4609 2231 4664 stabant

575 4695 854 4752 factionis
903 4697 1031 4767 ejus
1061 4695 1380 4764 exsilirent,
1414 4696 1491 4750 ab
1524 4696 1607 4751 eis
1659 4695 1765 4750 sibi
1796 4697 2078 4767 injuriam
2104 4696 2228 4752 ﬁeri

579 4785 851 4857 putabat.
884 4786 976 4842 Sic
1001 4785 1159 4840 enim
1183 4789 1239 4839 et
1265 4785 1372 4839 viri
1400 4789 1456 4840 et
1477 4784 1750 4840 mulieres
1771 4785 2228 4842 concionantem
2253 4816 2256 4819 -

575 4875 855 4931 indecore
884 4873 1215 4930 admodum
1240 4873 1586 4929 audiebant.
1623 4871 1800 4946 425
1835 4877 2023 4948 Atque
2051 4876 2108 4930 in
2127 4891 2228 4930 eos

577 4965 705 5037 qui,
738 4970 799 5018 ut
827 4964 888 5019 in
910 4963 1094 5019 domo
1128 4963 1247 5033 Dei,
1280 4969 1434 5018 statu
1457 4967 1723 5034 corporis
1754 4964 1830 5019 ad
1859 4981 2102 5034 gravem
2125 4966 2228 5019 de-

577 5059 934 5126 centemque
964 5052 1236 5109 habitum
1267 5054 1602 5125 composito
1629 5054 1922 5120 sederent,
1957 5054 2229 5109 acerbius

647 5180 728 5251 (1)
775 5178 1141 5234 Ducenarius
1195 5177 1478 5252 princeps
1519 5177 1698 5234 ofﬁcii
1754 5178 1881 5252 fuit,
1940 5178 2032 5234 vel
2065 5178 2230 5252 apud

574 5249 921 5331 praefectum
949 5249 1360 5331 Augustalem,
1396 5249 1483 5305 vel
1510 5252 1675 5331 apud
1713 5251 1992 5306 comitem
2023 5249 2228 5331 prien-

574 5324 666 5388 tis,
698 5323 793 5378 vel
819 5323 1000 5377 etiam
1041 5322 1204 5392 apud
1235 5322 1382 5377 alios
1414 5322 1857 5392 provinciarum
1889 5323 2224 5392 praefectos,

575 5395 799 5450 ascitus
831 5410 900 5449 ex
930 5393 1136 5448 schola
1166 5393 1467 5463 agentium
1520 5394 1576 5447 in
1609 5394 1808 5459 rebus,
1841 5394 1945 5463 qui
1974 5394 2229 5448 adorata

575 5466 890 5536 clementia
912 5464 1224 5536 principali
1246 5480 1383 5536 cum
1406 5463 1742 5536 insignibus
1775 5463 1992 5521 exibat.
2027 5465 2080 5519 Is
2112 5465 2227 5521 sub

577 5552 638 5590 se
685 5535 948 5591 habebat
988 5535 1482 5604 Cornicularium,
1511 5535 1882 5601 Adiutorem,
1916 5537 2229 5592 Commen-

576 5607 916 5675 tariensem,
945 5606 1034 5664 Ab
1060 5607 1228 5675 actis,
1253 5607 1656 5676 Numerarios,
1697 5610 2073 5680 Exceptores,
2097 5615 2220 5668 etc.

2335 1852 2422 1895 νῦν
2475 1844 2547 1904 εἰς
2612 1841 2995 1918 ὑπερϐὰλλοντα
3047 1840 3266 1893 πλοῦτον
3327 1839 3562 1897 ἐλήλακεν
3610 1838 3656 1900 ἐξ
3700 1836 3840 1907 ἁνᾱμιέει

2337 1938 2426 1985 καὶ
2486 1933 2784 2006 ἱεροσυλιῶν
2816 1949 2828 1962 °
2890 1937 2974 1983 καὶ
3009 1931 3077 1981 ὧν
3137 1928 3349 1982 ἀπαιτεῖ
3405 1934 3493 1980 καὶ
3549 1924 3738 1979 διασείει
3775 1931 3843 1983 τοὺς

3391 2014 3744 2088 ἀδικουμένους,
3794 2023 3843 2065 ui

3493 2103 3764 2178 ψευδόμενος
3811 2101 3844 2154 δὲ

2339 2021 2408 2074 ἀὸ
2414 2022 2561 2095 ελφού
2571 2045 2611 2087 ς,
2687 2019 3088 2096 καταϐραϐεύων
3175 2023 3292 2080 τούς

2339 2114 2754 2184 ὑπισχνούμενος
2822 2109 3109 2183 βοηθήσειν
3186 2109 3426 2180 μισθοῦ·

2337 2207 2425 2254 καὶ
2483 2204 2716 2266 τόύτους,
2775 2205 2864 2252 καὶ
2917 2202 3086 2272 μάτην
3142 2201 3502 2269 καρπούμενος
3567 2201 3651 2254 τὴν
3706 2202 3776 2246 τῶν
3816 2192 3842 2242 ἐν

2341 2311 2644 2367 πραγμασιν
2700 2295 2854 2342 ὄντων
2903 2289 3212 2360 ἑτοιμότητα
3267 2290 3394 2359 πρός
3446 2289 3502 2338 τό
3543 2281 3741 2348 διδόναι,
3769 2283 3838 2351 ὗεὲι

2339 2379 2640 2451 ἀπαλλαγῆς
2715 2387 2815 2430 τῶν
2892 2377 3262 2450 ἐνοχλούντων,
3332 2378 3588 2447 πορισμόν
3655 2375 3839 2443 ἠγούξιεικ

2337 2475 2432 2528 τὴν
2510 2468 2845 2521 θεοσέϐειαν·
2924 2473 3014 2519 καὶ
3086 2470 3202 2519 οὔτε
3256 2468 3318 2526 ὡς
3379 2463 3556 2535 ὑψηλὰ
3620 2468 3758 2534 φρονεῖ
3792 2480 3832 2509 zz:

2339 2560 2628 2631 ὑπερῆρται
2726 2559 2960 2629 κοσμικὰ
3047 2555 3323 2627 ἀξιώματα
3406 2549 3742 2624 ὑποδυόμενος,
3790 2557 3829 2597 ω

2341 2645 2671 2722 δουκινάριος
2739 2647 2927 2719 μᾶλλον
2994 2646 3023 2705 ἦ
3083 2644 3369 2706 ἐπίσκοπος
3433 2643 3582 2695 θέλων
3644 2640 3831 2693 armisin.

2339 2742 2429 2789 καὶ
2481 2739 2644 2788 σοϐῶν
2692 2738 2828 2787 κατὰ
2876 2743 2969 2796 τῆς
3027 2733 3244 2806 ἀγορᾶς,
3297 2738 3389 2784 καὶ
3443 2729 3696 2791 ἐπιστολὰς
3735 2726 3838 2796 €017!-

2339 2832 2549 2878 νὼσκων
2606 2829 2693 2877 καὶ
2740 2826 3072 2898 ὑπαγορεύων
3129 2823 3259 2894 ἅμα,
3313 2819 3557 2894 βαδίζων
3596 2816 3844 2891 denarium

2343 2913 2803 2989 δορυφορούμενος,
2865 2921 2962 2966 τῶν
3017 2915 3106 2985 μὲν
3173 2915 3644 2986 προπορευομένων,
3698 2915 3765 2959 τῶν
3809 2900 3842 2954 οῗ

2342 3004 2656 3077 ἐφεπομένων
2706 3003 2903 3055 πολλῶν
2961 3005 3048 3054 τὸν
3119 2999 3340 3075 ἀριθμόν
3378 3041 3390 3054 .
3454 3002 3523 3060 ὡς
3583 3002 3662 3049 καὶ
3698 2999 3762 3051 τὴν
3791 2997 3836 3043 πέ-

2345 3113 2458 3146 στιν
2489 3094 2787 3166 φθονεῖσθαι
2841 3096 2930 3143 καὶ
2981 3092 3258 3163 μισεῖσθαι
3307 3085 3407 3140 διὰ
3460 3091 3544 3139 τὸν
3597 3090 3721 3157 ὄγκον
3745 3084 3834 3132 ότεῦ

2341 3187 2431 3235 καὶ
2478 3184 2570 3242 τὴν
2622 3183 2973 3254 ὑπερηφανίαν
3024 3187 3120 3242 τῆς
3169 3174 3403 3253 καρδίας
3432 3197 3444 3210 ·
3481 3181 3594 3229 οὔτε
3621 3180 3698 3233 τήν
3725 3175 3842 3225 hui;

2341 3271 2800 3332 ἐκκλησιαστικαῖς
2873 3265 3112 3329 συνόδοις
3184 3273 3476 3340 τερατείαν,
3531 3268 3587 3326 ἦν
3636 3265 3850 3338 μηχανᾶται

2343 3357 2641 3423 δοξοκοπῶν
2694 3365 2784 3412 καὶ
2844 3365 3294 3432 φαντασιοκοπῶν,
3354 3361 3450 3409 καὶ
3512 3357 3600 3417 τάς
3652 3361 3729 3404 τῶν
3779 3348 3852 3398 ἀκε-

2340 3455 2618 3522 ραιοτέρων
2677 3449 2864 3521 ψυχὰς
2929 3455 3039 3510 τοῖς
3109 3449 3367 3507 τοιούτοις
3432 3444 3722 3508 ἐκπλήττων,
3763 3435 3852 3510 gi?!

2341 3541 2430 3611 μὶν
2496 3543 2586 3591 καὶ
2661 3540 2836 3612 θρόνον
2884 3536 3082 3609 ὑψηλὸν
3164 3536 3331 3605 ἑαυτῷ
3407 3530 3847 3599 κατασκευασάμενοςη

2341 3628 2445 3700 οὐχ
2501 3632 2570 3690 ὡς
2623 3634 2860 3702 Χριστοῦ
2917 3628 3177 3699 μαθητὴς,
3236 3629 3492 3699 σίκρητον
3549 3621 3605 3676 δὲ
3667 3622 3846 3688 ὡσπερεί

2340 3726 2431 3770 τοῦ
2489 3722 2692 3788 κόσμου
2741 3717 2998 3790 ἄρχοντες
3045 3718 3185 3787 ἔχων
3237 3733 3292 3767 τε
3317 3719 3410 3767 καὶ
3443 3712 3725 3786 ὀνομάζων·
3754 3714 3842 3759 παίει

2340 3827 2394 3861 τε
2438 3816 2498 3880 τῇ
2549 3811 2694 3880 χειρὶ
2750 3810 2836 3858 τόν
2867 3809 3057 3878 μηρόν,
3103 3809 3192 3857 καὶ
3239 3808 3297 3857 τό
3352 3801 3506 3880 βῆμα
3551 3802 3760 3877 ἀράσσων
3794 3799 3845 3846 τεξὲ

2339 3902 2513 3950 ποσί·
2569 3902 2660 3948 καὶ
2706 3903 2810 3957 τοῖς
2858 3899 2929 3968 μή
2983 3898 3256 3947 ἐπαινοῦσι
3303 3890 3448 3966 μηδὲ
3513 3894 3672 3965 ὥσπερ
3719 3887 3755 3940 ἐν
3793 3889 3847 3939 rei;

2343 3988 2572 4061 θεάτροις
2621 3988 2756 4037 κατὰ
2813 3989 3020 4037 σείουσι
3060 3991 3176 4046 ταῖς
3201 3982 3429 4048 ὀθόναις,
3460 3978 3594 4055 μηδὲ
3632 3977 3849 4033 ἐκϐοῶσίτι

2339 4080 2428 4128 καὶ
2482 4071 2798 4133 ἀναπηδῶσι
2853 4075 2991 4125 κατὰ
3038 4075 3103 4125 τὰ
3155 4074 3289 4124 αὐτὰ
3336 4079 3446 4132 τοῖς
3477 4068 3752 4144 ἆμφάὑτόν
3774 4080 3847 4116 στι·

2342 4170 2594 4226 σιώταιςο
2649 4161 2878 4236 ἀνδράσι
2927 4183 2982 4215 τε
3030 4166 3123 4214 καὶ
3179 4166 3417 4231 γυναίοις
3474 4159 3705 4231 ἀκόσμως
3754 4151 3849 4206 οὖτςς

2341 4251 2685 4328 ἀκροωμένοις
2720 4270 2732 4282 ·
2785 4259 2894 4314 τοῖς
2945 4248 2996 4304 δ’
3064 4248 3150 4303 οὖν
3197 4253 3266 4313 ὡς
3318 4249 3367 4302 ἐν
3423 4253 3547 4322 οἴκῳ
3597 4245 3714 4302 Θεοῦ
3743 4258 3849 4313 σιμ

2338 4349 2631 4418 προσώπως
2713 4346 2802 4393 καὶ
2881 4341 3105 4403 εύτοξκως
3185 4341 3471 4392 ἀκούουσιν
3542 4342 3754 4408 ἐπιτιμῶν
3802 4345 3851 4376 ιιι

2339 4430 2637 4504 ἐνυϐρίζων,
2718 4435 2808 4482 καὶ
2879 4431 2945 4490 εἰς
3014 4433 3136 4491 τούς
3213 4427 3525 4489 ἀπελθοντας
3578 4425 3628 4478 ἐκ
3675 4428 3746 4477 τοῦ
3776 4416 3848 4490 βίτδ

2338 4524 2524 4574 τούτου
2589 4527 2847 4592 παροινῶν
2922 4517 3177 4590 ἐξηγητὰς
3224 4524 3316 4569 τοῦ
3367 4517 3545 4588 λόγου,
3599 4517 3790 4588 φορτικῶς
3823 4522 3849 4553 ε’

2337 4618 2411 4680 τῷ
2465 4617 2640 4680 κοινῷ,
2700 4614 2789 4660 καὶ
2838 4607 3300 4683 μεγαλοῤῥημονῶν
3374 4612 3493 4680 περὶ
3541 4593 3849 4658 ἑαυτοῡήδέ·

2340 4717 2432 4774 περ
2482 4699 2575 4750 ούκ
2619 4696 2921 4762 ἐπίσκοπος,
2965 4696 3094 4749 ἀλλὰ
3141 4700 3396 4770 σοφιστὴς
3438 4701 3528 4747 καὶ
3587 4697 3728 4766 γόης·
3769 4685 3850 4752 ’ᾇευν

2337 4791 2469 4860 μούς
2541 4806 2594 4842 τε
2653 4791 2774 4849 τοὺς
2837 4788 2928 4860 μὶν
3005 4787 3071 4847 εἰς
3134 4789 3218 4839 τόν
3283 4788 3473 4859 Κύριον
3543 4785 3673 4855 ἡμῶν
3713 4775 3847 4860 ’ῐξῖοῧτ

2341 4880 2565 4944 παύσας,
2638 4880 2702 4938 ὡς
2769 4873 2833 4934 δὴ
2903 4879 3180 4949 νεωτέρους
3252 4879 3343 4926 καὶ
3406 4877 3649 4948 νεωτέρων
3715 4859 3849 4932 ἀνδρῶν

2342 4967 2750 5038 συγγράμματα,
2807 4965 2879 5027 εἰς
2935 4965 3112 5018 ἑαυτὸν
3173 4962 3252 5028 δὲ,
3309 4963 3357 5014 ἐν
3411 4968 3544 5035 μέσῃ
3676 4953 3849 5014 ἐκκλησίὲ

2339 5063 2400 5128 τῇ
2451 5055 2645 5128 μεγάλη
2705 5062 2795 5107 τοῦ
2853 5057 3052 5126 Πάσχα
3102 5055 3271 5128 ἡμέρᾳ
3342 5048 3638 5125 ψαλμῳδεῑν
3679 5047 3847 5116 γυναῖιπς

2339 5182 2547 5237 Scotus
2560 5181 2634 5236 de
2649 5179 2988 5250 insignibus
3004 5180 3448 5248 magistratuum
3461 5218 3472 5230 .
3484 5168 3846 5250 Ducenariprttgl

2339 5235 2660 5325 mentiotit
2679 5235 2738 5306 in
2767 5235 2826 5308 ἶ.
2847 5235 3255 5325 Μαινίσαῖαηι,
3283 5250 3358 5325 de
3386 5253 3578 5325 agent.
3605 5235 3844 5325 mutabili

2338 5323 2440 5378 lib.
2474 5323 2616 5379 Cod.
2665 5322 3063 5394 Temporibus
3112 5323 3348 5386 nostris,
3395 5318 3842 5394 [)ucenariistmt‘ﬁS

2339 5372 2887 5522 ggs‘gvaaen‘taiag
2897 5372 2984 5450 ἱιᾶ
3000 5372 3636 5464 ”ιῖθέὲῖἔι”ξπῖσείρθε,
3680 5372 3842 5440 Cancel-

2365 5482 2506 5522 aru.
3808 5513 3826 5522 ..

2365 5482 2506 5522 aru.
3746 5523 3750 5524 ν
3808 5513 3826 5524 ,.

2411 5538 2488 5610 (2)
2517 5540 2625 5590 Σέκ
2635 5557 2664 5610 ρ
2681 5556 2854 5596 ητον.
2890 5535 3056 5594 Unde
3083 5534 3402 5603 secretarii,
3435 5537 3492 5590 et
3520 5547 3556 5589 a
3585 5523 3777 5585 secretis
3796 5523 3840 5570 ω-

2348 5613 2589 5668 cuntur.
