4036 6288
166 279 290 337 1189

1205 279 1766 336 ECCLESIASTICE
1809 277 2164 335 HlSTORIzE
2208 279 2344 334 LIB.
2389 279 2483 335 VI.

3381 281 3521 336 1190

162 406 580 479 παρασκευάζων,
641 407 709 458 ὧν
765 411 854 458 καὶ
913 404 1139 467 ἀκούσας
1186 406 1246 458 ἄν
1323 425 1398 467 τις
1455 405 1672 479 φρίξειεν
1733 421 1743 436 ·

1860 420 1999 460 cum
2030 403 2392 460 contumelia
2448 402 2862 459 invehebatur.
2904 404 3185 460 Doctores
3236 405 3412 461 etiam
3463 409 3520 462 et

163 495 241 546 οἷα
295 500 382 547 καὶ
452 499 574 558 τοὺς
643 497 968 556 θωπεύοντας
1025 495 1180 548 αὐτόν
1267 494 1586 557 ἐπισκόπους
1651 503 1750 546 τῶν

161 587 345 658 ὁμόρων
395 583 566 658 ἀγρῶν
621 603 677 638 τε
729 590 817 638 καὶ
859 585 1074 651 πόλεων,
1116 590 1205 637 καὶ
1248 584 1647 658 πρεσϐυτέρους,
1701 587 1750 636 ἐν

158 681 266 736 ταῖς
313 677 439 749 πρὸς
501 678 586 727 τὸν
641 675 766 728 λαόν
824 675 1053 748 ὁμιλίαις
1105 677 1328 733 καθίησι
1394 671 1747 746 διαλέγεσθαι.

157 767 247 816 Τὸν
299 766 386 836 μεν
441 765 543 837 γὰρ
601 767 718 818 ria»
766 772 858 817 τοῦ
910 772 1044 818 Θεοῦ
1102 765 1162 816 οὐ
1231 763 1475 837 βούλεται
1533 783 1751 836 συνομο-

154 851 309 923 λογεῖν
359 853 411 915 ἐξ
472 853 692 927 οὐρανοῦ
764 853 1160 913 κατεληλυθέναι
1193 874 1206 888 ο
1286 855 1368 907 ἵνα
1433 874 1484 906 τι
1552 854 1747 927 προλα-

152 938 311 1002 ϐόντες
399 949 500 993 τῶν
569 943 849 1014 μελλόντων
936 945 1302 1016 γραφησεσθαι
1377 945 1560 1015 θῶμεν.
1649 947 1750 996 Καὶ

149 1037 298 1083 τοῦτο
347 1031 405 1083 οὐ
457 1032 594 1104 λόγῳ
636 1031 773 1103 ψιλῷ
827 1034 1120 1107 ῥηθήσεται
1149 1051 1161 1063 ·
1218 1033 1324 1084 ἀλλ’
1374 1031 1425 1096 ἐξ
1475 1034 1542 1084 ὧν
1599 1035 1749 1104 ἔπέμ-

149 1121 312 1192 ψαμεν
395 1121 800 1194 ὑπομνημάτων,
879 1121 1145 1176 δείκνυται
1214 1125 1562 1194 πανταχόθεν.
1627 1123 1749 1195 Οὐχ

155 1212 344 1268 ἣκιστα
395 1207 454 1262 δέ
497 1230 601 1262 που
649 1211 784 1282 λέγει
840 1213 1048 1270 Ἰησοῦν
1095 1217 1328 1286 Χριστὸν
1375 1215 1602 1265 κάτωθεν
1635 1233 1649 1245 ο
1700 1215 1748 1264 οἱ

154 1294 212 1350 δὲ
271 1298 340 1359 εἰς
401 1298 555 1351 αὐτὸν
615 1299 896 1370 ψάλλοντες
951 1306 1041 1353 καὶ
1094 1301 1504 1373 ἐγκωμιάζοντες
1569 1301 1619 1352 ἐν
1675 1309 1748 1372 τῷ

148 1385 252 1457 λαῷ
297 1387 508 1459 ἄγγελον
560 1390 647 1440 τὸν
706 1388 867 1447 ἀσεϐῆ
919 1387 1244 1442 διδάσκαλον
1293 1390 1461 1442 αὐτῶν
1505 1389 1557 1452 ἐξ
1594 1389 1748 1462 ούρα-

150 1483 236 1527 νοῦ
289 1476 682 1534 κατεληλυθέναι
736 1477 972 1550 λέγουσι.
1042 1481 1144 1534 Καὶ
1193 1487 1360 1531 ταῦτα
1414 1479 1472 1531 οὐ
1537 1479 1742 1546 κωλύει,

150 1563 271 1618 ἀλλὰ
333 1571 423 1617 καὶ
487 1565 776 1638 λεγομένοις
839 1570 1090 1643 πάρεστιν
1152 1568 1176 1620 ό
1238 1571 1580 1640 ὑπερήφανος.
1641 1570 1747 1630 Τὰς

153 1650 210 1706 δι
282 1656 651 1718 συνεισάκτους
729 1657 889 1708 αὐτοῦ
961 1666 1230 1728 γυναῖκας,
1313 1660 1380 1719 ὡς
1451 1661 1745 1729 Ἀντιοχεῖς

1859 499 2232 550 enarratores
2290 493 2476 557 verbi,
2533 493 2637 564 qui
2697 509 2768 548 ex
2814 493 2928 548 hac
2969 493 3088 548 vita
3139 493 3517 564 migrassent,

1860 582 2195 654 petulanter
2221 582 2663 654 proscindebat.
2695 581 2899 637 Gravis
2927 586 2982 637 et
3009 581 3294 638 molestus
3325 583 3385 638 in
3412 599 3521 655 pu-

1857 671 2035 737 blico,
2068 679 2124 728 et
2177 671 2499 741 magniﬁca
2551 671 2626 726 de
2674 671 2871 742 seipso
2904 671 3251 743 praedicans,
3285 688 3401 727 non
3460 677 3522 729 ut

1859 763 2200 833 episcopus,
2221 760 2327 816 sed
2357 760 2627 832 sophista
2653 766 2708 815 et
2737 760 3310 830 impostor.Psalmis
3341 777 3520 834 porro

1858 849 1933 906 de
1962 849 2214 906 Domino
2254 857 2456 906 nostro
2489 852 2624 905 Jesu
2649 849 2973 920 abrogatis,
3009 856 3297 922 tanquam
3319 867 3522 906 recen-

1859 939 2038 1005 tibus,
2088 945 2144 995 et
2185 955 2222 996 a
2278 939 2708 995 recentioribus
2774 940 3140 1010 compositis,
3196 939 3257 995 in
3322 940 3521 998 media

1858 1029 2357 1098 ecclesia,magno
2383 1027 2478 1084 die
2511 1027 2748 1083 Pascha:
2795 1028 2870 1083 de
2901 1029 3096 1099 seipso
3137 1029 3520 1085 mulierculas

1856 1117 2065 1174 laudes
2091 1124 2332 1175 cantare
2364 1117 2888 1189 instiiuebat,quas
2918 1133 3097 1173 nemo
3121 1119 3247 1173 sine
3272 1119 3519 1175 horrore

1857 1206 2173 1263 audiverit.
2233 1205 2760 1273 Quemadmodum
2821 1207 3022 1272 etiam,
3079 1215 3142 1262 ut
3180 1208 3253 1262 de
3299 1223 3360 1262 se
3411 1223 3520 1280 pro

1856 1298 2144 1352 concione
2170 1296 2246 1352 ad
2295 1295 2589 1368 populum
2621 1295 2904 1362 dicerent,
2936 1312 3006 1350 ex
3061 1295 3335 1351 finitimis
3360 1299 3520 1367 agris

1856 1392 1913 1441 et
1940 1385 2207 1457 oppidis.
2239 1401 2344 1456 per
2383 1384 2852 1440 assentationem
2901 1384 3016 1440 sibi
3043 1385 3360 1442 adulantes
3400 1387 3522 1458 epi-

1857 1491 2074 1547 scopos
2105 1481 2161 1530 et
2199 1475 2582 1547 presbyteros
2631 1474 2930 1528 summisit
2976 1481 3155 1546 atque
3201 1475 3515 1547 disposuit.

1855 1565 2066 1619 Filium
2100 1565 2345 1636 quidem
2382 1565 2630 1630 Dei,non
2672 1562 2794 1618 vult
2826 1562 3138 1618 nobiscum
3173 1565 3456 1637 proﬁteri,
3487 1581 3519 1621 e

1855 1653 2004 1709 coelo
2049 1653 2465 1708 descendisse:
2502 1659 2563 1708 ut
2588 1652 2816 1723 aliquid
2881 1668 3090 1708 earum
3135 1670 3331 1709 rerum
3382 1671 3519 1726 quae

151 1741 482 1815 ὀνομάζουσι,
541 1751 632 1796 καὶ
687 1754 787 1797 τῶν
850 1752 968 1818 περὶ
1034 1751 1188 1798 αὑτὸν
1239 1745 1596 1820 πρεσϐυτέρων
1655 1751 1743 1798 καὶ

1856 1748 2067 1814 postea
2083 1742 2437 1806 scribentur,
2457 1748 2943 1813 preoccupantes
2957 1740 3315 1798 efferamus:
3336 1743 3519 1816 idque

150 1828 441 1885 διακόνων⁶
493 1834 566 1894 οἷς
613 1840 702 1885 καὶ
761 1842 913 1886 τοῦτο
957 1841 1045 1887 καὶ
1102 1837 1168 1887 τά
1210 1834 1340 1887 ἀλλα
1391 1835 1747 1910 ἁμαρτήματα

149 1920 326 1974 ἀνίατα
413 1926 537 1974 ὄντα
609 1926 954 1996 συγκρύπτει,
1033 1921 1287 1986 συνειδὼς
1369 1929 1459 1976 καὶ
1542 1924 1744 1995 ἐλέγξας

149 2011 280 2073 ὃπως
331 2011 518 2072 αὐτοὺς
578 2011 852 2087 ὑπόχρεως
919 2016 1017 2086 ἔχη
1051 2033 1063 2045 ·
1132 2018 1250 2086 περὶ
1306 2014 1372 2064 ὧν
1429 2013 1597 2084 λόγοις
1657 2017 1746 2064 καὶ

149 2102 312 2174 ἧογοις
368 2096 560 2169 ἀδικεῖ,
635 2105 707 2173 μή
758 2102 1056 2172 τολμῶντας
1118 2110 1426 2173 κατηγορεῖν
1482 2110 1554 2172 τῷ
1630 2102 1745 2153 καθ’

147 2189 357 2251 ἑαυτοὺς
411 2188 590 2261 φόϐῳ·
655 2188 783 2242 ἀλλά
829 2195 918 2243 καὶ
975 2190 1256 2253 πλουσίους
1313 2189 1561 2261 ἀπέφηνεν
1597 2208 1608 2220 ·
1669 2189 1746 2262 ἐφ’

145 2279 184 2349 ᾤ
239 2282 367 2352 πρὸς
422 2286 521 2330 τῶν
585 2281 648 2331 τὰ
719 2287 940 2333 τοιαῦτα
1007 2280 1297 2340 ζηλούντων
1355 2280 1575 2352 φιλεῖται
1656 2284 1745 2330 καὶ

150 2368 512 2440 θαυμάζεθαι·
583 2372 633 2419 τί
683 2367 744 2420 ἂν
807 2376 974 2421 ταῦτα
1017 2372 1340 2442 γράφοιμεν;
1393 2370 1747 2440 Ἐπιστάμεθα

147 2453 223 2524 δε,
301 2455 565 2528 ἀγαηπτοὶ
639 2460 727 2509 τὸν
800 2461 1082 2510 ἑπίσκοπον
1172 2463 1262 2510 καὶ
1355 2462 1413 2510 τὸ
1501 2461 1745 2532 ἱερατεῖον

145 2546 275 2598 ἀπαν
327 2543 668 2620 παράδειγμα
722 2543 851 2599 εἶναι
912 2543 996 2599 δεῖ
1051 2556 1122 2618 τῷ
1170 2547 1356 2606 πλήθει
1400 2550 1602 2600 πάντων
1649 2567 1747 2600 κα-

143 2635 240 2688 λῶν
288 2638 466 2710 ἱργων.
527 2639 627 2688 Καὶ
668 2631 791 2688 οὐδε
850 2638 1009 2689 ἐκεῖνο
1065 2635 1346 2708 ἀγνοοῦμεν
1389 2657 1403 2670 ο
1464 2638 1579 2689 ὅσοι
1641 2638 1741 2688 ὑπὸ

148 2732 242 2776 τοῦ
296 2725 614 2795 συνεισάγειν
667 2723 871 2786 ἑαυτοῖς
937 2732 1186 2796 γυναῖκας
1251 2725 1485 2788 ἐξέπεσον
1517 2741 1530 2753 ⁸
1587 2727 1635 2776 οἱ
1693 2721 1743 2777 δ’

151 2812 575 2871 ὖπωπτεύθησαν.
633 2811 793 2865 Ὠστε
832 2813 874 2865 εὶ
927 2819 1014 2866 καὶ
1058 2810 1179 2870 δοίη
1231 2833 1311 2875 τις
1353 2815 1492 2884 αὐτῷ
1531 2817 1589 2866 τὸ
1646 2834 1746 2886 μη-

154 2897 236 2954 δὲν
287 2899 496 2973 ἀσελγὲς
545 2910 729 2967 ποιεῖν,
782 2901 910 2954 ἀλλὰ
963 2921 1020 2974 γε
1081 2904 1324 2955 ὑπόνοιαν
1383 2908 1476 2960 τὴν
1535 2902 1590 2955 ὲκ
1654 2911 1744 2955 τοῦ

144 2993 376 3043 τοιούτου
447 2991 754 3063 πράγματος
822 2997 1076 3064 φυομένην
1148 2992 1312 3066 έχρῆν
1373 2991 1742 3058 εὐλαϐηθῆναι,

1855 1847 1975 1887 non
2011 1831 2190 1887 nudis
2219 1847 2255 1886 a
2295 1831 2468 1886 nobis
2491 1831 2724 1885 dicetur
2755 1829 3083 1896 verbis,sed
3115 1847 3188 1886 ex
3214 1847 3520 1888 commen-

1857 1922 2040 1986 tariis,
2070 1936 2223 1991 quos
2253 1920 2331 1975 ad
2361 1935 2466 1974 vos
2506 1919 2802 1984 misimus,
2854 1921 3102 1976 omnino
3141 1920 3516 1992 probabitur.

1855 2010 1986 2065 Non
2020 2010 2219 2064 minus
2252 2025 2392 2064 vero
2417 2009 2596 2064 etiam
2638 2008 2861 2064 alicubi
2907 2008 3072 2078 dicit,
3099 2011 3304 2064 Jesum
3331 2010 3520 2065 Chris—

1857 2104 2015 2154 stum
2049 2115 2080 2153 e
2108 2105 2260 2154 terra
2297 2103 2494 2153 ortum
2518 2097 2942 2163 habuisse.Qui
2971 2106 3171 2154 autem
3203 2099 3263 2154 in
3293 2100 3518 2170 populo

1857 2187 2106 2260 psalmis
2143 2193 2199 2242 et
2223 2186 2504 2242 laudibus
2544 2185 2800 2258 impium
2836 2186 2994 2240 hunc
3031 2186 3338 2242 hominem
3370 2188 3517 2242 cele-

1855 2277 2050 2342 brant,
2091 2275 2372 2344 angelum
2407 2291 2545 2330 eum
2585 2280 2642 2330 et
2704 2275 3059 2344 magistrum
3101 2279 3179 2330 ad
3211 2292 3272 2331 se
3305 2292 3336 2331 e
3367 2275 3518 2332 caelo

1855 2365 2238 2421 descendisse
2268 2367 2584 2420 canunt.Et
2613 2363 2738 2420 hinc
2764 2363 2857 2418 ille
2890 2363 3362 2435 superbissimus
3395 2380 3518 2420 non

1857 2455 2146 2526 prohibet,
2187 2454 2290 2509 sed
2334 2470 2406 2509 ea
2458 2452 2810 2509 canentibus
2849 2453 3044 2510 adest.
3103 2454 3254 2518 Quid
3309 2459 3513 2510 autem

1855 2544 2134 2599 mulieres
2191 2545 2320 2614 ejus
2381 2541 2875 2598 subintroductas
2919 2542 3018 2613 (3),
3071 2548 3134 2597 ut
3170 2543 3518 2599 Antiocheni

1855 2634 2172 2689 nominant
2202 2650 2214 2687 :
2248 2631 2394 2704 quid
2452 2632 2582 2702 ejus
2640 2630 3026 2704 presbyteros
3084 2637 3138 2688 et
3177 2632 3468 2688 diaconos
3500 2651 3514 2689 :

1855 2722 2076 2794 quibus
2107 2727 2163 2778 et
2185 2723 2297 2777 hoc
2320 2720 2626 2786 delictum,
2655 2725 2710 2776 et
2737 2720 2857 2776 alia
2897 2721 3358 2777 immeeicabilia
3383 2738 3519 2793 pec-

1856 2818 1990 2866 cata
2015 2810 2320 2883 permittit,
2354 2826 2545 2882 eaque
2576 2825 2714 2864 cum
2752 2809 2864 2864 illis
2903 2810 3074 2866 celat.
3108 2812 3384 2866 conscius
3403 2811 3517 2867 sibi

1856 2916 2084 2966 eorum,
2123 2906 2178 2956 et
2215 2899 2392 2955 simul
2432 2899 2563 2954 illos
2611 2899 2687 2953 de
2733 2900 2816 2953 eis
2845 2915 3126 2970 arguens,
3171 2911 3234 2954 ut
3273 2899 3382 2955 sibi
3415 2901 3520 2956 ob-

1854 2991 2067 3045 noxios
2117 2988 2356 3054 habeat,
2383 2988 2658 3044 dicamus
2678 2986 2706 3042 ?
2733 2987 2968 3057 Quibus
3001 2988 3060 3044 in
3085 2988 3284 3055 rebus,
3320 2989 3518 3044 verbis

141 3083 213 3150 μή
262 3098 377 3131 τινα
446 3076 799 3152 σκανδαλίσῃ,
863 3083 982 3141 τοὺς
1039 3077 1097 3133 δὲ
1146 3086 1235 3133 καὶ
1287 3083 1566 3153 μιμεῖσθαι
1618 3100 1743 3155 προ-

1857 3079 2035 3134 simul
2083 3084 2141 3134 et
2195 3078 2366 3134 factis
2421 3077 2505 3132 eis
2567 3082 2656 3132 est
2687 3077 2961 3148 injurius,
3025 3077 3184 3148 quod
3237 3093 3517 3135 accusare

140 3166 326 3240 τρέψῃ.
390 3174 505 3228 Πῶς
544 3169 645 3240 γὰρ
703 3168 1022 3230 ἐπιπλήξειεν
1062 3170 1090 3228 ἡ
1147 3171 1500 3228 νουθετήσειεν
1549 3172 1740 3244 ἕτερον,

139 3260 212 3328 μὴ
273 3255 710 3326 σκγκαταϐαίνειν
758 3257 996 3310 έπιπλέον
1046 3258 1116 3320 εἰς
1164 3262 1352 3311 ταυτὸν
1403 3265 1613 3330 γυναικὶ
1669 3263 1740 3332 μὴ

139 3345 323 3416 όλισθῇ
400 3345 793 3418 φυλαττόμενον,
876 3349 940 3407 ὡς
1021 3350 1316 3421 γέγρπαται
1391 3349 1561 3415 ὅστις,
1620 3353 1743 3420 μίαν

138 3438 229 3506 μὲν
281 3433 570 3493 ἀπέστησεν
637 3432 770 3500 ἠδη,
834 3432 932 3488 δύο
991 3432 1051 3488 δὲ
1111 3434 1459 3507 ἀκμαζούσας
1514 3442 1603 3489 καὶ
1667 3437 1744 3490 εὖ·

138 3529 350 3598 πρεπεῖς
403 3527 498 3582 τὴν
551 3523 670 3595 ὄψιν
723 3527 838 3596 ἔχει
881 3523 994 3596 μεθ’
1036 3523 1220 3577 ἑαυτοῦ
1250 3541 1263 3554 ·
1307 3526 1403 3577 κᾶν
1443 3524 1567 3598 ἀπίῃ
1616 3546 1741 3592 που,

141 3617 466 3685 συνεπιφέρει
517 3618 606 3666 καῖ
665 3616 876 3678 ταύτας,
933 3621 1139 3686 τρυφῶν
1205 3617 1294 3666 καὶ
1360 3613 1746 3686 ὑπερεμπιπλά-

135 3718 326 3774 μενος;
379 3702 474 3754 Ὧν
531 3705 679 3755 ἕνεκα
753 3703 1066 3763 στενάζουσι
1127 3706 1215 3775 μεν
1295 3708 1384 3755 καὶ
1465 3702 1744 3774 ὀδύρονται

132 3793 319 3852 πάντες
377 3793 494 3843 καθ’
543 3790 756 3853 έαυτοὺς
788 3808 800 3820 ·
866 3793 1001 3844 οὕτω
1055 3788 1114 3846 δε
1157 3797 1250 3850 τὴν
1314 3789 1602 3866 τυραννίδα
1656 3797 1744 3846 καὶ

135 3877 454 3934 δυναστείαν
506 3880 666 3932 αὐτοῦ
721 3880 1056 3953 πεφόϐηνται,
1120 3884 1254 3934 ὥστε
1309 3889 1617 3954 κατηγορεῖν
1669 3887 1740 3955 μὴ

130 3971 333 4042 τολμᾷν
364 3988 377 4000 ο
439 3968 565 4022 ἀλλά
633 3977 797 4023 ταῦτα
849 3974 960 4042 μεν,
1037 3974 1105 4032 ὡς
1171 3971 1469 4043 εἰρήκαμεν,
1538 3973 1740 4024 εὔθυνεν

129 4061 198 4112 οἶν
277 4079 359 4121 τις
439 4063 525 4111 τὸν
602 4055 792 4131 ἄνδρα,
859 4064 916 4112 τὸ
991 4066 1114 4131 γοῦν
1174 4065 1413 4134 φρόνημα
1467 4061 1744 4114 καθολικόν

1367 4153 1454 4203 τὸν
1497 4147 1556 4203 δι
1605 4151 1745 4226 ἐξορ-

127 4240 446 4310 χησάμενον
506 4242 590 4290 τὸν
656 4243 945 4310 μυστήριον
1007 4244 1097 4291 καὶ
1169 4241 1611 4311 εμπομπεύσαντα
1679 4247 1740 4312 τῇ

121 4332 310 4402 μιαρᾷ
367 4329 561 4398 αἱρέσει
613 4334 706 4378 τοῦ
763 4326 989 4399 Ἀρτεμᾱ
1033 4327 1108 4399 (τί
1158 4330 1260 4400 γὰρ
1311 4327 1369 4380 οὗ
1429 4333 1538 4403 χρή
1605 4329 1745 4394 μόλις

124 4419 226 4467 τὸν
285 4419 486 4489 πατέρα
531 4415 691 4468 αὐτόῡ
737 4411 977 4473 δηλῶσαι
1001 4416 1040 4487 ;)
1097 4413 1246 4468 οὐδὲν
1306 4413 1414 4468 δεῖν
1477 4419 1746 4490 ἡγούμεθα

131 4151 338 4221 ἔχοντα
392 4153 481 4201 καὶ
517 4149 1098 4222 συγκαταριθμούμενος
1149 4151 1273 4221 ημῖν
1305 4168 1316 4178 ·

123 4507 338 4558 τούτων
421 4508 540 4566 τοὺς
612 4505 899 4578 λογισμοὺς
954 4505 1212 4560 ἀπαιτεῖν.
1284 4502 1412 4559 Εἶτα
1482 4510 1566 4559 επὶ
1617 4508 1745 4560 τέλει

120 4603 228 4656 τῆς
298 4594 575 4655 ἐπῖστολῆς
640 4599 730 4646 καὶ
788 4593 934 4646 ταῦτ’
1005 4593 1352 4666 ἐπιλέγουσιν.
1411 4617 1439 4646 ιι
1492 4595 1744 4667 Ἠναγκοίο

123 4685 344 4755 σθημὲν
390 4684 478 4736 οὖν
537 4682 972 4756 ἀντιτασσόμενον
1022 4684 1176 4736 αὐτὸν
1225 4693 1296 4755 τῷ
1347 4692 1482 4756 Θεῷ,
1527 4690 1618 4738 καὶ
1669 4689 1740 4758 μὴ

208 4864 292 4934 (3)
323 4859 892 4934 Συνιίσακτοι,Ιιοο
913 4866 1018 4926 est,
1046 4859 1742 4934 subirntroductmmeque

119 4931 386 5014 uxores,
429 4949 622 5014 neque
675 4933 1050 5014 concubinae,
1091 4933 1195 4988 sed
1231 4931 1379 4987 tertii
1407 4931 1742 5014 cujusdam

117 5007 379 5076 generis
395 5004 670 5060 mulieres
693 5011 850 5076 sunt,
869 5020 1023 5076 quas
1043 5020 1244 5076 secum
1265 5004 1614 5076 presbyteri,
1629 5011 1739 5076 etc.

116 5074 262 5133 non
324 5078 598 5132 creandas
652 5074 907 5138 sobolis,
950 5091 1145 5146 neque
1195 5074 1464 5130 libidinis
1531 5075 1740 5144 gratia,

119 5149 245 5204 sed
297 5149 534 5219 pietatis
594 5147 807 5212 studio,
854 5153 1149 5219 autcerte
1188 5148 1422 5219 pietatis
1455 5153 1744 5218 praetextu

119 5217 444 5275 fovebant.
469 5220 548 5274 De
565 5221 786 5289 quibus
808 5217 1088 5288 prmclara
1119 5217 1310 5274 exstat
1336 5217 1744 5289 Chrysostomi

114 5292 411 5346 homilia.
434 5293 680 5362 Ruﬁnus
710 5292 770 5345 in
795 5289 1130 5345 canonibus
1160 5292 1410 5345 Nicaeum
1435 5290 1650 5362 synodi
1682 5291 1742 5345 in

119 5363 370 5420 Eccles.
420 5363 556 5418 hist.
588 5361 692 5417 lib.
729 5377 786 5426 x,
827 5377 960 5431 cap.
1012 5364 1063 5426 6,
1116 5365 1426 5417 extraneas
1466 5361 1741 5418 Mulieres

117 5436 333 5490 vertit.
367 5433 544 5490 Sicuti
569 5435 748 5488 etiam
780 5439 1084 5488 extranea
1109 5434 1388 5488 dicuntur
1417 5433 1476 5487 in
1500 5432 1562 5487 L.
1586 5433 1741 5488 Eum

118 5505 261 5577 qui,
281 5507 344 5562 C.
377 5505 451 5577 de
481 5505 666 5576 episc.
685 5503 1034 5577 etcler.Vid.
1067 5505 1380 5577 Gregorius
1405 5503 1739 5577 Theologus

121 5575 213 5634 ad
255 5575 535 5648 virgines
549 5578 667 5632 Deo
691 5575 939 5641 dicatas,
970 5581 1178 5632 contra
1199 5575 1702 5633 subintroductas.

1856 3185 2016 3237 eum,
2058 3167 2171 3222 sibi
2228 3167 2374 3239 ipsis
2417 3166 2710 3235 timentes,
2764 3182 2885 3221 non
2935 3166 3218 3224 audeant.
3259 3167 3372 3222 Sed
3413 3184 3517 3224 eos

1854 3258 1951 3314 ille
1977 3273 2220 3330 quoque
2249 3255 2746 3326 collocupletavit.
2782 3257 3158 3327 QuaprOpter
3193 3255 3271 3311 ab
3299 3258 3383 3312 eis
3410 3257 3516 3329 qui

1855 3346 1995 3403 talia
2016 3349 2720 3410 consectantur,amatur,
2743 3351 2799 3399 et
2823 3345 2883 3398 in
2916 3344 3314 3401 admiratione
3337 3345 3518 3402 habe-

1855 3442 1969 3492 tur.
2004 3434 2144 3500 Quid
2168 3435 2596 3505 haec,inquam,
2621 3433 2958 3488 scribamus
2981 3434 3008 3487 ί)
3028 3436 3259 3491 Scimus
3289 3441 3514 3500 autem,

1853 3525 2070 3589 dilecti,
2102 3525 2456 3596 episcopum
2501 3528 2559 3578 et
2606 3522 3040 3578 sacerdotalem
3074 3523 3347 3579 ordinem
3392 3539 3519 3579 om-

1855 3630 1994 3669 nem
2036 3612 2400 3668 multitudini
2441 3611 2718 3682 exemplo
2755 3627 2886 3666 esse
2936 3612 3153 3668 debere
3213 3612 3515 3668 bonorum

1855 3718 2108 3775 operum
2167 3701 2460 3756 omnium.
2505 3699 2585 3754 Ne
2639 3700 2787 3754 illud
2844 3701 3093 3772 quidem
3141 3703 3514 3772 ignoramus,

1855 3807 2144 3864 perquam
2177 3789 2414 3854 multos,
2457 3789 2552 3860 qui
2583 3788 2695 3843 sibi
2725 3789 3000 3844 mulieres
3035 3790 3519 3846 subintroduxis-

1856 3885 2005 3948 sent,
2037 3880 2291 3951 graviter
2320 3878 2523 3950 lapsos
2552 3894 2679 3932 esse
2702 3896 2714 3931 :
2738 3878 2958 3933 multos
2979 3879 3038 3932 in
3069 3879 3291 3935 {cedam
3329 3880 3516 3952 suspi-

1855 3971 2088 4026 cionem
2132 3968 2496 4040 pervenisse.
2531 3970 2720 4039 Atque
2763 3973 2825 4022 ut
2865 3971 3293 4038 concedamus,
3324 3985 3514 4026 unum

1855 4059 2120 4131 aliquem
2166 4057 2224 4112 in
2268 4057 2367 4112 tali
2398 4074 2460 4112 re
2517 4056 2664 4112 nihil
2715 4061 2883 4128 turpe
2929 4064 3107 4130 atque
3137 4058 3514 4129 impudicum

1855 4148 2222 4205 committere
2251 4163 2263 4202 :
2294 4146 2695 4218 suspicionem
2721 4151 3092 4218 tamenquae
3121 4162 3192 4202 ex
3212 4147 3516 4218 ejusmodi

1855 4239 2130 4294 convictu
2178 4238 2464 4300 nascitur,
2520 4236 2704 4291 vitare
2763 4241 2998 4306 oporte‘.
3039 4235 3140 4306 (4),
3210 4252 3285 4290 ne
3331 4252 3512 4309 quem

1855 4325 2139 4385 offendat.
2170 4330 2273 4380 aut
2301 4323 2377 4379 ad
2425 4324 2822 4379 imitationem
2856 4323 3030 4379 malas
3061 4325 3515 4380 consuetudinis

1856 4414 2077 4471 incitet.
2109 4413 2288 4486 426
2312 4414 2624 4478 Quomodo
2651 4429 2916 4486 namque
2941 4413 3124 4469 alium
3145 4415 3508 4485 objurgabit,

1856 4504 1949 4560 vel
1978 4504 2266 4571 instituet,
2298 4507 2361 4557 ut
2393 4503 2592 4558 videat
2622 4519 2696 4558 ne
2728 4501 3068 4574 frequenter
3095 4519 3233 4558 cum
3268 4504 3512 4559 muliere

1855 4593 2210 4650 conveniens
2243 4591 2499 4658 labatur,
2529 4591 2700 4648 sicuti
2727 4593 3014 4664 scriptum
3047 4599 3150 4657 est,
3193 4593 3297 4665 qui
3327 4609 3511 4649 unam

1853 4682 2245 4756 quidemjam
2268 4681 2615 4753 repudiarit,
2645 4681 2798 4738 duas
2849 4686 3052 4738 autem
3101 4687 3268 4739 aetate
3298 4681 3514 4740 ﬂoren-

1926 4861 2000 4933 (4)
2035 4863 2176 4931 Cap.
2209 4861 2243 4915 3
2285 4859 2501 4933 Nicmni
2542 4860 2774 4916 concilii
2810 4880 2822 4919 :
2853 4879 2882 4912 ι(
2914 4861 3218 4916 lnterdixit
3249 4877 3354 4933 per
3379 4877 3509 4917 om-

1852 4933 1954 4988 nia
1983 4932 2190 5005 Sancta
2206 4932 2496 5003 synodus,
2526 4948 2644 5005 non
2663 4934 3111 5005 episcopomon
3131 4932 3506 5005 presbytero,

1852 5019 1974 5058 non
2008 5004 2285 5066 diacono,
2315 5019 2430 5058 non
2461 5004 2852 5068 subdiacono,
2887 5020 3006 5058 non
3038 5004 3215 5058 alicui
3259 5004 3509 5060 omnino

1851 5077 1954 5146 qui
2011 5075 2069 5129 in
2115 5074 2271 5129 clero
2337 5080 2444 5146 est,
2509 5074 2682 5129 licere
2722 5075 3244 5130 subintroductam
3285 5075 3509 5131 habere

1854 5145 2182 5210 mulierem,
2213 5145 2323 5200 nisi
2354 5145 2500 5200 forte
2531 5153 2634 5200 aut
2661 5153 2934 5210 matrem,
2969 5151 3072 5201 aut
3112 5153 3509 5212 sororem,aut

1854 5218 2126 5291 amitam,
2158 5218 2460 5291 autetiam
2488 5233 2593 5291 eas
2646 5217 2897 5272 idoneas
2935 5234 3226 5291 personas
3252 5236 3388 5291 quae
3422 5219 3510 5273 fu-

1853 5288 2017 5359 giant
2052 5289 2485 5360 suspiciones.»
2508 5289 2917 5360 (Distinet.32.)
2943 5288 2986 5339 ⁷»
3020 5289 3226 5344 Nullus
3258 5288 3508 5345 missam

1851 5361 2058 5416 audiat
2085 5361 2430 5430 presbyteri,
2461 5376 2644 5432 quem
2697 5361 2803 5415 scit
2841 5361 3240 5417 concubinam
3275 5361 3511 5417 indubi-

1852 5438 2045 5487 tantes
2076 5432 2316 5498 habere,
2348 5437 2452 5488 aut
2483 5431 3034 5489 ’subintroductam
3094 5432 3431 5491 mulierem.
3478 5449 3509 5489 >›

1851 5502 2056 5576 (lbid.)
