4036 6288
601 253 732 308 1191

1889 251 2274 308 NICEPHORI
2313 251 2638 308 CALLISTI
3747 256 3839 313 illi?

592 380 682 432 tes
713 381 769 432 et
832 375 1023 433 forma
1069 380 1425 448 praestantes
1485 376 1646 449 apud
1702 391 1763 432 se
1813 376 2038 442 foveat,
2073 380 2250 449 atque

2367 380 2568 429 εἴκοντα
2633 373 3028 447 ἓκκηρύξαντες,
3093 374 3260 445 ἕτερον
3324 371 3430 424 ἀντ’
3469 373 3604 426 αὐτοῦ
3742 383 3848 431 καθο-

594 468 797 531 etiam,
831 466 878 520 si
923 467 1208 539 quopiam
1258 472 1373 531 eat,
1435 482 1640 520 secum
1681 465 1883 530 ducat,
1940 466 2251 520 lasciviens

597 561 777 627 atque
807 554 1029 611 deliciis
1055 554 1333 610 difﬂuens
1358 554 1386 609 ?
1419 556 1597 626 Cujus
1620 557 1701 610 rei
1727 555 1917 625 gratia
1941 555 2019 626 pii
2043 571 2252 610 omnes

597 661 799 700 secum
851 645 1106 714 graviter
1154 645 1455 716 suspirant
1501 650 1554 700 et
1601 645 1826 713 lugent.
1862 644 2024 700 Adeo
2052 650 2252 699 autem

595 733 983 805 impotentem
1041 734 1172 806 ejus
1231 733 1612 804 tyrannidem
1676 734 2156 801 reformidarunt,
2192 739 2253 790 ut

596 821 794 880 nullus
820 837 1102 877 accusare
1141 839 1278 877 eum
1317 821 1580 878 auderet.
1623 823 1952 894 Atquehaec
1979 823 2247 894 quidem,

595 912 766 966 sicuti
795 911 1074 976 diximus,
1115 913 1440 982 quisquam
1467 911 1876 966 emendaverit
1900 912 1959 965 in
1993 911 2118 966 viro
2145 911 2248 983 qui

597 999 901 1056 catholicae
932 1005 1085 1055 esset
1115 1001 1439 1070 sententiae,
1463 1008 1520 1056 et
1570 1000 1765 1056 ordini
1813 1005 2020 1056 nostro
2049 1015 2252 1056 conuu

593 1096 942 1144 meraretur.
984 1090 1047 1144 In
1085 1105 1156 1145 eo
1195 1105 1334 1144 vero
1393 1089 1496 1160 qui
1537 1089 1792 1146 tacenda
1832 1089 2246 1145 euuutiaverit.

594 1178 1067 1250 mysteriumque
1094 1177 1440 1249 prodiderit,
1460 1182 1517 1234 et
1543 1179 1962 1234 detestandam
1976 1178 2249 1234 haeresim

594 1266 933 1322 Artemonis
964 1265 1041 1338 (1)
1083 1269 1214 1337 (cur
1257 1267 1416 1322 enim
1471 1268 1711 1323 tandem
1752 1271 2063 1338 parentem
2121 1266 2250 1338 ejus

2365 465 2482 540 λικῇ
2544 464 2836 536 Ἐκκλησία
2881 471 3217 522 καταστῆσαι
3275 470 3410 515 Θεοῦ
3457 470 3657 536 προνοίᾳ,
3704 470 3752 526 ὡς

2363 557 2622 627 πείσμεθα
2663 575 2675 587 ·

2362 647 2621 716 ἐπιφανῶς
2671 645 3000 718 προστάντος
3057 646 3156 716 πρὸ
3210 646 3396 695 τούτου
3458 652 3542 703 τῆς
3591 643 3724 706 αὐτῆς

2753 559 2840 606 τὸν
2931 561 3020 606 τοῦ
3095 557 3356 626 μακαρίου
3444 559 3748 625 Δημητριανοῦ
3794 566 3845 609 zz:

2361 739 2531 796 οικίας
2599 736 2727 797 υἱον,
2817 739 3027 805 Δὸμνον,
3093 732 3262 784 ἅπασι
3326 739 3435 793 τοῖς
3510 739 3745 806 πρέπουσιν
3788 739 3850 786 ἐπι-

2363 827 2541 894 σκόπῳ
2642 822 2819 884 καλοῖς
2929 827 3336 892 κεκοσμημένον.
3444 818 3762 893 Ἐδηλώσαμέι
3823 844 3852 876 τε

2360 914 2502 984 ὑμῖν,
2549 914 2687 974 ὅπως
2748 914 2910 982 τούτῳ
2970 914 3222 985 γράφητε,
3292 914 3380 962 καὶ
3439 915 3574 983 παρά
3639 915 3778 963 τούτου
3817 920 3854 964 τι

2361 1005 2637 1053 κοινωνικὰ
2722 998 2960 1072 δέχησθε
3050 1003 3358 1074 γράμματα.
3435 1007 3516 1069 Τῷ
3597 997 3648 1052 δὲ
3706 1003 3858 1074 Ἀρτεμᾲ

2361 1089 2511 1150 οὗτος
2560 1088 2894 1142 ἑπιστελλέτω
2929 1108 2941 1120 ⁸
3003 1094 3091 1140 καί
3141 1091 3188 1140 οἱ
3253 1092 3320 1139 τὰ
3387 1087 3605 1161 Ἀρτεμᾶ
3653 1098 3857 1162 φρονοῦντες

2358 1181 2520 1250 τούτῳ
2571 1183 3000 1233 κοινωνείτωσαν.
3034 1200 3062 1231 ›)
3124 1182 3226 1231 Καί
3278 1180 3342 1230 τὰ
3393 1181 3483 1250 μὲν
3536 1181 3657 1231 κατὰ
3703 1182 3767 1231 τὸν
3803 1187 3861 1232 Σι-

2359 1272 2593 1339 μοσατέα
2623 1268 2823 1321 Παῦλον
2863 1275 3045 1320 τοῦτον
3085 1270 3214 1339 ἔσχε
3251 1271 3337 1320 τὸν
3367 1272 3571 1342 τρόπον.

593 1371 716 1412 non
742 1354 1168 1427 ostendimus?)
1197 1355 1587 1426 producendo
1605 1356 1864 1426 jactarit,
1893 1371 2014 1412 non
2052 1359 2282 1427 oportet
2321 1357 2614 1413 rationem
2669 1358 2876 1414 talium
2906 1357 3259 1412 delictorum
3311 1357 3628 1428 requirere.
3664 1379 3687 1406 η
3723 1358 3860 1414 Deinde

593 1445 656 1501 in
682 1445 800 1500 ﬁne
822 1445 1104 1516 epistolae,
1137 1444 1358 1516 epilogi
1384 1444 1534 1510 loco,
1565 1444 1694 1500 haec
1721 1445 2012 1516 adjiciunt
2039 1463 2052 1499 :
2087 1466 2109 1494 ι
2145 1446 2520 1518 Quapropter
2544 1463 2682 1502 cum
2722 1449 2772 1502 is
2805 1453 3112 1518 tantopere
3148 1449 3264 1502 Deo
3314 1452 3678 1518 repugnaret,
3703 1462 3782 1502 nec
3809 1465 3863 1502 oe-

594 1533 735 1590 dere
773 1533 967 1599 vellet,
995 1551 1067 1590 ea
1096 1534 1269 1589 nobis
1299 1538 1388 1589 est
1439 1535 1718 1606 imposita
1758 1535 2100 1592 necessitas.
2129 1540 2212 1600 ut,
2270 1534 2510 1592 homine
2565 1537 2680 1592 isto
2733 1535 3271 1601 excommunicato,
3321 1535 3509 1591 alium
3565 1551 3664 1606 pro
3697 1551 3767 1600 eo,
3795 1552 3859 1591 nos

592 1624 720 1679 sine
754 1625 874 1693 Dei,
908 1623 1081 1679 sicuti
1105 1639 1464 1695 persuasum
1519 1623 1837 1689 habemus,
1890 1623 2288 1694 providentia,
2348 1625 2622 1681 Ecclesia:
2671 1625 2978 1682 catholicae
3031 1625 3475 1697 praeﬁceremus

3518 1641 3530 1680 :
3577 1625 3718 1681 beati
3745 1628 3858 1680 DemeL

591 1713 794 1780 triani,
825 1713 928 1784 qui
987 1713 1304 1768 Ecclesiam
1362 1728 1499 1768 eam
1559 1718 1696 1768 ante
1739 1713 1900 1768 hunc
1930 1712 2212 1784 praeclare
2281 1712 2740 1780 administravit,
2788 1715 3000 1779 ﬁlium,
3037 1714 3359 1777 Domuum,
3400 1713 3674 1769 omnibus
3722 1716 3857 1785 eplSCfr

603 1802 838 1874 palibus
864 1801 1039 1857 donis
1059 1804 1489 1858 ornatum.Hoc
1528 1801 1662 1857 ideo
1679 1801 1851 1858 vobis
1881 1802 2254 1873 scripsimus,
2288 1807 2351 1857 ut
2397 1803 2476 1858 ad
2513 1820 2652 1860 eum
2706 1803 3149 1860 communionis
3173 1803 3397 1858 litteras
3427 1803 3596 1868 detis,
3635 1810 3685 1858 et
3717 1820 3862 1858 rursum

595 1892 674 1947 ab
695 1907 768 1946 eo
786 1890 1114 1962 accipiatis.
1159 1893 1589 1946 Samosateuus
1621 1897 1822 1946 autem
1841 1891 1919 1947 ad
1940 1896 2324 1946 Artemouem
2354 1891 2640 1964 epistolas
2673 1894 2915 1964 scribat,
2942 1899 2998 1949 et
3020 1908 3160 1948 cum
3184 1908 3255 1948 eo
3295 1892 3605 1964 etiam,qui
3629 1893 3864 1948 Artemona

594 1980 953 2036 sententiam
986 1979 1267 2052 probant,
1300 1980 1764 2036 communicent.
1799 1982 1944 2036 >Res
1983 1980 2357 2037 Samosateui
2392 1981 2476 2037 sic
2513 1998 2574 2038 se
2601 1981 2964 2038 habuerunt.

1098 2102 1272 2176 427
1308 2103 1532 2160 CAPUT
1565 2105 1746 2158 xxxn.

592 2211 678 2267 De
703 2209 939 2267 Manete
957 2209 1377 2278 haeresim-clm,
1394 2224 1431 2266 α
1454 2225 1566 2281 quo
1596 2209 1920 2266 Manichan'
1935 2225 2253 2281 cognomen

923 2286 1280 2351 acceperunt
1310 2299 1325 2335 :
1357 2289 1411 2337 et
1438 2281 1510 2338 de
1542 2281 1751 2338 haeresi
1781 2283 1925 2352 ejus.

665 2458 946 2516 Nondum
993 2475 1065 2515 ea
1121 2458 1386 2530 procella
1443 2458 1588 2514 satis
1639 2458 1850 2514 sedata
1879 2459 2071 2527 fuerit,
2116 2475 2257 2515 cum

592 2564 802 2605 rursus
842 2549 978 2616 alia,
1016 2549 1211 2619 priore
1243 2547 1429 2603 multo
1456 2549 1686 2614 saevior,
1718 2553 1921 2604 coorta
1953 2548 2138 2612 irruit,
2172 2549 2257 2604 iu-

595 2644 804 2709 gentes
834 2636 1050 2692 ﬂuctus
1089 2653 1295 2691 secum
1327 2637 1592 2706 trahens,
1620 2644 1797 2709 atque
1846 2637 2042 2692 acrius
2073 2637 2260 2692 insul-

593 2734 752 2785 tans.
785 2728 838 2780 Is
861 2729 1058 2782 Manes
1088 2726 1165 2796 (2)
1217 2732 1361 2791 erat,
1407 2731 1604 2782 mente
1662 2741 1908 2797 prorsus
1961 2732 2173 2797 captus
2204 2743 2260 2798 et

593 2815 944 2872 insaniens:
977 2815 1077 2886 qui
1104 2829 1212 2886 pro
1237 2815 1578 2885 depravatae
1611 2816 1826 2870 mentis
1851 2816 2254 2886 perversitate,

593 2905 991 2974 linguaetiam
1014 2903 1800 2970 armata,verbisdiabolicaa
1821 2905 2064 2959 haeresis
2089 2919 2258 2961 vene-

595 2995 840 3060 natis,se
855 2995 912 3048 iu
931 2993 1258 3048 multorum
1278 2994 1514 3049 animos
1529 2994 1606 3049 ad
1621 3009 1828 3048 eorum
1845 2993 2160 3065 perniciem
2174 2995 2258 3048 iu-

597 3083 882 3138 sinuavit.
922 3083 1047 3137 Fuit
1079 3089 1278 3137 antem
1312 3086 1486 3138 Persa
1509 3098 1746 3151 genere,
1767 3083 2104 3154 jugumque
2137 3099 2254 3138 ser-

597 3174 794 3228 vitutis
823 3171 1004 3242 longo
1027 3173 1200 3226 traxit
1230 3178 1513 3242 tempore.
1541 3181 1620 3226 Ac
1646 3187 1784 3227 cum
1810 3171 2129 3243 derepente
2155 3171 2254 3228 he-

594 3275 814 3318 raesuae
826 3277 898 3316 ex
918 3265 1268 3316 testamento
1291 3260 1696 3316 hazreditatem
1715 3260 1958 3325 adisset,
1974 3276 2092 3316 non
2116 3277 2256 3316 con-

597 3356 792 3407 tentus
818 3350 925 3405 fuit
955 3349 1222 3404 molliore
1271 3356 1327 3404 et
1373 3347 1766 3416 afﬂuentiore,
1799 3365 1931 3421 qua
1961 3351 2011 3404 ei
2043 3357 2255 3421 praeter

596 3455 768 3512 spem
798 3439 1114 3507 obtigerat,
1144 3438 1262 3494 vita
1295 3454 1307 3491 :
1338 3445 1394 3493 et
1423 3439 1675 3507 gratiam
1721 3455 1855 3494 eam
1890 3439 2152 3508 largitori
2174 3449 2252 3495 ta-
2283 3447 2322 3502 C
2364 3439 2469 3504 δὼς
2517 3445 2680 3514 χάριν
2715 3459 2726 3471 ·

594 3529 743 3584 lium
775 3545 838 3584 se
877 3527 1095 3583 bebere
1145 3529 1358 3591 sciens,
1382 3528 1845 3583 instrumentum
1875 3543 1959 3593 se,
1989 3535 2252 3600 quantus

595 3625 857 3690 quantus
876 3625 1052 3686 esset,
1083 3618 1344 3673 veritatis
1362 3617 1606 3673 inimico
1631 3617 2010 3689 prmedns,ad
2033 3619 2250 3689 impias

592 3707 834 3764 fabulas
860 3707 1113 3763 divertit.
1150 3709 1210 3762 Et
1238 3707 1361 3762 duo
1388 3707 1652 3777 ingenita
1689 3723 1825 3762 esse
1867 3707 2032 3772 dixit,
2067 3710 2250 3762 Deum

593 3802 650 3852 et
674 3797 980 3852 materiam
1013 3816 1027 3857 :
1058 3812 1317 3868 quorum
1341 3796 1504 3851 illum
1541 3795 1758 3861 lucem,
1786 3795 1944 3851 hanc
1978 3797 2250 3852 tenebras

593 3885 921 3957 appellavit
965 3901 976 3940 :
1029 3891 1088 3940 et
1134 3886 1330 3941 lucem
1383 3885 1628 3957 quidem
1673 3886 1921 3949 bonam,
1977 3887 2251 3941 tenebras

595 3973 788 4030 malas
822 3994 834 4033 :
875 3981 1184 4046 utrumque
1218 3981 1420 4030 autem
1457 3973 1703 4030 arbores
1730 3975 2080 4039 nominavit.
2115 3991 2252 4030 con-

597 4069 874 4132 gruentes
923 4063 1174 4119 ferentes
1225 4064 1471 4118 fructus.
1527 4067 1712 4119 Deum
1767 4063 1943 4133 longe
1972 4064 2186 4119 abesse
2216 4079 2252 4120 a

597 4153 866 4218 materia,
901 4159 954 4208 et
983 4152 1302 4208 materiam
1340 4168 1546 4206 rursus
1567 4151 1804 4220 longius
1828 4169 1863 4206 a
1893 4155 2029 4207 Deo.
2064 4153 2252 4208 Deum

595 4242 776 4297 etiam
796 4241 1168 4307 orientalem,
1185 4239 1729 4313 septentrionalem,
1745 4247 1801 4296 et
1820 4241 2251 4297 occidentalem

599 4329 868 4386 obtinere
898 4331 1143 4401 plagam
1177 4345 1189 4385 :
1222 4330 1554 4396 materiam,
1584 4329 1928 4387 australem.
1963 4333 2026 4385 Et
2054 4331 2252 4386 multis

599 4426 809 4492 postea
825 4419 1057 4474 smculis
1071 4419 1379 4476 materiam
1397 4419 1751 4474 seditionem
1771 4421 2031 4475 movisse
2047 4421 2252 4476 adver-

601 4525 703 4564 sus
732 4509 958 4564 fructus
1003 4525 1166 4572 suos,
1226 4509 1672 4579 commissaque
1722 4509 1946 4580 praelio,
1988 4509 2098 4564 hos
2128 4510 2252 4582 qui-

600 4598 739 4654 dem
767 4597 1024 4669 fugasse,
1049 4598 1180 4653 illos
1211 4605 1411 4654 autem
1441 4597 1706 4667 fugisse:
1741 4614 1998 4670 eamque
2015 4604 2257 4654 conten-

602 4688 824 4743 tionem
858 4693 914 4743 et
953 4688 1432 4760 persecutionem
1471 4702 1662 4758 usque
1701 4687 1777 4742 ad
1811 4687 2006 4742 lucem
2047 4703 2252 4758 perve-

2981 2109 3235 2158 ΚΕΦΑΛ.
3271 2105 3398 2159 ΛΑ’.

2371 2217 2522 2285 Περὶ
2562 2214 2882 2273 Μάνεντος
2912 2218 3021 2263 τοῦ
3061 2211 3522 2285 αἰρεσιάρχου,
3568 2209 3738 2283 ἂιρόὗ
3762 2215 3868 2262 ιιιὶεὶ

2439 2280 2804 2355 Μανιχαῑοι
2856 2289 2968 2342 τὴν
3008 2280 3539 2355 ἐπωνυμίαν-εἶχ’
3567 2280 3664 2335 ον·
3714 2288 3868 2341 uetiti;

2439 2359 2749 2429 αἱρέσεως
2806 2360 3039 2408 αὐτῶν.

2437 2469 2539 2515 Τοῦ
2589 2459 2648 2514 δὲ
2712 2461 2826 2513 κατ’
2879 2461 3032 2513 αὐτὸν
3087 2457 3348 2522 κλύδωνος
3404 2464 3553 2513 οὔπω
3619 2461 3765 2522 καλῶς
3804 2459 3860 2528 Ec.—

2369 2551 2661 2622 ϐρίσαντος,
2743 2552 2910 2624 ἔτερος
2966 2547 3118 2611 αὖθις
3174 2549 3400 2625 ἐπεισρεί
3476 2550 3642 2620 πολλῷ
3696 2559 3771 2602 τοῦ
3807 2569 3857 2598 :1-

2367 2645 2515 2713 τέρου
2582 2643 2921 2714 τραχύτερος,
2977 2640 3132 2692 ἕλκων
3188 2644 3322 2710 μέγα
3378 2647 3527 2712 κῦμα
3573 2646 3657 2691 καὶ
3691 2637 3860 2710 escas.-

2367 2749 2454 2801 ρον
2517 2729 2822 2800 ἐπαιγίζων.
2912 2730 3092 2790 Μάνης
3160 2729 3305 2790 οὗτος
3373 2725 3461 2796 ἦν,
3528 2731 3554 2780 ὁ
3629 2732 3712 2790 τὰς
3774 2737 3872 2801 eis:

2368 2823 2542 2890 μανείς
2577 2840 2590 2850 ·
2641 2821 2696 2879 ὃς
2743 2823 2832 2870 καὶ
2887 2825 2950 2890 τῇ
3025 2825 3332 2892 παρατροπῇ
3401 2826 3499 2870 τοῦ
3567 2817 3790 2888 λογισμοῦ
3826 2823 3876 2870 τὴν

2365 2907 2610 2978 γλῶσσαν
2662 2906 3046 2974 καθοπλισθεὶς,
3079 2914 3190 2966 τοῖς
3244 2915 3340 2968 τῆς
3389 2903 3758 2978 δαιμονιώδους
3796 2907 3881 2974 xiii-

2368 3015 2491 3057 σεως
2557 2997 2810 3070 ῥήμασιν,
2871 2995 2954 3048 ἐπὶ
3023 2995 3158 3067 λύμῃ
3217 3003 3316 3046 τῶν
3393 2997 3598 3048 πολλῶν
3667 2996 3883 3065 εἰσφθαρε-

2367 3090 2572 3158 Ηέρσης
2637 3081 2697 3137 δὲ
2746 3085 2813 3136 ὢν
2858 3088 2915 3136 τὸ
2945 3089 3110 3155 γένος,
3152 3088 3239 3136 τὸν
3271 3092 3368 3145 τῆς
3397 3080 3642 3145 δουλείας
3676 3085 3803 3153 ζυγόν

2363 3174 2603 3226 πλεῖστον
2652 3174 2856 3226 εἶλκυσε
2892 3177 3082 3244 χρόνον
3115 3188 3128 3202 ⁸
3181 3178 3270 3225 καὶ
3301 3170 3370 3231 δή
3415 3193 3544 3226 ποτε
3584 3172 3887 3236 ἐξαπίνηςιὶξ-

2361 3270 2579 3337 ρονὸμος
2616 3271 2710 3325 τῆς
2769 3259 3040 3322 δεσποίνὴς
3093 3263 3379 3334 γενόμενος,
3429 3264 3526 3315 οῦκ
3580 3264 3747 3334 ἠγάπα
3786 3265 3886 3332 μένεα

2361 3362 2565 3426 τρυφῶν
2612 3352 2734 3426 παρ’
2789 3349 2996 3416 ἐλπίδα,
3058 3360 3129 3422 τῷ
3185 3359 3410 3425 χορηγῷ
3461 3362 3561 3404 τῶν
3611 3355 3820 3404 τοιούτων
3853 3349 3889 3398 εξ.

2782 3440 2892 3492 ἀλλ’
2930 3445 3142 3513 ὄργανον
3191 3441 3378 3501 ἐντελὲς
3439 3450 3530 3493 τοῦ
3595 3450 3684 3503 τῆς
3730 3440 3886 3496 ἀληθειὲ

2362 3531 2560 3605 ἐχθροῦ
2615 3535 2858 3602 γεγονὼς,
2909 3530 2982 3591 εἰς
3035 3527 3270 3588 δυσσεϐῆ
3327 3530 3645 3602 μυθολογίαν
3697 3531 3880 3602 Erigitur:

2364 3626 2465 3674 Καὶ
2506 3617 2602 3672 δύο
2634 3624 2722 3690 μεν
2769 3619 3022 3690 ἀγέννητοι
3079 3620 3245 3688 ἔλεγεν
3311 3616 3462 3688 εἶναι,
3502 3624 3629 3673 Θεὸν
3672 3624 3753 3670 καὶ
3778 3618 3856 3672 ὕλη)

2363 3710 2430 3760 ὧν
2458 3713 2516 3761 τὸ
2555 3712 2647 3781 μὲν
2702 3716 2826 3778 φῶς,
2864 3713 2958 3766 τὴν
3002 3704 3060 3760 δὲ
3115 3707 3239 3765 ὓλην
3281 3713 3471 3769 σκότος
3541 3708 3720 3762 ἐκαλει.
3754 3714 3869 3760 Καὶπ

2362 3801 2450 3870 μὲν
2509 3807 2612 3870 φῶς
2668 3795 2880 3868 ἀγαθὸν,
2939 3799 2998 3848 τὸ
3061 3793 3119 3848 δὲ
3159 3800 3342 3858 σκότος
3377 3801 3562 3849 κακόν.
3623 3801 3715 3850 Καὶ
3767 3790 3873 3860 divi-‘1

2361 3890 2514 3960 ἄμφω
2596 3887 2854 3958 ὠνόμαζε,
2945 3884 3326 3957 συμϐαίνοντας
3395 3883 3769 3959 βλασταίνοντα

2361 3979 2616 4051 καρπούς.
2662 3977 2974 4051 Πόρῥωτέρω
3015 3972 3063 4027 δ’
3119 3975 3247 4027 ἐίναι
3276 3980 3398 4029 Θεὸν
3440 3983 3537 4038 τὴς
3591 3977 3725 4041 ὕλης,
3753 3975 3877 4026 niti»

2362 4067 2488 4125 ὕλην
2543 4061 2691 4128 αὖθις
2750 4064 3056 4140 πορρωτέρω
3097 4072 3257 4122 Θεοῦ.
3320 4066 3425 4119 Καὶ
3480 4070 3570 4118 τὸν
3601 4069 3689 4137 μεν
3737 4068 3879 4118 Θεοντι

2363 4157 2465 4227 ἑῷα
2522 4159 2650 4227 μέρη
2701 4156 2863 4226 ἔχειν,
2909 4159 3004 4212 τὴν
3057 4155 3276 4226 ἑσπέραν
3335 4161 3426 4208 καὶ
3479 4158 3550 4208 τὰ
3601 4156 3801 4230 ἀρκτῷα,
3832 4167 3876 4200 π»

2365 4241 2424 4296 δε
2466 4243 2592 4301 ὕλην
2647 4245 2714 4295 τὰ
2749 4250 2918 4300 νότια.
2951 4243 3123 4296 Αἰῶσι
3163 4240 3221 4295 δὲ
3251 4243 3460 4306 πολλοῖς
3500 4244 3713 4315 ῦστερον
3741 4238 3877 4294 διεσπ-

2367 4334 2553 4385 σιάσαι
2605 4337 2699 4391 τὴν
2761 4332 2887 4390 ὕλην
2949 4336 3080 4406 πρὸς
3147 4336 3268 4394 τοὺς
3325 4333 3516 4394 ἑαυτῆς
3579 4335 3797 4408 καρπούς.
3832 4333 3876 4377 [ι

2367 4421 2708 4497 συρραγέντος
2763 4421 3008 4493 πολέμου,
3065 4425 3187 4482 τοὺς
3247 4425 3336 4492 μὲν
3405 4418 3643 4491 διώκειν,
3716 4424 3806 4478 τοὺς

2367 4508 2658 4564 διώκεσθαι
2691 4529 2704 4541 ·

2370 4605 2465 4653 Καὶ
2505 4603 2739 4672 ὁρμῆσαι
2795 4605 2889 4658 τήν
2941 4600 3066 4658 ὕλην
3122 4603 3259 4652 κατὰ
3306 4610 3398 4652 τοῦ
3452 4607 3624 4672 φωτός
3659 4616 3766 4672 φησι
3813 4606 3884 4663 βιῒί

2763 4516 2853 4563 καὶ
2908 4512 3044 4584 ἄχρι
3073 4518 3165 4562 τοῦ
3193 4514 3355 4582 φωτὸς
3405 4514 3613 4583 φθάσαι
3650 4516 3731 4567 τὴν
3758 4503 3880 4562 disi"-

2364 4698 2464 4742 τῶν
2503 4686 2762 4762 δαιμόνων
2814 4694 2904 4741 καὶ
2961 4697 3052 4741 τοῦ
3091 4693 3253 4762 πυρός
3309 4694 3399 4741 καὶ
3456 4697 3555 4741 τοῦ
3606 4683 3880 4744 ὓδατο;·ττ)

677 4795 752 4866 (l)
793 4797 1128 4852 Artemonis
1158 4796 1278 4868 qui
1308 4793 1385 4849 ab
1427 4795 1678 4848 Eusebio
1717 4795 1980 4850 Artemas
2019 4792 2252 4860 dicitur,
2289 4808 2332 4862 1)
2364 4795 2594 4868 reliqua
2614 4795 3423 4866 haereditateUrhicus,quise
3448 4792 3880 4862 Manetemposla
3954 4853 3955 4860 η

600 4866 702 4922 lib.
739 4881 839 4933 vn,
863 4883 998 4937 cap.
1035 4870 1124 4931 30,
1157 4867 1430 4920 haeresim
1489 4868 2250 4937 Samosatenusreuovavit.

673 4938 750 5008 ('2)
788 4958 815 4988 ι(
842 4936 1061 5006 Manes,
1093 4937 1199 5008 qui
1226 4942 1284 4991 et
1309 4936 1868 5008 Scythianusdictus
1891 4945 1999 5001 est.
2045 4939 2254 4993 Brach-

605 5007 744 5064 man
762 5007 1197 5079 fuitgeuere,et
1236 5007 1662 5079 praeceptorem
1707 5007 1918 5064 habuit
1953 5008 2253 5074 Buddam,

603 5089 780 5137 antea
805 5081 1226 5136 Terebinthum
1259 5081 1646 5135 nominatum.
1684 5079 1920 5135 Buddas
1957 5083 2015 5134 in
2043 5082 2255 5136 Graecis

603 5152 932 5224 disciplinis
987 5153 1358 5222 Empedoclis
1405 5151 1681 5206 haeresim
1726 5159 1814 5208 est
1844 5158 2114 5224 secutus,
2153 5153 2255 5224 qui

604 5225 726 5280 duo
757 5223 1051 5295 principia
1071 5225 1222 5278 inter
1251 5240 1312 5278 se
1333 5224 1630 5295 contraria
1661 5239 1788 5277 esse
1820 5223 1984 5295 dixit,
2008 5223 2254 5279 Conten-

607 5293 826 5351 tionem
849 5303 903 5350 et
932 5293 1288 5350 Amicitiam.
1335 5298 1394 5348 In
1438 5293 1668 5349 Perside
1713 5294 1948 5349 Buddas
1970 5312 2001 5348 e
2031 5297 2256 5364 Virgine

605 5384 666 5422 se
690 5369 1040 5436 genitum,et
1070 5369 1129 5421 in
1163 5365 1466 5421 montibus
1495 5365 1816 5420 educatum
1839 5367 2118 5420 mentitus
2149 5373 2254 5429 est,

652 5446 982 5508 uatuorque
1002 5438 1341 5508 composuit
1367 5436 1575 5508 libros,
1603 5437 1823 5508 quibus
1841 5438 2089 5492 nomina
2111 5438 2256 5492 indi-

652 5455 982 5508 uaiuorque
1002 5455 1341 5508 composuit
1367 5455 1575 5498 nnros,
1603 5455 1823 5508 quibus
1841 5455 2089 5492 nomina
2111 5455 2254 5492 inui-

603 5455 2254 5579 ait,Mysteriorum,Evangelii,Thesauri,Capitulorum.

605 5587 653 5637 Α
676 5578 953 5637 άωωοηθ
975 5587 1179 5638 autem
1227 5578 1414 5637 tortus
1459 5578 1698 5636 interiit.
1726 5580 1865 5650 Ejus
1891 5581 2081 5636 libros
2116 5596 2257 5636 cum

2367 4869 2718 4932 nominavit,
2742 4869 2818 4922 ab
2837 4869 3139 4922 eafemlua
3153 4875 3511 4922 consecutus
3535 4876 3642 4930 est,
3657 4871 3880 4934 etpro‘stlii

2365 4929 2731 4996 venditavit:
2763 4955 2897 5011 quae
2922 4938 3146 4994 femina
3171 4938 3440 4993 Buddam
3463 4929 3880 5011 foveratgetllrﬁé-

2366 5027 2502 5066 cum
2517 5002 2946 5080 scptema’unos
2974 5019 3182 5065 natum
3213 5025 3329 5064 tere
3360 5009 3584 5064 etlibra.
3614 5009 3757 5070 emit,
3779 5002 3878 5080 liber-

2367 5079 2604 5152 tateque
2636 5081 2850 5136 deinde
2886 5080 3177 5136 donatum
3219 5081 3522 5136 haeredem
3552 5079 3876 5152 instituerat.1

2365 5146 2646 5223 (Suidas.)
2666 5172 2694 5203 «
2709 5154 2994 5224 Manetem
3011 5154 3167 5224 hunc
3181 5153 3429 5224 quidem
3448 5160 3630 5206 etiam
3646 5146 3871 5224 Manichei

2365 5222 2586 5288 dixere,
2615 5222 2772 5296 unde
2788 5223 3091 5296 Manichaei
3117 5222 3277 5286 dicti,
3293 5224 3455 5296 quod
3483 5224 3725 5296 verbum
3745 5222 3871 5296 Grati

2365 5295 2820 5368 quodammodo
2853 5295 3157 5368 _siguiticat
3196 5295 3492 5368 insaniam
3521 5294 3820 5368 fundentes.
3843 5294 3867 5368 ξέ

2367 5365 2634 5437 veroipsi
2660 5366 2963 5421 Manichmi
2981 5382 3201 5422 nomen
3226 5365 3546 5434 fugientes,
3574 5365 3863 5429 Mannichﬁ-

2367 5454 2494 5492 sese
2518 5439 2867 5501 vocitarunt,
2901 5437 3076 5508 quasi
3107 5452 3288 5493 mana
3313 5437 3748 5508 fundentes,_ut
3783 5437 3852 5508 re}:

2366 5509 2660 5566 lenocinio
2679 5505 2953 5565 rudiores
2975 5508 3054 5565 ad
3075 5524 3136 5564 se
3163 5505 3440 5565 homines
3468 5505 3855 5580 pertraherent'
