4036 6288
117 293 246 349 1193
1172 282 1748 344 ΕΟΟΕΕΞΙΑΒΤΙΕᾸΕ
1787 280 2152 340 ΗΙΞΤΟΒΙιΕ
2190 282 2326 339 LIB.
2367 277 2464 335 VI.
3325 280 3466 338 1194

113 416 164 472 δ’
218 417 406 492 ἁθρόαν
476 421 751 490 στρατείαν
827 413 1208 490 ὀρῥωδήσαντα
1257 419 1344 467 τὸν
1422 417 1571 479 Θεὸν,
1625 417 1736 484 μὴ.

1846 412 1988 468 .isse.
2039 413 2103 467 Et
2150 409 2462 465 materiam
2511 422 2650 464 cum
2695 406 3074 466 damonibus
3122 413 3178 466 et
3225 408 3364 480 igne
3410 414 3471 467 et

111 511 246 580 ἔχειν
289 508 313 560 ὃ
352 527 404 560 τι
433 509 750 578 χρήσασθαι
790 505 857 566 εἰς
895 507 1116 578 ἄμυναν.
1157 505 1175 523 ⁸
1216 506 1344 558 Οθεν
1385 511 1570 578 μοῖραν
1614 502 1704 573 ἁρ-

1846 517 1971 573 .qua
1997 501 2287 572 impetum
2315 499 2522 553 fecisse
2547 497 2607 552 in
2632 497 2827 552 lucem
2849 497 3023 554 dicit:
3049 498 3235 554 Deum
3264 505 3468 555 autem

1813 595 1934 645 tam
1962 590 2272 660 repentina
2297 587 2587 642 exercitus
2613 586 2743 658 ejus
2774 586 3170 658 impressione
3195 588 3472 644 conterri-

1817 684 1940 734 tum
1960 694 2078 733 non
2095 676 2400 736 habuisse,
2415 692 2535 746 quo
2551 681 2779 732 tantam
2791 676 2910 731 vim
2931 677 3278 733 vindicaret.
3293 676 3470 750 428

1816 768 2018 839 Itaque
2059 766 2224 821 illum
2251 770 2480 838 partem
2511 765 2657 819 lucis
2689 770 3008 837 arreptam,
3043 766 3223 822 veluti
3253 783 3471 839 quam-

1815 857 1955 912 dam
1981 856 2424 918 inescationem,
2453 859 2660 909 contra
2687 854 2996 910 materiam
3020 857 3274 912 misisse.
3310 856 3474 914 Hanc

1815 960 1958 999 vero
1996 943 2392 1009 vulneratam,
2426 947 2714 1015 parteque
2744 959 2814 999 ea
2841 943 2990 999 lucis
3019 945 3307 1018 absorpta
3344 961 3479 1016 gra-

1815 1033 2022 1088 vidam
2061 1049 2192 1089 esse
2222 1032 2465 1088 factam.
2502 1033 2630 1098 Qua
2658 1048 2720 1087 re
2747 1033 3025 1090 adactum
3059 1036 3265 1101 Deum,
3300 1052 3480 1092 mun-

1819 1125 1966 1177 dum
1994 1121 2362 1186 condidisse,
2385 1127 2450 1177 ut
2471 1126 2973 1179 concertationem
2997 1122 3176 1180 talem
3199 1124 3476 1194 solveret,

1821 1218 1877 1267 et
1897 1211 1974 1267 ad
2002 1227 2236 1283 pacem,
2258 1227 2330 1266 ea
2355 1227 2491 1282 qua
2513 1211 2662 1266 inter
2683 1227 2744 1266 se
2770 1219 3125 1283 pugnarent,
3148 1215 3478 1283 reduceret,

1823 1301 2143 1373 lucemque
2173 1302 2438 1357 materia
2471 1301 2708 1357 mistam
2741 1302 3029 1372 paulatim
3059 1305 3118 1358 in
3147 1304 3481 1362 libertatem

1822 1391 2137 1461 redigeret.
2162 1391 2468 1445 Hominem
2490 1406 2670 1462 porro
2687 1406 2807 1446 non
2827 1408 2862 1446 a
2881 1393 3018 1463 Deo,
3033 1393 3137 1448 sed
3157 1409 3192 1449 a
3217 1393 3482 1466 principe

1825 1481 2089 1536 materia
2117 1480 2326 1536 Seucla
2348 1481 2554 1535 ﬁctum
2575 1495 2707 1536 esse
2732 1497 2745 1534 :
2775 1487 2830 1536 et
2853 1483 3032 1536 Evam
3054 1482 3341 1551 similiter,
3375 1483 3483 1539 sed

1825 1570 2222 1626 inanimatam
2260 1575 2542 1634 creatam,
2575 1576 2632 1624 et
2659 1570 3029 1626 immobilem
3065 1587 3078 1626 :
3115 1571 3306 1628 Adam
3344 1589 3483 1629 vero

1827 1659 2021 1714 forma
2051 1657 2210 1721 fera,
2243 1657 2476 1728 aliaque
2505 1657 2670 1713 hisce
2699 1657 2918 1714 similia
2947 1665 3207 1730 nugatus
3235 1667 3343 1717 est.
3373 1661 3483 1718 So-

111 1751 234 1812 ὕλης
283 1751 452 1804 ἐκάλει
496 1771 508 1784 ·
544 1756 628 1804 τὸν
671 1748 731 1804 δὲ
758 1755 926 1823 γάμον
966 1760 1056 1804 τοῦ
1098 1749 1347 1802 διαϐόλου
1400 1751 1718 1819 νομοθεσίαν

1853 1763 1945 1803 em
1975 1752 2032 1801 et
2058 1746 2266 1801 lunam
2289 1745 2556 1802 divinum
2576 1745 2869 1818 quiddam
2892 1764 3023 1804 esse
3051 1750 3296 1821 putavit,
3317 1766 3388 1806 ac
3407 1753 3484 1808 de

111 1841 266 1911 ἔλεγε.
318 1844 417 1893 Τὸν
474 1837 533 1892 δὲ
581 1844 770 1914 Κύριον
823 1843 940 1892 οὔτε
987 1841 1173 1911 ψυχὴν
1228 1839 1568 1909 ἀνειληφέναι,
1607 1839 1722 1888 οὔτε

1846 1836 1915 1891 eis
1934 1835 2122 1890 multa
2139 1835 2370 1890 silentio
2386 1834 2570 1905 digna
2587 1840 2926 1907 portentose
2944 1837 3252 1894 conﬁnxit.
3275 1839 3485 1896 Diabo-

1830 1924 1956 1980 lum
1989 1939 2148 1978 nunc
2178 1924 2514 1988 materiam,
2543 1939 2704 1980 nunc
2734 1927 2996 1981 materia
3026 1927 3357 2000 principem
3385 1945 3488 1985 vo-

1833 2013 2005 2068 cavit.
2041 2012 2398 2082 Conjugium
2427 2012 2648 2068 diaboli
2679 2013 2869 2084 legem
2903 2020 2960 2070 et
2997 2016 3488 2076 constitutionem

1832 2117 1962 2157 esse
1994 2100 2161 2167 dixit,
2191 2103 2507 2157 Dominum
2542 2108 2741 2159 autem
2769 2118 2965 2176 neque
2994 2105 3264 2162 animam
3293 2123 3488 2181 neque

1835 2208 2055 2264 corpus
2077 2193 2388 2264 recepisse,
2403 2193 2507 2247 sed
2529 2191 2833 2249 hominem
2869 2199 3099 2252 tantum
3118 2197 3313 2252 visum
3338 2213 3489 2268 esse,

1837 2281 1984 2337 nihil
2015 2282 2260 2336 humani
2292 2281 2634 2348 habentem,
2662 2287 3044 2348 asseveravit,
3078 2287 3492 2358 perpessiones

1837 2387 1974 2425 vero
1995 2371 2046 2424 ei
2077 2386 2182 2440 per
2212 2371 2469 2441 speciem
2498 2377 2729 2426 tantum
2761 2377 2818 2427 et
2841 2371 3044 2428 fucum
3071 2375 3364 2431 accidisse
3390 2376 3492 2446 (t).

1838 2459 2346 2515 Resurrectionem
2375 2475 2696 2532 corporum
2719 2461 2897 2517 veluti
2918 2461 3186 2518 fabulam
3215 2465 3495 2537 repudia-

1837 2548 1922 2602 vit
1945 2547 2169 2603 nullam
2191 2549 2346 2602 enim
2375 2549 2634 2604 materia
2655 2549 3010 2621 particulam
3032 2551 3280 2621 dignam
3305 2552 3494 2610 salute

109 599 346 650 πείσαντα
398 603 489 648 τοῦ
543 600 728 668 φωτὸς,
799 595 904 647 οἷόν
955 615 1006 646 τι
1046 591 1226 666 δέλεαρ
1266 591 1609 664 καταπέμψαι
1638 597 1700 662 τῇ

107 687 222 757 ὕλη.
267 687 537 756 Τρωθείσα
592 681 813 741 δ’ἐκείνη
867 689 958 736 καὶ
1015 692 1352 736 καταπιοῦσα
1404 685 1704 740 ἐκίσσησεν,

113 776 532 846 Ἀναγκασθέντα
581 770 640 825 δὲ
671 777 755 825 τὸν
808 776 957 836 Θεὸν,
1003 770 1404 844 δημιουργῆσαι
1448 773 1534 821 τὸν
1585 773 1685 820 κόσ

107 883 203 935 μον
242 879 260 894 ⁸

110 953 312 1025 εἰρήνην
373 951 586 1022 ἀγαγεῖν
644 955 709 1003 τὰ
766 956 1045 1023 μαχόμενα
1099 968 1110 980 ·

105 1049 170 1113 τῇ
213 1041 304 1113 ὕλῃ
348 1048 451 1112 φῶς
499 1043 634 1092 κατὰ
681 1037 862 1114 βραχὺ
921 1041 1283 1112 ἐλευθερῶσαι.
1351 1042 1450 1090 Τὸν
1508 1033 1566 1089 δε
1623 1037 1710 1086 οἶν-

110 1132 309 1202 θρωπον
337 1129 441 1200 οὐχ
473 1130 574 1180 ὑπὸ
609 1138 762 1195 Θεοῦ,
797 1129 903 1179 ἀλλ’
936 1130 1043 1180 ὑπὸ
1085 1135 1176 1180 τοῦ
1234 1127 1470 1198 ὑλάρχου
1520 1123 1712 1177 Σεύκλα

319 862 450 914 ὥστε
500 859 755 915 διαλῦσαι
821 862 978 922 αὐτῆς
1026 866 1120 920 τὴν
1163 864 1444 921 σύστασιν,
1495 862 1584 910 καὶ
1637 856 1708 917 εἰς

1175 955 1265 1002 καὶ
1305 953 1364 1000 τὸ
1423 948 1707 1019 ἀνακραθέν

107 1220 406 1276 πλασθῆναι
440 1235 452 1247 ·
486 1223 576 1270 καὶ
638 1223 729 1276 τὴν
772 1219 909 1273 Εὕαν
964 1221 1232 1282 ὡσαύτως,
1298 1216 1432 1274 πλὴν
1497 1213 1709 1286 ἄψυχον

945 1310 1033 1358 τὸν
1087 1303 1146 1358 δε
1201 1301 1378 1377 Ἀδὰμ
1437 1307 1713 1376 θηριόμορ-

251 1415 263 1428 ·
307 1402 395 1448 καὶ
439 1395 569 1447 ἄλλα
625 1401 893 1467 παρόμοια
945 1395 1115 1468 ληρῶν
1159 1395 1437 1447 συνετίθει.
1495 1395 1593 1444 Τὸν
1655 1388 1714 1443 δε

108 1309 403 1367 πλασθῆναι
461 1312 550 1359 καὶ
601 1306 845 1365 ἀκίνητον
883 1325 894 1336 ·

110 1416 200 1468 γον

110 1486 249 1544 ἣλιον
298 1491 388 1537 καὶ
437 1489 533 1543 τὴν
600 1485 816 1542 σελήνην
867 1487 979 1537 θεῖα
1019 1484 1242 1556 ἐνόμιζε.
1299 1487 1399 1535 Καὶ
1447 1485 1562 1556 περὶ
1601 1482 1716 1532 τοῦ·

108 1593 208 1626 των
249 1571 306 1626 δε
362 1574 524 1625 πολλὰ
565 1583 720 1645 σιγῆς
772 1574 895 1636 ἄξια
949 1573 1170 1626 πλεῖστα
1228 1571 1574 1643 ἐτερατεύετο.
1619 1572 1716 1621 Τὸν

115 1660 173 1716 δὲ
231 1660 471 1715 διάϐολον
525 1667 647 1714 ποτε
698 1668 788 1734 μὲν
842 1663 987 1726 ὕλην,
1044 1665 1164 1714 ποτε
1223 1658 1284 1712 δε
1335 1663 1569 1732 ἄρχοντα
1627 1664 1718 1716 τῆς

119 1932 268 2000 σῶμά
320 1949 499 2001 φησιν,
553 1930 662 1982 ἀλλ’
717 1934 781 1990 ὡς
835 1932 1106 2004 ἄνθρωπον
1164 1936 1383 2001 φανῆναι
1427 1923 1592 1998 μηδεν
1641 1924 1722 1976 ἁν-

121 2021 370 2091 θρώπινον
423 2022 617 2090 ἔχοντα
657 2035 672 2050 ⁸
717 2024 980 2091 φαντασίᾳ
1039 2016 1098 2070 δε
1136 2024 1228 2070 καὶ
1279 2021 1344 2069 τὰ
1381 2019 1525 2073 πάθη
1584 2014 1724 2083 αὐτῷ

116 2110 512 2179 γενέσθαι..Τὴν
560 2105 610 2160 δ’
656 2107 945 2160 ἀνάστασιν
993 2117 1093 2158 τῶν
1149 2109 1402 2178 σωμάτων
1457 2107 1526 2166 ὡς
1564 2105 1726 2176 μῦθον

122 2199 408 2249 άπωθεῖτο·
451 2195 601 2249 οὐδὲν
654 2200 756 2272 γὰρ
817 2206 913 2258 τῆς
957 2197 1082 2259 ὖλης
1123 2203 1304 2269 μόριον
1343 2195 1487 2257 ἄξιον
1555 2212 1728 2249 σωτη-

120 2291 231 2358 ρίας
303 2287 460 2357 ἔλεγε.

120 2381 209 2427 καὶ
261 2376 328 2436 εἰς
395 2384 601 2433 πτηνῶν
657 2381 747 2427 καὶ
809 2384 1010 2432 κτηνῶν
1073 2381 1163 2427 καὶ
1233 2378 1424 2446 θηρίων
1487 2378 1726 2442 σώματα.

542 2293 736 2358 Ψυχῶν
808 2284 865 2338 δὲ
935 2290 1420 2358 μετενσωματώσεις
1487 2279 1725 2345 ἐδόξαζε,

119 2463 251 2516 Ὀλα
279 2461 338 2517 δὲ
370 2470 460 2516 καὶ
498 2465 632 2516 αὐτὰ
683 2467 747 2516 τὰ
781 2472 1024 2535 στοιχεῖα
1053 2465 1276 2536 ἔμψυχα
1315 2461 1443 2515 εἶναι
1482 2461 1730 2532 νομίξου-

123 2573 204 2606 σιν
242 2556 290 2604 οἱ
327 2560 444 2625 περι
471 2554 648 2605 αὐτόν.
691 2557 960 2614 Γοητείαις
1005 2549 1063 2605 δὲ
1105 2550 1372 2625 διαφόροις
1418 2554 1727 2622 κέχρηνται,

123 2649 212 2695 καὶ
249 2648 518 2715 μυστήρια
549 2639 760 2712 δυσαγῆ
805 2643 1090 2696 ἐκτελοῦσι.
1126 2646 1212 2694 Διὸ
1252 2645 1341 2692 καὶ
1383 2636 1729 2698 δυσίκνιπτος

126 2733 157 2788 ἡ
200 2731 392 2783 ἐκείνων
451 2729 796 2797 διδασκαλία,
853 2738 970 2793 ταῖς
1019 2740 1120 2782 τῶν
1188 2728 1452 2802 δαιμόνων
1503 2723 1730 2798 ἑπῳδαῖς

137 2823 228 2881 τὰς
266 2820 442 2893 ψυχὰς
472 2817 888 2892 καταδεσμοῦσα
916 2829 1017 2872 τῶν
1042 2821 1370 2892 τελουμένων.

1834 2636 2145 2705 judicavit.
2175 2637 2524 2691 Animarum
2549 2643 2750 2693 autem
2780 2640 3161 2696 transitiones
3187 2657 3218 2696 e
3241 2657 3494 2714 corpore

1841 2726 1899 2780 in
1923 2740 2160 2796 corpus,
2180 2732 2236 2780 et
2254 2726 2499 2797 quidem
2518 2727 2694 2782 etiam
2712 2727 2773 2782 in
2800 2727 3112 2785 volucrum
3130 2735 3186 2786 et
3203 2745 3491 2802 pecorum

1840 2820 1896 2870 et
1922 2813 2183 2871 ferarum
2207 2830 2481 2886 corpora,
2504 2814 2729 2871 docuit.
2759 2817 2936 2888 Cujus
2965 2824 3284 2876 sectatores
3313 2821 3494 2879 etiam

136 2909 423 2966 elementa
454 2913 658 2966 omnia
697 2911 966 2966 animata
994 2927 1121 2965 esse
1153 2910 1530 2964 arbitrantur.
1570 2908 1820 2962 Utuntur
1847 2904 2028 2959 variis
2057 2904 2403 2975 imposturis
2429 2921 2498 2960 ac
2527 2906 2854 2976 praestigiis,
2887 2907 3236 2981 nefariaque
3256 2920 3311 2965 et
3337 2925 3502 2966 exse-

128 3000 350 3054 cranda
372 3005 672 3071 peragunt
695 3000 976 3069 mysteria
1001 3000 1103 3071 (2).
1136 2999 1511 3069 Quapropter
1535 2993 1805 3050 doctrina
1824 3009 2034 3048 eorum
2056 2993 2376 3048 ineluibilis
2398 2994 2654 3050 habetur
2679 3011 2689 3050 :
2715 2996 3063 3053 damonum
3083 2998 3501 3056 incantationi-

120 3088 234 3144 bus
266 3091 506 3144 animas
539 3088 877 3153 hominum,
905 3088 1007 3160 qui
1039 3104 1109 3144 ea
1139 3093 1280 3142 sunt
1309 3084 1540 3150 initiati,
1586 3082 1901 3140 obstrictas
1934 3081 2295 3138 tenentibus.

715 3209 962 3257 ΚΕΦΑΛ.
1006 3206 1126 3257 AB’.
1763 3198 1804 3254 C

147 3320 235 3372 Ως
275 3312 301 3362 ὁ
340 3311 560 3372 Μάνης
597 3314 709 3368 τὴν
745 3307 942 3384 δορὰν
981 3318 1089 3384 τοῦ
1131 3315 1431 3384 σώματος
1471 3307 1731 3380 ἀφαιρε-

453 3384 612 3448 θεὶς,
653 3379 1178 3458 κυσὶπαρεδόθη
1222 3379 1409 3454 βορά.

197 3497 348 3565 Τρεῖς
390 3485 440 3540 δ’
496 3491 521 3540 ὁ
580 3492 757 3550 Μάνης
808 3491 1133 3562 κτησάμενος
1199 3490 1464 3560 φοιτητὰς,
1527 3482 1733 3539 ’Δδδαν

122 3585 220 3632 καὶ
267 3585 462 3650 Θωμᾶν
501 3584 590 3630 καὶ
626 3577 840 3651 Ἑρμᾶν,
883 3583 970 3630 τὸν
1020 3581 1109 3650 μεν
1149 3573 1356 3631 Ἂδδαν
1397 3579 1576 3648 Σύροις
1617 3574 1735 3626 ἁπέ-

122 3668 298 3722 στειλε
332 3673 540 3740 κήρυκα
574 3685 586 3697 ⁸
646 3665 836 3730 Ἰνδοῖς
875 3665 934 3720 δε
973 3671 1058 3719 τὸν
1101 3673 1314 3738 Θωμᾶν.
1359 3667 1498 3719 Ἐπεὶ
1538 3661 1589 3716 δ’
1617 3662 1736 3715 ἄττα-

118 3759 317 3818 νῆλθον
379 3757 542 3810 πολλὰ
578 3757 810 3829 λέγοντες
877 3755 1024 3810 δεινὰ
1082 3760 1285 3821 παθεῖν,
1353 3752 1573 3828 μηδενὸς
1629 3752 1737 3804 ἁνε-

116 3852 360 3921 χόμένον
393 3850 478 3898 τὸν
509 3849 730 3905 Μάνητα
769 3843 1096 3899 διδάσκαλον
1139 3843 1413 3910 δίξάσθαι,
1460 3843 1737 3914 ἐτόλμησεν

119 3941 147 3992 ὁ
195 3942 540 4010 παμπόνηρος
595 3942 684 3988 καὶ
750 3940 980 4010 Χριστόν
1050 3936 1227 3989 ἑαυτὸν
1303 3935 1579 4007 ὀνομάσαι,
1651 3937 1738 3983 καὶ

118 4034 342 4097 Πνεῦμα
390 4025 558 4096 ἆγιον,
619 4032 708 4078 καὶ
775 4025 922 4077 ἄλλον
984 4025 1321 4099 Παράκλητον
1395 4022 1738 4076 ἀπεστάλθαι.

118 4120 234 4170 Καὶ
291 4110 616 4166 δυοκαίδεκα
677 4110 736 4166 δὲ
785 4115 1022 4186 μαθητὰς
1112 4113 1444 4184 ἐπαγόμενος,
1515 4111 1584 4171 εἰς
1649 4114 1742 4167 τὴν

115 4207 314 4262 Μέσην
368 4213 466 4255 τῶν
507 4213 751 4275 ποταμῶν
784 4204 1014 4276 ἀφίκετο,
1070 4208 1164 4262 τὴν
1194 4212 1290 4256 τῶν
1337 4210 1543 4275 Περσῶν
1583 4198 1744 4273 βασι-

114 4296 274 4348 λείαν
330 4290 757 4367 διαδιδράσκων.
826 4296 1138 4367 Θεραπεύειν
1201 4297 1301 4364 γὰρ
1371 4295 1746 4363 νεανιευόμενος

114 4387 219 4436 τὸν
252 4391 347 4436 τοῦ
391 4382 646 4455 βασιλέως
699 4380 886 4452 παῖδα,
944 4386 1156 4454 μείζοσι
1193 4390 1377 4442 κακοῖς
1430 4379 1742 4455 περιέϐαλεν.

132 4481 214 4534 Ως
277 4470 521 4526 δ’ἐκεῖθεν
583 4470 667 4524 οἶα
739 4477 1004 4544 προφανὴς
1062 4472 1289 4534 ἀντίθεος
1349 4470 1593 4536 ἐξηλάθη,
1656 4474 1742 4521 καὶ

2339 3197 2515 3270 429
2547 3201 2770 3257 CAPUT
2800 3202 3003 3260 XXXII.

1851 3305 1923 3362 Ut
1967 3305 2193 3372 Manes,
2226 3305 2498 3363 detracta
2541 3309 2716 3381 totius
2746 3310 3013 3380 corporis
3049 3312 3225 3381 pelle,
3258 3312 3502 3370 canibus

2399 3394 2529 3434 esca
2558 3380 2821 3448 objectus
2849 3384 2948 3437 sit.

1913 3487 2110 3541 Manes
2144 3489 2344 3540 autem
2393 3502 2532 3541 cum
2583 3491 2696 3542 tres
2724 3487 2972 3545 haberet
3015 3495 3353 3556 sectatores,
3384 3490 3504 3546 Ad-

1843 3574 2006 3638 dam,
2030 3573 2322 3630 Thomam
2352 3581 2408 3630 et
2437 3575 2717 3642 Herman,
2749 3593 2822 3633 ex
2847 3577 2919 3632 iis
2939 3579 3171 3635 Addam
3197 3582 3274 3636 ad
3299 3582 3500 3652 Syros,

1845 3662 1920 3718 ad
1954 3663 2134 3717 Indos
2174 3668 2376 3718 autem
2412 3664 2700 3720 Thomam
2733 3665 2897 3722 misit
2926 3683 3252 3738 pracones.
3283 3669 3394 3736 Qui
3421 3684 3507 3725 re-

1847 3752 1997 3807 versi
2057 3767 2192 3807 cum
2241 3768 2304 3807 se
2359 3752 2623 3809 dicereut
2668 3754 2858 3810 multa
2901 3755 3054 3812 dura
3095 3773 3306 3830 passos
3350 3773 3505 3827 esse,

1847 3856 2042 3911 neque
2061 3856 2432 3913 quemquam
2456 3841 2791 3899 doctrinam
2810 3845 2938 3916 ejus
2949 3846 3210 3918 recipere
3226 3845 3510 3918 voluisse,

1848 3946 2034 3985 ausus
2092 3937 2178 3985 est
2232 3931 2504 3986 omnium
2557 3932 2871 3989 hominum
2930 3935 3507 4006 importunissimus,

1850 4020 2112 4090 seipsum
2148 4020 2442 4075 Christum
2465 4021 2794 4092 nominare,
2825 4027 2881 4079 et
2909 4022 3194 4096 Spiritum
3228 4032 3508 4084 sanctum

1851 4108 2156 4180 aliumque
2185 4109 2554 4165 Paracletum
2582 4111 2831 4166 missum
2859 4128 2988 4168 esse
3016 4113 3232 4170 dicere.
3263 4117 3330 4170 Et
3363 4114 3513 4170 duo-

1851 4198 2044 4253 decim
2069 4215 2270 4253 secum
2304 4199 2528 4254 ducens
2554 4199 2898 4272 discipulos,
2931 4202 2990 4257 in
3021 4203 3512 4276 Mesopotamiam

1852 4288 2138 4360 pervenit,
2173 4289 2609 4363 Persarumque
2640 4305 2893 4359 regnum
2925 4293 3285 4363 peragravit,
3317 4310 3386 4350 ac
3429 4298 3515 4349 te-

1854 4379 2108 4434 merario
2162 4378 2592 4450 impotentique
2639 4379 2842 4435 animo
2881 4381 3040 4451 regis
3088 4382 3168 4436 ibi
3207 4382 3396 4438 tilium
3448 4397 3513 4438 se

1857 4474 2202 4522 curaturum
2234 4473 2324 4521 est
2353 4467 2668 4538 pollicitus,
2698 4469 2802 4524 sed
2828 4469 3026 4542 ipsum
3058 4471 3386 4542 majoribus
3408 4486 3520 4544 op-

118 4561 285 4623 αὖθις
353 4567 445 4620 τὴν
504 4558 744 4634 Περσίδα
798 4561 1062 4627 κατέλαϐε,
1125 4561 1440 4633 συλληφθεὶς
1491 4562 1590 4612 ὑπὸ
1659 4566 1736 4611 τοί

1860 4557 2074 4628 pressit
2094 4555 2292 4611 malis.
2317 4557 2710 4628 Posteaquam
2733 4564 2932 4613 autem
2955 4559 3092 4614 inde
3114 4565 3223 4626 est,
3246 4568 3307 4615 ut
3324 4563 3517 4617 mani-

125 4648 422 4724 βασιλίως,
455 4651 547 4705 τὴν
581 4652 841 4720 Περσικὴν
894 4649 1179 4720 ὑφίσταται
1223 4647 1456 4700 κόλασιν.
1507 4652 1612 4707 Τῆς
1650 4646 1750 4716 γὰρ

127 4735 304 4811 δορᾶς
363 4739 671 4810 γυμνωθεὶς,
735 4741 890 4788 κυσὶν
952 4733 1109 4794 ἐδόθη
1181 4733 1332 4810 βορά.
1388 4735 1637 4789 Τοιοῦτον
1683 4740 1756 4803 τῷ

129 4823 402 4879 δυσσεϐεῖ
452 4829 510 4878 τὸ
551 4826 710 4887 τέλος.
766 4826 825 4877 Εἰ
849 4827 948 4900 γάρ
993 4845 1070 4887 τις
1101 4829 1186 4877 τὸν
1253 4825 1510 4897 φληναφον
1556 4821 1757 4894 ἔκείγου

212 4951 303 5021 (1)
350 4972 371 5000 ι
418 4951 510 5008 Sic
545 4957 600 5005 et
638 4949 924 5006 Basilides
966 4950 1043 5005 ab
1097 4949 1326 5005 abraxa
1373 4949 1674 5021 Christum
1701 4947 1762 5001 in

129 5018 571 5095 phantasmate
590 5024 782 5095 carnis
799 5023 1049 5095 missum
1064 5038 1198 5095 esse
1215 5021 1546 5076 blateravit.
1570 5019 1628 5095 ιι(
1646 5018 1764 5073 l‘er-

131 5092 277 5150 iull.
294 5094 314 5164 )
333 5095 497 5149 —lta
514 5096 670 5149 enim
687 5094 802 5149 sibi
819 5092 1078 5149 haretici
1092 5101 1431 5148 monstrosa
1457 5093 1767 5161 conligunt

131 5165 467 5220 vocabula.

219 5236 302 5308 (72)
363 5259 390 5287 «
451 5233 682 5308 Ἐναγεῐς
749 5239 835 5286 καὶ
905 5237 1207 5308 νυκτερινὰς
1281 5239 1368 5286 καὶ
1438 5234 1770 5308 παρανόμους

137 5307 342 5380 μίξεις,
371 5312 459 5359 καὶ
481 5307 858 5382 Ααρρητοποιίας
884 5327 896 5340 ο
929 5306 1186 5382 hoc‘est,
1225 5306 1643 5382 e_xse_cz_'a_nd_os,
1665 5319 1772 5382 _no-

145 5376 395 5504 ιὶἒυητᾶοε
407 5376 794 5504 εξίιῑὲθίιιπιοε
811 5378 1482 5450 concubitus,etﬂagitiai
1492 5376 1770 5449 nfanda.»

235 5467 293 5504 Ul
344 5467 430 5504 as.

187 5450 430 5508 Suidas.

156 5451 720 5650 (δῗέἴῖερζι-εενυω
742 5537 844 5576 rex
878 5536 1015 5576 eum
1038 5520 1240 5576 vivum
1263 5519 1554 5576 excoriari
1579 5516 1774 5587 jussit,

156 5598 226 5649 ut
325 5593 646 5650 iisuinecis
676 5599 1006 5649 auctorem.
1028 5593 1273 5650 Earum
1293 5605 1562 5650 namque
1585 5589 1774 5650 illum.

149 5598 226 5649 ut
245 5589 646 5650 ‘ﬁliisuinecis
676 5599 1006 5649 auctorem.
1028 5593 1273 5664 Egrum
1293 5605 1562 5663 namque
1585 5589 1776 5656 illum,

452 5684 603 5738 Pun
619 5698 706 5739 οι..
748 5683 850 5739 Gn.
879 5683 1080 5740 CXLV.

1860 4646 2044 4701 festus
2082 4644 2184 4699 Dei
2213 4650 2607 4717 contemptor,
2635 4646 2933 4718 repulsus,
2956 4663 3093 4703 cum
3125 4665 3195 4704 eo
3225 4649 3514 4716 rediisset,

1863 4751 1899 4790 a
1935 4747 2074 4802 rege
2113 4733 2586 4803 comprehensus
2635 4735 2932 4791 Persicum
2975 4735 3254 4793 sustinuit
3293 4737 3522 4809 suppli-

1865 4823 2023 4879 cium
2064 4821 2165 4892 (3).
2219 4824 2484 4879 Detracta
2523 4824 2682 4876 enim
2722 4828 2873 4889 cute,
2908 4825 2988 4880 ita
3022 4825 3223 4881 nudus
3264 4826 3519 4883 canibus

1867 4947 2008 5004 citra
2043 4960 2288 5000 omnem
2313 4947 2586 5000 omnium
2611 4946 2975 5003 medicorum
2999 4955 3255 5022 opemiet
3275 4966 3524 5022 operam

1871 5036 1932 5074 se
1984 5025 2336 5091 sanaturum
2387 5024 2854 5091 curaturumque
2906 5035 3035 5074 esse
3082 5021 3374 5091 pollicitus
3417 5029 3526 5078 est.

1873 5091 2018 5144 Cum
2048 5089 2272 5162 itaque
2295 5088 2526 5162 medici,
2556 5089 2616 5162 in
2661 5088 2919 5162 quorum
2956 5088 3100 5146 cura
3138 5093 3336 5162 regius
3383 5109 3530 5162 puer

1875 5166 2018 5221 erat,
2048 5160 2274 5213 dimissi
2307 5159 2572 5224 fuissent,
2604 5159 2759 5214 brevi
2794 5160 2883 5215 ille
2919 5168 3186 5217 mortuus
3209 5159 3324 5218 cst.
3355 5159 3532 5220 Vetus

1875 5235 2343 5296 Testamentum,
2385 5232 2630 5303 perinde
2664 5238 2841 5303 atque
2883 5248 3001 5288 nou
3037 5234 3178 5288 boni
3214 5235 3311 5290 Dei
3349 5243 3534 5303 esset,

1882 5303 2094 5376 Manes
2124 5317 2360 5376 quoque
2401 5302 2626 5376 rejecit;
2670 5309 2725 5358 et
2749 5302 3007 5367 Novum,
3040 5311 3339 5376 tanquam
3389 5302 3535 5363 boni

1883 5393 1918 5429 a
1971 5372 2262 5443 probavit.
2304 5374 2600 5429 Christum
2641 5381 2841 5429 autem
2885 5372 3191 5445 opinione
3210 5383 3440 5434 tantum
3479 5385 3537 5436 et

1887 5391 2206 5500 phantasia
2244 5445 2616 5500 aDDaruisse.
2645 5448 2971 5500 omniaque
3009 5463 3115 5500 ner
3149 5447 3354 5500 fucum
3394 5465 3534 5500 ces-

1976 5446 2206 5500 antasia
2244 5445 2616 5522 apparuisse,
2645 5448 2971 5522 omniaque
3009 5463 3115 5520 per
3149 5447 3354 5505 fucum
3393 5465 3534 5522 ges-

1892 5515 2056 5582 sisse,
2090 5515 2366 5574 asseruit.
2400 5538 2419 5569 ε
2459 5515 2646 5588 (Idem
2684 5515 2952 5591 Suidas.)

3191 5681 3263 5740 38
