4036 6288
138 314 267 370 1197

1182 306 1748 365 ECCLESIASTlCzE
1789 304 2138 363 HISTORIA?
2177 307 2306 363 LIB.
2349 306 2442 362 Vl.

3339 307 3480 366 1198

140 460 238 495 σιν.
286 443 402 494 Ἐπὶ
435 436 494 493 δὲ
552 437 746 512 Πρόϐον
788 439 818 496 ἡ
871 435 1118 509 βασιλεία
1167 434 1550 507 μετεκυϐεύετο.
1599 437 1724 487 Τέσ·

1847 449 2080 489 manam
2138 431 2594 490 administravit.
2644 431 2885 505 Utrique
2920 432 2962 490 ii
3013 433 3166 490 ferro
3198 433 3476 492 trucidati

139 549 294 603 σαρας
321 537 446 601 γοῦν
481 538 642 600 μῆνας
673 533 761 579 καὶ
791 523 938 588 οὗτος
969 529 1116 578 πέντε
1151 528 1244 576 σὺν
1274 527 1409 576 ἔτεσι
1451 521 1721 588 διανύσας,

136 618 416 693 ἀναιρεῖται
455 621 544 690 μὲν
597 617 645 669 έν
695 622 889 689 Σερμίῳ
919 637 931 648 ·
967 618 1121 688 Κάρῳ
1179 610 1238 666 δὲ
1289 619 1379 666 καὶ
1431 621 1539 675 τοῖς
1600 613 1726 664 ἐκεί-

136 728 220 761 νου
291 711 462 771 παισὶ,
540 711 744 780 Καρίνῳ
823 709 912 757 καὶ
985 711 1341 778 Νουμεριανῷ,
1404 706 1461 755 τό
1540 703 1726 775 κράτος

136 802 448 872 παρέπεμπε.
507 801 607 848 Καὶ
658 798 850 847 τούτων
906 791 964 845 δὲ
1018 790 1131 845 οὐδ’
1180 793 1311 852 ὅλοις
1361 796 1506 866 τρισὶ
1543 788 1724 862 διαγε-

137 891 347 959 νομένων
406 885 676 950 ἐνιαυτοῖς,
752 887 952 956 μέτεισι
1020 887 1085 934 τά
1162 891 1256 943 τῆς
1309 884 1587 952 ἡγεμονίας
1643 882 1725 932 ἐπὶ

139 975 513 1033 Διοκλητιανόν.
567 981 651 1044 Τῷ
711 969 769 1025 δὲ
831 980 921 1024 τοῦ
973 973 1145 1044 Κάρου
1199 973 1294 1040 υἱῷ
1367 966 1722 1042 Νουμεριανῷ,

139 1063 432 1137 Ἀντιοχείᾳ
487 1062 864 1137 προσϐάλλοντι
929 1069 990 1134 τῇ
1046 1064 1173 1132 πρὸς
1233 1059 1496 1132 Ὀρόντην,
1577 1058 1726 1130 λόγος

137 1154 286 1206 αὐτὸν
347 1158 438 1204 καὶ
491 1156 572 1204 επὶ
633 1157 724 1210 τὴν
789 1160 888 1202 τῶν
943 1157 1265 1224 Χριστιανῶν
1312 1147 1588 1205 ἐκκλησίαν
1646 1147 1728 1198 έλ-

141 1244 278 1294 θεῖν·
349 1243 604 1314 ᾑρημένον
681 1236 738 1292 δε
812 1243 900 1290 καὶ
974 1245 1083 1298 τοῖς
1144 1237 1343 1290 ἐκείνων
1412 1241 1727 1310 μυστηρίοις

138 1329 300 1392 ἀδεῶς
356 1333 731 1404 παρακύπτειν,
791 1332 875 1380 τόν
928 1337 1017 1388 τῆς
1063 1327 1256 1389 πόλεως
1303 1327 1582 1380 ἐπίσκοπον
1625 1334 1729 1378 Βα-

139 1419 314 1485 ϐύλαν,
372 1422 575 1491 ἐπέχειν
630 1424 700 1480 είς
746 1425 1023 1490 πρόσωπον
1091 1415 1450 1469 ἀντιϐαίνοντα
1503 1421 1729 1488 γενναιό-

137 1528 277 1584 τερον
317 1526 331 1540 ·
374 1509 467 1560 οὐκ
520 1507 627 1570 ἐξόν
681 1508 810 1559 εἶναι
862 1509 1126 1578 φάσκοντα
1177 1514 1286 1567 τοίς
1337 1505 1390 1557 ἐκ
1438 1516 1535 1558 τῶν
1580 1502 1731 1558 εἰδω-

138 1599 288 1650 λικῶν
347 1600 538 1650 θυσιῶν
607 1597 814 1668 λύθροις
880 1600 1247 1668 μεμιασμένον,
1316 1600 1400 1647 τὸν
1454 1603 1545 1646 τοῦ
1598 1603 1730 1649 Θεοῦ

140 1686 274 1742 οἶκον
328 1688 631 1740 είύε).ασνειν
682 1685 886 1758 ἀθρόον,
941 1691 1030 1738 καὶ
1077 1689 1142 1738 τὰ
1192 1687 1303 1738 θεία
1343 1691 1615 1759 μυστήρια
1645 1683 1733 1758 βε-

1835 528 1972 577 sunt
2001 523 2103 592 (t),
2154 527 2212 577 et
2242 521 2404 578 caede
2447 537 2656 578 eorum
2705 523 3024 594 imperium
3081 522 3162 579 ad
3214 523 3474 580 Probum

1834 611 2186 667 translatum
2204 617 2310 667 est.
2339 611 2442 666 Hic
2464 611 2639 668 annis
2673 627 2779 666 sex
2807 617 2863 666 et
2893 612 3204 668 mensibus
3221 617 3480 685 quatuor

1834 716 1905 756 eo
1922 701 2164 772 potitus,
2193 707 2370 773 atque
2397 702 2455 755 in
2483 700 2697 757 Sirmio
2718 701 2972 767 occisus,
3003 703 3152 758 Caro
3183 701 3480 774 ejusdem-

1834 805 1952 861 que
1981 787 2115 844 ﬁliis
2131 789 2340 845 Carino
2353 795 2408 844 et
2427 790 2788 845 Numeriano
2802 794 3156 862 potestatem
3171 807 3479 849 summam

1834 877 2089 953 reliquit.
2124 879 2240 935 Sed
2271 887 2327 936 et
2357 881 2397 935 ii
2427 895 2546 936 non
2579 879 2710 935 totis
2743 880 2931 937 tribus
2958 882 3132 936 annis
3163 882 3480 954 imperium

1833 971 2168 1034 tenuerunt,
2194 974 2250 1023 et
2279 967 2356 1023 ab
2380 968 2450 1022 iis
2478 983 2674 1024 rerum
2707 984 2946 1025 summa
2969 969 3047 1026 ad
3074 969 3482 1027 Diocletanum

1835 1057 2119 1128 pervenit.
2179 1058 2491 1113 Enimvero
2521 1073 2659 1112 cum
2702 1059 2833 1113 Cari
2876 1057 3038 1114 ﬁlius
3089 1060 3482 1117 Numerianus

1836 1144 1950 1218 5,3
1967 1147 2010 1216 ι
2033 1146 2426 1217 Antiochiam,
2447 1161 2583 1218 quia
2596 1146 2672 1202 ad
2696 1147 2974 1203 Orontem
2992 1154 3099 1218 est,
3120 1150 3400 1214 venisset,
3419 1149 3482 1205 in

1835 1235 2149 1290 ecclesiam
2170 1237 2636 1293 Christianorum
2659 1237 2968 1306 ingressus
2999 1253 3126 1293 esse
3152 1237 3365 1295 dicitur
3387 1252 3401 1292 :
3427 1243 3485 1296 et

1837 1339 1975 1379 cum
2034 1324 2114 1380 ibi
2144 1325 2324 1380 libere
2372 1325 2550 1396 quasi
2607 1341 2712 1397 per
2742 1333 3129 1383 transennam
3187 1327 3481 1400 inspicere

1838 1429 2061 1469 arcana
2081 1430 2287 1470 eorum
2316 1413 2602 1486 mysteria
2630 1414 2821 1479 vellet,
2881 1415 3134 1487 Babylas
3163 1417 3486 1490 episcOpus

1842 1518 2064 1572 magno
2086 1503 2288 1560 animo
2315 1505 2374 1559 in
2396 1503 2606 1560 faciem
2629 1503 2681 1560 ei
2700 1504 3056 1571 consistens,
3083 1506 3140 1561 id
3159 1506 3481 1578 prohibuit,

1841 1607 1961 1651 non
1993 1593 2164 1648 licere
2194 1593 2419 1661 dicens,
2447 1609 2586 1649 eum
2608 1609 2816 1650 cruore
2837 1610 2908 1650 ex
2938 1595 3235 1652 idolorum
3265 1597 3490 1654 sacriﬁ-

1842 1683 1946 1738 ciis
1993 1683 2308 1754 pollutum,
2341 1683 2401 1738 in
2443 1683 2694 1739 domum
2729 1683 2827 1740 Dei
2879 1691 3002 1740 tam
3048 1686 3489 1759 praecipitanter

142 1777 310 1837 ϐήλοις
367 1781 571 1848 ὄμμασι
632 1778 928 1848 καταθρεῖν.
999 1774 1102 1847 Ἐφ’
1155 1783 1232 1834 οῖς
1297 1774 1734 1846 ἀγανακτήσαντα

1847 1771 2094 1842 ingredi,
2115 1778 2170 1828 et
2193 1772 2398 1828 divina
2420 1773 2705 1844 mysteria
2720 1774 3139 1830 contaminatis
3156 1775 3344 1832 oculis
3361 1791 3492 1848 spe-

141 1870 508 1940 Νουμεριανόν,
567 1866 788 1917 κολάσαι
836 1874 1014 1917 τοῦτον
1055 1863 1310 1936 βασάνοις
1359 1869 1450 1916 καὶ
1499 1863 1732 1917 ἀποκτεῖ-

139 1977 244 2009 ναι.
292 1956 352 2008 Ὀ
399 1959 488 2028 μεν
542 1955 628 2008 οὖν
677 1956 864 2026 Κάρος,
924 1961 1162 2011 σκηπτοῦ
1214 1961 1274 2026 τῇ
1318 1955 1514 2006 ἐκείνου
1565 1962 1728 2027 σκηνῇ

143 2045 515 2115 ἐνσκήψαντος,
581 2048 673 2096 σύν
739 2043 868 2115 αύτῇ
925 2043 1318 2114 καταφλέγεται.
1384 2044 1735 2114 Νουμεριανὸς

143 2133 202 2188 δὲ
253 2136 350 2187 ὑπὸ
405 2143 493 2187 τοῦ
563 2131 702 2185 ἰδίου
753 2134 996 2206 πενθεροῦ
1055 2131 1360 2205 ἀναιρεῖται.
1429 2133 1586 2186 Ἀλλὰ
1647 2138 1735 2186 καὶ

142 2226 357 2298 Καρῖνος
411 2224 654 2296 αἰσχρῶς
714 2231 774 2295 τῇ
846 2221 989 2295 ἀρχῇ
1045 2226 1365 2295 κεχρημένος
1427 2225 1570 2295 παρά
1643 2229 1734 2275 τοῦ

139 2313 262 2364 λαοῦ
347 2315 644 2384 σφάττεται.
726 2311 876 2363 Οὕτω
963 2308 1022 2363 δὲ
1107 2315 1299 2363 τούτων
1363 2316 1730 2384 γεγενημένων,

139 2400 491 2460 Διοκλητιανός
548 2405 604 2452 τό
660 2404 800 2470 γένος
859 2399 1127 2470 Δαλμάτης
1197 2400 1285 2468 ῶν,
1324 2400 1619 2471 συγκλήτου
1682 2419 1737 2452 τε

141 2489 329 2564 βουλῆς
377 2492 430 2542 ἐκ
462 2489 649 2541 πολλοῦ
681 2493 963 2561 μετασχὼν
1011 2494 1099 2540 καὶ
1147 2492 1396 2551 ὑπατείας
1449 2498 1543 2550 τῆς
1592 2495 1737 2562 πρώ-

141 2600 235 2641 της
295 2579 596 2650 ἠξιωμένος,
658 2584 747 2630 καὶ
813 2580 941 2650 ἔργα
998 2574 1056 2630 δε
1107 2581 1286 2652 χειρός
1355 2577 1572 2631 πλεῖστα
1628 2582 1737 2630 im-

144 2666 458 2741 δειξάμενος,
534 2670 584 2719 ἓν
654 2687 707 2720 τε
773 2668 1016 2738 πολέμοις
1090 2672 1178 2719 καὶ
1228 2664 1441 2740 βουλαῖς
1520 2670 1736 2742 ἄριστος

147 2754 272 2810 εἶναι
323 2762 638 2831 κρινόμενος,
686 2755 937 2830 βασιλεὺς
994 2755 1256 2829 Ῥωμαίων
1311 2762 1464 2811 παντὶ
1513 2760 1736 2832 ἐκρίνετο

149 2848 218 2918 τῷ
244 2856 457 2922 στρατῷ.

735 2959 975 3008 ΚΕΦΑΛ.
1020 2951 1140 3008 ΛΔ’.

140 3043 322 3097 Ὀσοι
360 3050 479 3095 τῶν
519 3046 841 3114 μεγίστων
880 3044 1118 3096 πόλεων
1156 3047 1263 3102 τήν
1301 3049 1736 3116 ποιμαντικήν

215 3116 622 3200 ἐκληροῦντο,
650 3121 788 3200 “καὶ
849 3117 1011 3187 ἄχρι
1071 3125 1183 3178 τῆς
1222 3125 1338 3168 τῶν
1377 3118 1736 3175 ἐκκλησιῶν
1769 3143 1810 3200 C

214 3183 599 3262 πολιορκιας
638 3183 992 3258 διέμειναν.

215 3297 358 3348 Ἐπεὶ
390 3292 448 3348 δὲ
491 3300 584 3353 τήν
615 3299 874 3367 κοσμικὴν
903 3293 1080 3368 ἀρχὴν
1136 3297 1204 3357 ὡς
1256 3297 1361 3347 ἐνόν
1411 3293 1736 3370 διελάϐομεν,

135 3390 260 3458 φέρε
308 3390 525 3437 καὶτῶν
577 3383 660 3436 ἐπὶ
690 3388 892 3444 τούτοις
943 3388 1032 3445 τὰς
1095 3386 1232 3457 ἱερὰς
1297 3387 1445 3448 ἡνίας
1510 3385 1741 3458 ἐγκεχει-

128 3478 394 3548 ρισμένων
471 3483 571 3526 τῶν
653 3479 910 3545 μεγίστων
994 3482 1280 3547 παροικιῶν
1355 3477 1442 3536 τὰς
1532 3475 1740 3537 κλήσεις

133 3563 529 3636 διαληψόμεθα.
587 3564 668 3616 Ἐν
725 3567 814 3634 μεν
885 3559 972 3616 οὖν
1027 3563 1194 3635 Ῥώμη
1253 3566 1384 3636 μετά
1437 3569 1522 3616 τὸν
1579 3565 1737 3617 πολὺν

133 3654 442 3727 Κορνήλιον,

127 3747 277 3796 ἔτεσι
343 3747 513 3814 τρισὶν
580 3743 932 3814 ἡγησάμενον,
1000 3745 1225 3803 Λούκιος
1280 3747 1373 3800 τήν
1445 3743 1736 3802 ἐπισκοπὴν

537 3656 622 3705 τὸν
711 3659 948 3706 Ναυᾱτον
1028 3655 1215 3714 ἱκανῶς
1307 3653 1734 3721 στηλιτεύσαντα,

127 3829 417 3902 διεδέχετο
450 3849 461 3862 ·
498 3831 552 3892 ὃς
581 3827 695 3907 οὐδ’
741 3831 874 3894 ὃλοις
923 3837 1084 3903 μησὶν
1133 3831 1267 3883 ὀκτὼ
1297 3837 1638 3904 παραμείνας,
1670 3841 1732 3904 τῇ

121 3923 453 3995 λειτουργίᾳ,
522 3923 754 3993 Στεφάνῳ
809 3921 1057 3972 τελευτῶν
1117 3921 1414 3973 καταλείπει
1467 3925 1554 3973 τόν
1615 3921 1738 3980 κλῆ-

119 4032 247 4089 ρον.
298 4017 396 4066 Καὶ
444 4011 593 4072 οὗτος
648 4007 696 4063 δ’
729 4009 813 4062 ἐπι
867 4007 1022 4063 δυσὶν
1066 4012 1230 4063 ἔτεσιν
1280 4013 1600 4083 ἱερατεύσας,
1634 4014 1736 4064 Ξύ-

126 4120 263 4154 στον
295 4103 422 4172 ισχε
470 4097 754 4172 διάδοχον,
807 4100 966 4152 Ούτοι
1019 4103 1107 4172 μεν
1162 4098 1244 4152 ἐπι
1309 4100 1687 4173 Οὐαλλεριανοῦ
1719 4142 1734 4156 .

121 4189 222 4242 ἐπὶ
273 4185 332 4242 δε
383 4189 653 4251 Γαλιηνοῦ,
713 4191 914 4241 Ξύστου
980 4191 1118 4241 ἔτεσι
1181 4185 1308 4241 δέκα
1363 4194 1492 4262 πρὸς
1545 4197 1616 4261 τῷ
1665 4190 1737 4243 ἐνὶ

123 4275 166 4331 δ
175 4283 614 4350 ιακονησαμένου,
664 4281 930 4338 Διονύσιος
969 4281 1054 4329 τόν
1111 4280 1285 4352 θρόνον
1343 4276 1591 4350 ἐλάμϐανε
1641 4285 1734 4341 τῆς

117 4368 447 4429 ἐπισκοπῆς.
505 4366 681 4419 Ἐτεσι
729 4363 780 4419 δ’
836 4369 975 4419 ἐννέα
1018 4366 1412 4438 κληρωσάμενον
1464 4372 1551 4419 καὶ
1614 4375 1737 4419 τοῦ-

117 4476 222 4512 τον
272 4461 365 4514 τήν
418 4456 764 4528 λειτουργίαν,
799 4455 980 4518 “Φῆλιξ
1044 4454 1126 4507 ἐπὶ
1185 4465 1284 4508 τῶν
1341 4456 1485 4529 ἱερῶν
1546 4456 1735 4509 οἰάκων

117 4546 376 4617 ἀνήγετο.
412 4550 512 4597 Καὶ
563 4553 742 4596 τοῦτον
784 4541 836 4597 δ’
883 4544 966 4597 ἐπὶ
1005 4543 1144 4597 ἐννέα
1175 4544 1428 4607 ἐνιαυτοῖς
1478 4553 1573 4605 τῆς
1622 4545 1736 4598 Ἐκ·

111 4635 225 4692 κλη
239 4639 358 4696 σίας
388 4645 703 4706 προστάντα,
739 4633 1080 4704 Εύμυχιανὸς
1111 4631 1405 4707 διεδέχετο.
1443 4630 1574 4686 Οὐδ’
1603 4634 1736 4696 ὅλοις

115 4722 192 4779 δὲ
241 4729 410 4796 μησὶν
463 4722 595 4774 όκτῶ
635 4720 786 4784 οὗτος
825 4720 1207 4795 διαγενόμενος,
1263 4727 1399 4795 Γαίῳ
1451 4721 1735 4795 μετεδίδου

110 4822 227 4875 τῆς
272 4813 525 4886 ἰερατείας
581 4815 667 4864 τὸν
724 4812 932 4884 κλῆρον.
994 4818 1095 4866 Καὶ
1147 4815 1315 4883 τούτῳ
1364 4810 1424 4865 δε
1477 4817 1737 4866 πεντεκαί-

115 4901 268 4958 δεκα
317 4905 402 4959 ἔτη
474 4903 889 4974 ἱερουργήσαντι,
946 4901 1292 4974 Μαρκελλῖνος
1347 4901 1431 4954 ἐπὶ
1488 4909 1581 4954 τοῦ
1624 4904 1739 4975 θρό-

111 5012 218 5045 νου
290 4993 580 5044 καθίστατο
613 5008 626 5021 °
691 4990 744 5042 ὃν
810 4998 899 5043 καὶ
959 4992 985 5042 ὁ
1053 4987 1286 5062 διωγμὸς
1345 4989 1737 5049 τῶνέκκλησιῶν

113 5081 454 5152 κατειλήφει.
518 5081 635 5134 Ἐπὶ
694 5077 753 5132 δε
799 5089 894 5144 τῆς
943 5078 1285 5155 Ἀλεξάνδρου
1339 5083 1605 5133 Διονύσιον
1653 5085 1737 5134 τὸν

113 5174 318 5235 πολύν,
357 5174 524 5223 ἔτεσιν
575 5167 929 5223 ἑπτακαίδεκα
982 5178 1044 5242 τῇ
1085 5170 1342 5242 ἐπισκοπῇ
1407 5173 1538 5242 μετὰ
1584 5169 1738 5243 Ἡρα-

114 5262 260 5313 κλᾶν
319 5256 679 5332 διαμείναντα,
754 5256 1037 5331 δωδεκάτῳ
1101 5268 1196 5322 τῆς
1248 5259 1500 5318 Γαλιηνοῡ
1559 5262 1736 5335 ἀρχῆς

129 5399 136 5404 '
203 5387 289 5456 (1)
321 5387 410 5442 Sic
443 5386 700 5458 Vopisc.,
729 5387 894 5442 Oros.
931 5404 944 5452 ;
979 5386 1436 5458 sedEutropius
1467 5387 1734 5442 Tacitum

117 5459 285 5515 intra
315 5457 790 5528 ducentesimum
817 5459 1049 5527 imperii
1078 5457 1258 5523 diem,
1295 5459 1457 5528 apud
1487 5461 1736 5514 Tarsum

119 5529 298 5602 febre
342 5527 674 5602 interiisse“:
712 5529 1050 5602 Florianum
1095 5530 1297 5586 incisis
1326 5527 1362 5586 a
1412 5531 1733 5602 semetipso

118 5600 306 5657 venis
338 5601 583 5668 obiisse,
608 5600 774 5656 dicit.

1841 1866 2022 1918 ctare.
2075 1863 2200 1926 Qua
2230 1877 2291 1916 re
2330 1861 2726 1918 Numerianus
2769 1861 3049 1928 offensus,
3083 1866 3490 1922 excruciatum

1843 1951 2009 2006 illum
2054 1951 2305 2006 necavit.
2366 1949 2430 2006 Et
2475 1951 2657 2006 Carus
2695 1951 2962 2023 quidem,
2995 1967 3132 2008 cum
3169 1955 3491 2012 tentorium

1843 2041 1892 2110 ej
1907 2057 1970 2094 us
1992 2039 2240 2094 fulmine
2264 2039 2442 2094 ictum
2461 2044 2634 2104 esset,
2662 2055 2778 2096 una
2800 2057 2939 2096 cum
2957 2056 3028 2096 eo
3044 2042 3443 2114 conﬂagravit
3471 2061 3486 2100 :

1843 2130 1886 2184 N
1897 2129 2238 2183 umerianus
2264 2133 2464 2183 autem
2478 2143 2513 2184 a
2530 2130 2875 2202 soceroipse
2887 2145 2996 2186 suo
3011 2130 3089 2203 (2)
3102 2133 3492 2205 interemptus

1844 2224 1946 2274 est.
1983 2218 2227 2272 Carinus
2276 2217 2473 2283 etiam,
2529 2219 2695 2290 quod
2747 2219 2998 2292 turpiter
3027 2236 3088 2276 se
3147 2222 3205 2277 in
3236 2222 3489 2294 imperio

1845 2313 2090 2377 gereret,
2138 2323 2172 2363 a
2204 2307 2426 2379 populo
2459 2311 2548 2363 est
2589 2323 2781 2363 cassus
2819 2310 2920 2380 (3).
2968 2308 3066 2366 His
3107 2311 3189 2368 ita
3220 2311 3488 2379 sublatis,

1847 2396 2262 2462 Diocletianus,
2282 2411 2496 2466 genere
2522 2396 2814 2465 Dalmata,
2827 2398 3195 2470 jamdudum
3227 2408 3489 2473 senator,

1843 2492 1900 2542 et
1929 2487 2124 2558 primo
2170 2487 2486 2542 consulatu
2517 2492 2684 2556 gesto
2731 2486 2946 2555 clarus,
2978 2489 3204 2562 quique
3233 2490 3496 2563 plurima

1847 2591 2034 2631 manu
2079 2576 2318 2646 egregia
2347 2575 2564 2632 fecerat
2596 2575 2883 2643 facinora,
2914 2582 2970 2634 et
2998 2578 3156 2635 bello
3194 2585 3490 2648 strenuus,

1845 2669 1902 2721 et
1924 2664 2171 2720 consilio
2203 2671 2535 2736 promptus,
2554 2666 2632 2722 ab
2652 2666 2905 2724 exercitu
2933 2668 3259 2741 imperator
3280 2671 3492 2730 Roma-

1845 2770 2063 2812 norum
2093 2759 2180 2811 est
2209 2755 2606 2812 renuntiatus.

2435 2951 2656 3008 CAPUT
2693 2953 2912 3010 XXXIV.

1849 3043 1973 3116 Qui,
1999 3041 2274 3100 maximis
2313 3041 2641 3116 quibusque
2670 3043 2916 3116 orbibus
2945 3042 3205 3113 episcopi
3239 3045 3496 3116 praefue-

1919 3115 2066 3179 rint,
2122 3122 2182 3196 et.
2233 3113 2417 3196 ιιεᾴιιε
2449 3113 2529 3170 ad
2564 3115 2951 3172 ecclesiarum
2991 3113 3494 3189 oppugnationem

1918 3192 2267 3243 manserint.

1921 3295 2056 3350 Hinc
2081 3292 2156 3348 de
2187 3292 2496 3349 mundano
2535 3292 2806 3365 imperio.
2839 3296 3006 3350 Nunc
3032 3294 3211 3350 etiam
3246 3295 3498 3353 nomina

1849 3399 2056 3438 eorum
2087 3383 2190 3454 qui
2242 3382 2538 3438 maximas
2569 3397 2846 3455 quasque
2871 3382 3150 3440 ecclesias
3191 3400 3364 3440 sacra
3387 3385 3496 3442 ad-

1851 3472 2282 3528 ministratione
2299 3471 2730 3540 gubernarunt,
2755 3487 3196 3530 recenseamus.
3218 3475 3282 3529 Et
3298 3475 3496 3530 Romae

1848 3562 2092 3634 quidem
2126 3565 2262 3632 post
2300 3559 2656 3625 Cornelium,
2699 3561 2800 3632 qui
2831 3565 3127 3618 Novatum
3152 3563 3500 3634 proscripsit

1848 3651 2037 3707 etsuis
2063 3649 2294 3721 scriptis
2313 3648 2660 3716 confutavit,
2687 3665 2756 3705 ac
2770 3649 2960 3706 tribus
2972 3651 3146 3706 annis
3169 3650 3494 3708 Ecclesiam

1847 3741 2014 3806 rexit,
2067 3740 2278 3794 Lucius
2308 3738 2626 3809 episcopus
2675 3743 2908 3795 creatus
2960 3744 3069 3795 est.
3105 3740 3335 3807 Lucius,
3369 3755 3493 3798 non

1845 3828 2088 3899 integris
2141 3832 2274 3883 octo
2333 3826 2646 3882 mensibus
2704 3827 3034 3884 ministerio
3091 3829 3493 3887 ecclesiastico

1846 3918 2032 3983 obito,
2067 3924 2288 3972 sortem
2332 3915 2654 3989 locumque
2684 3932 2861 3972 suum
2894 3917 3196 3990 Stephano
3222 3917 3488 3992 reliquit.

1846 4008 1911 4062 Et
1935 4007 2030 4062 hie
2059 4006 2298 4061 duobus
2315 4004 2491 4060 annis
2518 4006 2874 4078 episcopatu
2902 4011 3089 4076 gesto,
3112 4008 3357 4080 Xystum
3391 4007 3495 4066 ha-

1844 4097 1973 4153 buit
2025 4110 2450 4151 successorem.
2496 4097 2686 4167 Atque
2711 4095 2751 4150 ii
2798 4095 2911 4151 sub
2955 4094 3267 4154 Valeriano
3298 4095 3486 4156 fuere.

1847 4185 2090 4242 Galieno
2135 4191 2335 4240 autem
2370 4184 2722 4256 imperante,
2754 4186 2966 4262 Xystus
2989 4184 3332 4258 episcopale
3361 4202 3494 4242 mu-

1846 4291 1960 4332 nus
1993 4274 2268 4330 undecim
2301 4273 2478 4328 annis
2527 4274 2714 4330 tenuit
2745 4293 2759 4330 :
2793 4275 2966 4347 eique
3014 4275 3330 4347 Dionysius
3360 4292 3498 4333 suc-

1846 4366 2043 4431 cessit,
2074 4364 2176 4437 qui
2207 4363 2552 4434 episcopatu
2578 4363 2756 4417 anuis
2783 4368 2916 4419 octo
2946 4369 3034 4420 est
3059 4363 3320 4422 functus.
3340 4364 3496 4421 Felix

1847 4461 2048 4510 autem
2068 4467 2380 4508 successor
2393 4451 2441 4520 ej
2454 4468 2542 4516 us,
2559 4449 2734 4522 432
2753 4453 3208 4524 annisquinque
3224 4453 3495 4508 Ecclesia

1847 4548 2119 4600 Romane:
2137 4557 2253 4613 prae
2264 4539 2642 4612 fuit,eamque
2660 4541 3026 4611 Eutychiano
3042 4542 3494 4611 gubernandam

1845 4633 2099 4705 reliquit.
2149 4631 2200 4685 Is
2238 4631 2336 4685 vix
2365 4632 2500 4685 octo
2546 4630 2855 4684 mensibus
2885 4630 3217 4702 episcopali
3248 4647 3495 4688 munere

1844 4723 2105 4787 functus,
2135 4721 2342 4776 Caium
2371 4734 2782 4774 successorem
2809 4719 3042 4774 habuit.
3076 4719 3142 4774 Et
3187 4719 3284 4775 hic
3316 4721 3491 4776 annis

1843 4810 2190 4884 quindecim
2218 4824 2451 4864 sacram
2471 4812 2827 4879 potestatem
2854 4809 3059 4872 tenuit,
3079 4813 3135 4864 et
3163 4809 3496 4867 Marcellino

1845 4917 1979 4958 eam
2034 4899 2286 4971 reliquit,
2318 4898 2378 4953 in
2407 4912 2590 4969 quem
2621 4896 3007 4952 ecclesiarum
3047 4899 3380 4970 persecutio
3406 4898 3497 4954 in-

1846 4991 2006 5047 cidit.
2039 4987 2410 5044 Alexandrim
2450 5001 2651 5058 porro,
2683 4985 2966 5056 Dionysio
2996 4986 3077 5041 illi
3114 5002 3358 5058 magno.
3391 4987 3498 5060 qui

1845 5085 1978 5152 post
2001 5076 2308 5134 Heraclam
2339 5076 2549 5130 decem
2602 5080 2658 5130 et
2689 5079 2920 5146 septem
2949 5075 3124 5129 annis
3173 5074 3496 5130 Ecclesiam

1845 5166 2220 5240 gubernavit,
2288 5164 2651 5220 duodecimo
2705 5162 2926 5219 Galieni
2988 5178 3172 5230 anno,
3223 5163 3497 5219 Maximi-

1846 5275 1959 5315 nus
2013 5257 2090 5329 (4)
2125 5255 2425 5310 successit.
2461 5253 2598 5310 Post
2628 5253 2809 5317 hunc,
2840 5268 2978 5308 cum
3035 5251 3242 5308 decem
3273 5255 3332 5308 et
3361 5258 3496 5310 octo

1946 5383 1998 5451 '2)
2027 5384 2186 5452 Apro
2213 5378 2457 5452 scilicet.

1946 5383 1998 5451 '2)
2027 5384 2186 5452 Apro
2213 5383 2457 5434 scilicet.

1918 5383 1996 5524 i3)
2027 5452 2265 5524 Tribuni
2288 5451 2416 5521 ejus
2454 5448 2683 5514 dextra,
2713 5447 2885 5519 cujus
2916 5448 3237 5520 coniugem
3269 5447 3498 5522 pollue-

1848 5534 1957 5583 rat.
1979 5523 2273 5597 (Eutrop)

1898 5598 1976 5672 (4)
1997 5593 2112 5654 ἈΙὶΙ
2139 5593 2474 5652 Maximum
2508 5595 2755 5650 vocant.
