4028 6294
588 229 732 284 1199

1901 226 2289 282 NICEPHORI
2328 226 2651 284 CALLISTI
3725 236 3810 287 ηιμ)

582 367 776 409 annos
793 352 1053 410 ecclesia!
1077 353 1432 426 praefuisset,
1451 353 1721 408 Theonas
1743 367 1875 407 eam
1899 351 2220 420 regendam

2340 355 2438 405 ἔτει
2463 353 2753 424 Μαξιμῖνος
2797 355 3022 410 κατέστη
3057 347 3093 404 δ
3099 348 3323 423 ιάδοχος
3351 369 3364 380 ·
3421 352 3469 403 ὃν
3503 355 3606 424 μετὰ
3645 359 3713 412 τήν
3743 364 3812 408 Διο-

581 441 865 513 suscepit.
905 443 1006 497 Hic
1058 443 1265 498 decem
1313 447 1370 497 et
1406 457 1623 498 novem
1671 443 1848 496 annis
1906 440 2226 512 episcopus

579 528 707 596 fuit,
735 536 792 586 et
821 530 1057 586 Petrum
1103 546 1515 587 successorem
1553 531 1783 585 habuit.
1818 531 1924 594 Qui
1981 530 2228 602 quidem

579 620 897 676 duodecim
919 621 1092 675 annis
1141 621 1365 692 optime
1388 635 1635 676 munere
1676 636 1786 674 suo
1835 623 1926 674 est
1951 619 2220 677 functus.

578 712 723 766 Nam
760 709 971 775 tribus,
1005 714 1141 764 ante
1185 710 1688 780 persecutionem,
1721 708 2068 777 faciliorem,
2102 709 2230 763 reli-

578 799 714 869 quis
743 803 943 853 autem
975 798 1281 854 duriorem
1313 799 1497 853 vitam
1530 813 1636 869 per
1662 799 1872 868 gravia
1902 797 2229 854 certamina

578 887 788 956 exegit,
846 902 1232 942 communem
1265 887 1650 943 ecclesiarum
1699 886 2008 941 utilitatem
2042 902 2227 956 quam

577 977 841 1032 maxime
863 991 1214 1046 procurans.
1249 978 1313 1031 Et
1340 991 1502 1030 nono
1527 977 1769 1030 tandem
1798 976 2226 1046 persecutionis

576 1079 738 1120 anno
754 1063 949 1135 capite
963 1064 1195 1136 plexus,
1218 1064 1536 1134 magniﬁce
1554 1065 1823 1135 martyrii
1837 1079 2122 1118 coronam
2142 1070 2230 1119 est

575 1158 952 1210 consecutus.
977 1154 1192 1208 Verum
1218 1154 1279 1208 in
1308 1152 1568 1209 Ecclesia
1596 1153 1979 1216 Antiochena,
2003 1153 2228 1223 episco-

573 1248 721 1314 patu
792 1242 1075 1314 gerendo,
1130 1243 1310 1298 Fabio
1365 1241 1794 1303 Demetrianus,
1854 1247 2034 1313 atque
2089 1241 2227 1296 huic

574 1331 793 1387 Paulus
817 1330 1249 1386 Samosatenus
1280 1330 1584 1386 successit.
1617 1330 1753 1384 Post
1785 1345 1921 1384 eum
1955 1329 2088 1385 Ιοόο
2115 1345 2227 1385 suo

573 1424 840 1494 pulsum,
874 1422 1138 1476 Domnus
1196 1420 1555 1475 Demetriani
1599 1418 1754 1473 ﬁlius
1805 1420 2130 1474 ministerio
2157 1436 2227 1474 eo

573 1516 662 1565 est
690 1509 948 1564 functus.
984 1511 1083 1564 Hic
1113 1508 1428 1574 Timaeum,
1462 1515 1640 1580 atque
1695 1509 1742 1562 is
1771 1524 2010 1564 rursum
2051 1509 2229 1580 Cyril-

574 1597 722 1664 lum,
753 1598 1003 1669 Cyrillus
1024 1600 1366 1668 Tyrannum
1395 1613 1799 1652 successorem
1823 1596 2070 1662 habuit;
2104 1612 2226 1666 quo

574 1693 845 1757 tempore
879 1687 1179 1741 maximus
1218 1686 1314 1740 ille
1361 1686 1649 1742 adversus
1681 1684 1959 1740 ecclesias
1985 1692 2224 1740 exortus
2257 1726 2298 1781 Β

572 1783 661 1832 est
681 1779 904 1832 motus.
937 1773 1358 1846 Hierosolymis
1385 1780 1582 1830 autem
1611 1775 1670 1829 in
1706 1774 1963 1828 Ecclesia
1989 1789 2225 1829 sacram

571 1864 940 1920 functionem
966 1868 1106 1934 post
1130 1863 1522 1934 Hymenaeum
1553 1861 1783 1918 Zabdas
1806 1864 1883 1926 (1)
1903 1862 2086 1916 obiit:
2119 1862 2224 1933 qui

571 1954 819 2026 quidem
866 1961 1006 2023 post
1055 1967 1249 2007 annos
1281 1952 1504 2022 plures,
1547 1967 1760 2006 somno
1803 1966 1874 2006 eo
1903 1952 2006 2022 qui
2032 1950 2224 2021 justos

569 2040 1134 2104 decetobdormivit,
1151 2047 1206 2095 et
1220 2039 1496 2096 Ecclesiae
1509 2040 1742 2096 clavum
1761 2041 2223 2110 gubernandum

571 2132 650 2188 ad
683 2134 1038 2186 Hermonem
1070 2130 1148 2201 (2)
1175 2131 1507 2185 transmisit
1533 2149 1546 2188 :
1579 2136 1759 2201 atque
1785 2130 1880 2184 hic
1910 2128 2224 2185 ecclesiam

570 2237 727 2288 eam,
757 2221 876 2275 vita
905 2221 965 2274 in
995 2235 1188 2274 annos
1221 2219 1439 2274 multos
1469 2219 1780 2290 producta,
1813 2218 2051 2288 egregie
2081 2235 2224 2289 apo-

571 2309 840 2365 stolicam
869 2308 1052 2363 ﬁdem
1109 2313 1348 2374 tutatus,
1403 2324 1591 2379 usque
1641 2308 1719 2362 ad
1752 2309 2222 2378 persecutionem

569 2398 1030 2454 administravit.
1054 2398 1095 2451 li
1117 2403 1257 2452 sunt
1275 2398 1376 2469 qui
1397 2413 1586 2468 usque
1606 2396 1683 2452 ad
1705 2397 2036 2451 maximam
2057 2396 2220 2452 illam

570 2487 916 2544 Diocletiani
970 2491 1029 2541 et
1085 2486 1425 2541 Maximiani
1487 2488 1984 2557 persecutionem,
2045 2486 2220 2557 primi

569 2575 832 2633 nominis
871 2574 1157 2631 ecclesias
1187 2575 1396 2630 ordine
1427 2590 1532 2646 per
1565 2575 1978 2630 successiones
2009 2574 2222 2644 guber-

567 2670 810 2721 narunt.

2336 445 2520 493 νυσίου
2613 441 2851 499 τελευτὴν
2951 436 3312 492 ὀκτωκαίδεκα
3416 443 3494 498 ἔτη
3562 444 3812 514 ἱερασαμενοτ,

2338 538 2544 593 Θεωνας
2595 534 2681 582 τὸν
2733 538 2824 591 τῆς
2882 527 3153 592 διακονίας
3210 529 3403 582 ἐκείνου
3462 530 3687 600 ἐκληροῦτο
3737 531 3818 597 $16-

2335 625 2449 691 μόν,
2498 627 2598 673 Καὶ
2647 627 2828 672 τοῦτον
2884 617 2934 671 δ’
2967 617 3032 671 αὖ
3087 617 3452 671 ἐννεακαίδεκα
3492 620 3818 694 ἓτεσινὲξυπηρεο

2335 711 2645 780 τησάμενον,
2708 716 2807 760 τῶν
2858 707 2934 760 ἐπ’
2990 706 3380 782 Ἀλεξανδρείας
3435 712 3603 781 Πέτρος
3651 714 3717 766 τὴν
3752 714 3818 761 ἑπι-

2339 802 2538 856 σκοπην
2617 796 2987 868 ἀνελάμϐανεγ,
3045 798 3275 869 ἁρίστως
3339 795 3617 871 διαπρέψας
3670 806 3715 868 τῇ
3763 799 3820 850 λιι-

2335 891 2556 958 τουργίᾳ
2603 886 2676 958 ἐφ’
2732 887 2867 949 ὅλοις
2927 883 3256 939 δυοκαίδεκα
3310 894 3420 948 τοῖς
3481 889 3725 947 ἐνιαυτοῖς⁶
3763 892 3820 958 πρέ

2335 983 2426 1027 τοῦ
2477 972 2716 1047 διωγμοῦ
2746 981 2960 1049 χρόνοις
3016 976 3063 1028 ἐν
3112 980 3258 1048 τρισὶ
3288 985 3378 1036 τῆς
3407 975 3705 1048 λειτουργίας·
3728 979 3767 1027 τὸ
3792 974 3824 1028 3i

2334 1072 2430 1126 τῆς
2488 1065 2626 1126 ζωῆς
2681 1064 2852 1117 λεῖπον
2906 1063 3103 1136 ἀγῶσιν
3164 1063 3435 1124 ἀσκήσεως
3480 1068 3684 1134 εμίζοσιν
3719 1061 3825 1115 ἐπεδί.

2337 1149 2456 1219 δου,
2506 1161 2602 1215 τῆς
2648 1163 2825 1216 κοινῆς
2877 1154 3189 1214 λυσιτελείας
3244 1163 3342 1204 τῶν
3373 1152 3639 1210 ἐκκλησιῶν
3675 1154 3723 1212 ὡς
3743 1152 3828 1203 πλεῖ-

2338 1261 2458 1294 στον
2511 1241 2926 1314 ἐπιμελούμενος.
2961 1244 3045 1294 Ἐν
3097 1240 3148 1294 δ’
3206 1241 3366 1313 ἐνάτῳ
3393 1250 3485 1293 τοῦ
3542 1238 3737 1312 διωγμοῦ
3758 1262 3826 1291 ιιι-

2335 1339 2408 1404 ρῷ
2457 1331 2588 1402 ξίφει
2636 1340 2727 1392 τῆς
2765 1334 2987 1404 κεφαλὴν
3037 1330 3333 1403 ἱκτμηθεὶς,
3383 1338 3458 1400 τῷ
3506 1339 3588 1382 τοῦ
3630 1336 3827 1402 μαρτυρίου

2339 1421 2566 1490 στεφάνῳ
2627 1420 2872 1491 λαμπρῶς
2936 1422 3284 1491 κατεστέφθη.
3335 1419 3446 1481 Τῆς
3529 1415 3574 1471 δ’
3620 1421 3827 1488 Ἀντιόχου,

2335 1511 2465 1579 μετά
2517 1509 2703 1562 Φάϐιον
2757 1514 3110 1584 Δημητριανός
3149 1518 3243 1570 τῆς
3289 1509 3602 1570 Ἐκκλησίας
3647 1511 3828 1578 ἡγήσατο.

2335 1597 2388 1648 ὃν
2453 1598 2652 1660 Παῦλος
2718 1600 2743 1650 ό
2807 1602 3129 1670 Σαμοσατεὺς
3196 1595 3487 1660 διεδέξατο.
3562 1594 3653 1650 Εἶτ’
3720 1597 3827 1648 ἐκεῖνο

2335 1685 2648 1752 ἐξελαθέντα,
2724 1690 2916 1758 Δόμνος
2985 1689 3011 1740 6
3062 1694 3154 1740 τοῦ
3222 1694 3582 1760 Δημητριανού
3641 1693 3742 1746 παῖς
3781 1693 3825 1741 ft?

2333 1775 2654 1847 λειτουργίαν
2711 1776 2979 1848 ἐλάμϐανε.
3020 1780 3118 1829 Τὸν
3177 1773 3236 1828 δέ
3276 1773 3344 1835 δὴ
3395 1781 3582 1844 Δόμνον
3622 1783 3765 1827 τοῦτον
3788 1781 3831 1825 Ti-

2332 1885 2483 1936 μαιος
2535 1862 2826 1936 διεδέχετο.
2879 1869 3024 1918 Μετά
3074 1861 3133 1917 δε
3179 1871 3359 1917 τοῦτον
3411 1863 3650 1936 Κύριλλος
3683 1865 3832 1924 τοὺςὶι-

2332 1957 2456 2026 ρούς
2503 1961 2594 2014 τῆς
2646 1955 2973 2026 Ἀντιοχείας
3023 1951 3370 2027 διεχειρίζετο
3427 1957 3620 2013 οἳακας.
3669 1952 3837 2022 Regillis»

2334 2039 2394 2095 δὲ
2437 2047 2529 2101 τὴν
2567 2042 2858 2102 ἐωισκοπὴν
2913 2046 3040 2115 μετὰ
3086 2051 3253 2096 ταῦτα
3297 2046 3557 2115 Τύραννος
3604 2041 3836 2113 ἐκληροῡτςο

2331 2131 2447 2182 καθ’
2489 2131 2541 2182 ὃν
2595 2133 2619 2183 6
2648 2131 2808 2193 πολὺς
2856 2140 2954 2184 τῶν
2987 2131 3276 2189 ἐκκλησιῶν
3310 2128 3549 2203 διωγμὸς
3578 2130 3838 2204 ἀνερρίτιςτε.

2329 2226 2437 2280 Τῆς
2480 2216 2529 2271 δ’
2574 2219 2622 2271 ἐν
2669 2220 3041 2294 Ἱεροσολύμοις
3091 2221 3406 2281 Ἐκκλησίας
3433 2223 3459 2272 6
3511 2223 3634 2291 μετὰ
3665 2219 3839 2290 Ὑμέναιον

2329 2305 2542 2371 me“;
2587 2314 2681 2368 τὴν
2735 2312 3017 2382 ἱερωσύνην
3067 2310 3312 2371 οἰακίζων
3362 2306 3447 2368 ἦν.
3501 2313 3685 2363 Τούτου
3723 2305 3758 2359 δ’
3798 2307 3841 2358 ἐπὶ

2330 2404 2539 2470 χρόνοις
2579 2404 2688 2451 τισὶ
2737 2403 2822 2451 τὸν
2869 2403 3132 2471 πρέποντα
3177 2397 3402 2460 δικαίοις
3446 2401 3600 2452 ὕπνον
3629 2397 3840 2450 ἀναπανσι·

2330 2491 2505 2558 μένου,
2558 2485 2760 2560 Ἕρμων
2826 2486 3150 2539 ἐπιπλεῖστον
3215 2495 3276 2560 τῇ
3329 2496 3427 2550 τῆς
3497 2490 3751 2560 ἱερωσύνης
3790 2485 3837 2534 λε·

2329 2581 2548 2650 τουργίᾳ
2603 2582 3067 2649 παραμεμενηκώς,
3115 2579 3250 2651 ἄχρι
3291 2574 3358 2636 δὴ
3417 2583 3513 2630 καὶ
3551 2585 3638 2630 τοῦ
3684 2573 3832 2644 dimissi

2328 2668 2414 2718 τόν
2499 2663 2840 2718 ἁποστολικόν
2914 2671 3079 2719 ἐκεῖσε
3151 2668 3265 2740 ὅρον
3331 2667 3556 2738 εὐγενῶς
3607 2663 3838 2739 διετήρησε.

568 2755 728 2807 Οὗτοι
783 2756 878 2826 μὲν.
924 2750 1012 2805 οὖν
1069 2750 1154 2805 ἐπὶ
1206 2760 1307 2804 τῶν
1363 2752 1597 2824 μεγάλων
1654 2752 1846 2805 πόλεων
1897 2754 2032 2825 ἄχρι
2087 2758 2177 2805 καὶ
2241 2759 2333 2806 τοῦ
2389 2759 2642 2827 μεγίστου
2710 2753 2949 2827 διωγμοῦ
3006 2755 3092 2810 ἐπὶ
3153 2755 3533 2814 Διοκλητιανοῦ
3601 2761 3681 2808 καὶ
3745 2752 3848 2812 Maii.

567 2849 757 2916 μιανοῦ
809 2843 929 2895 καθ’
986 2844 1160 2916 εἱρμὸν
1219 2845 1311 2900 τὴν
1376 2844 1656 2914 ἱερωσύνην
1725 2838 1859 2900 ἦσαν
1925 2844 2260 2913 κατάγοντες.

1060 2965 1236 3038 433
1264 2967 1488 3023 CAPUT
1529 2967 1734 3022 xxxv.

570 3075 659 3132 De
704 3073 841 3132 aliis
871 3074 1000 3144 ejus
1024 3074 1215 3129 aetatis
1239 3073 1676 3145 ecclesiasticis?
1703 3073 1847 3128 viris
1885 3074 2223 3145 eloquentia

981 3154 1034 3201 et
1060 3145 1334 3201 doctrina
1362 3144 1807 3213 prestantibus.

641 3255 788 3315 Cum
809 3267 950 3308 vero
983 3252 1042 3306 in
1083 3251 1215 3306 aliis
1244 3265 1487 3324 quoque
1517 3253 1792 3322 parmciis
1838 3251 2139 3321 sapientes
2168 3257 2223 3307 et

569 3341 944 3413 magnanimi
972 3339 1083 3394 viri
1116 3340 1352 3406 fuerint,
1385 3341 1457 3395 de
1513 3341 1596 3395 eis
1634 3341 1808 3395 etiam
1851 3356 2037 3411 quam
2094 3341 2220 3395 ﬁeri

569 3436 765 3505 potest
796 3430 1149 3486 brevissime
1206 3429 1504 3484 dicamus.
1537 3430 1618 3484 Ac
1666 3432 1740 3483 de
1797 3430 2076 3496 Gregorio
2122 3429 2220 3484 illo

569 3519 875 3578 miraculis
929 3518 1111 3587 claro,
1157 3524 1212 3574 et
1241 3519 1315 3574 de
1368 3518 1770 3583 Athenodoro,
1805 3518 1936 3588 ejus
1989 3518 2216 3585 fratre;

569 3616 856 3682 praeterea
885 3609 958 3663 de
978 3607 1343 3672 Firmiliano,
1368 3608 1470 3680 qui
1495 3608 1918 3679 Cappadocum
1942 3607 2216 3662 Ecclesiis

568 3699 821 3769 praefuit,
872 3703 1050 3768 atque
1097 3698 1273 3751 etiam
1307 3697 1382 3751 de
1411 3696 1766 3760 Theotecno,
1800 3697 2080 3752 Caesarem
2113 3699 2219 3752 Pa-

565 3788 812 3843 laestina:
833 3787 1138 3858 episcopo,
1169 3802 1303 3858 quia
1333 3801 1486 3856 opus
1517 3785 1644 3848 fuit,
1678 3791 1853 3840 antea
1884 3786 2214 3841 retulimus.

568 3876 900 3932 Dorotheus
976 3882 1176 3930 autem
1240 3891 1310 3930 eo
1371 3882 1637 3946 tempore
1701 3875 2048 3936 Antiochiae.
2111 3878 2217 3946 Ty-

565 3979 759 4021 ranno
785 3965 861 4036 (3)
893 3964 975 4019 ibi
1025 3964 1442 4035 episcopatum
1472 3970 1728 4035 gerente.
1771 3963 2102 4035 presbyter,
2156 3965 2216 4020 in

566 4056 731 4109 omni
761 4068 977 4122 genere
1005 4051 1222 4106 artium
1254 4050 1591 4105 liberalium
1623 4067 1894 4121 apprime
1927 4051 2211 4116 eruditus,

566 4141 786 4198 ﬂoruit.
812 4141 922 4207 Qui
961 4141 1113 4196 adeo
1145 4140 1453 4194 studiosus
1482 4139 1715 4210 pietatis
1747 4138 1871 4203 fuit,
1903 4148 1963 4194 ut
1990 4140 2217 4196 divina-

568 4247 702 4288 rum
729 4232 1075 4287 Litterarum
1095 4231 1286 4299 gratia
1314 4229 1658 4284 Hebraicam
1683 4230 1951 4298 linguam
1980 4231 2216 4299 egregie

2930 2974 3174 3022 ΚΕΦΑΛ.
3205 2970 3333 3025 ΛΕ’.

2331 3075 2712 3146 Περὶγᾶλλων
2742 3072 3058 3146 τηνικάδε
3087 3074 3656 3132 ἑκκλησιαστικῶν
3686 3068 3840 3144 ἀνδρῶν

2402 3144 2457 3197 ἔν
2495 3145 2712 3218 λόγοις
2749 3153 2855 3199 καὶ
2895 3144 3371 3208 διδασκαλίαις
3412 3146 3844 3222 διαπρεφάν-των.

2341 3275 2348 3282 ’
2401 3253 2542 3306 Ἐπεὶ
2602 3249 2660 3306 δὲ
2708 3258 2794 3305 καὶ
2845 3252 2893 3304 ἐν
2937 3253 3116 3315 ἄλλαις
3154 3262 3253 3305 τῶν
3301 3262 3595 3326 παροικιῶν
3639 3252 3718 3304 οὐκ
3763 3249 3855 3319 ἐγιν-

2327 3347 2430 3402 νεῖς
2479 3339 2680 3416 ἄνδρες,
2750 3341 2877 3394 ἀλλὰ
2930 3347 3019 3394 καὶ
3079 3347 3227 3414 σοφοὶ
3278 3339 3593 3413 διεγένοντο,
3659 3347 3754 3413 φέρι
3800 3342 3857 3388 κεί

2326 3435 2444 3503 περὶ
2498 3435 2690 3482 τούτων
2747 3434 2813 3492 ὡς
2864 3430 2970 3483 ἐνόν
3009 3427 3408 3504 ἐπιδραμοῦμαι
3467 3441 3542 3502 τῷ
3592 3430 3732 3502 λόγῳ.
3778 3429 3859 3495 Περὶ

2326 3523 2415 3591 μὲν
2481 3525 2771 3594 Γρηγορίου
2858 3527 2950 3572 τοῦ
3030 3519 3340 3592 περιϐοήτου
3407 3520 3459 3572 έν
3521 3523 3756 3586 θαύμασι,
3804 3535 3854 3564 ιιι

2326 3606 2694 3681 Ἀθηνοδώρου
2743 3616 2833 3661 τοῦ
2880 3606 3127 3680 ἀδελφοῦ,
3182 3614 3271 3661 καὶ
3314 3611 3657 3684 Φιρμιλιανοῦ
3698 3615 3772 3660 τοῦ
3803 3599 3850 3659 ti;

2329 3695 2693 3750 Καππαδοκῶν
2745 3694 3208 3770 προεδρεύσαντος,
3259 3700 3334 3749 ἔτι
3392 3695 3454 3750 δὲ
3510 3705 3600 3750 καὶ
3651 3700 3847 3751 Statim

2324 3794 2416 3838 τοῦ
2486 3791 2580 3844 τὴν
2647 3785 2696 3838 ἐν
2787 3786 3109 3858 Παλαιστίνη
3182 3789 3505 3858 Καισάρειαν
3581 3783 3850 3840 διιθύναντεὶ.

2325 3877 2577 3948 φθάνομεν
2649 3878 2715 3928 τὰ
2762 3873 2948 3928 δέοντα
3009 3880 3128 3948 περὶ
3184 3876 3350 3927 αὐτῶν
3410 3877 3694 3950 εἰρηκότες,
3752 3875 3854 3942 Δωρε-

2327 3967 2436 4026 θεος
2493 3963 2551 4017 δὲ
2605 3963 2688 4018 ἐπὶ
2739 3972 2830 4025 τῆς
2887 3966 3188 4036 Ἀντιόχου,
3254 3967 3529 4038 Τυράννου
3583 3971 3673 4023 τὴν
3711 3963 3852 4015 ἐπιπε-

2323 4058 2425 4111 πὴν
2468 4054 2841 4127 κληρουμένου,
2890 4054 3017 4126 ἀνὴρ
3058 4058 3315 4106 παντοίων
3361 4054 3529 4125 λόγων
3560 4060 3647 4107 καὶ
3682 4048 3854 4105 παιδείας

2324 4141 2608 4217 ἐλευθερίου
2685 4143 2751 4203 εἰς
2815 4147 2967 4217 κόρον
3036 4147 3402 4214 μετεσχηκὼς,
3487 4149 3582 4196 καὶ
3651 4138 3851 4216 πρεσϐυτε-

2323 4236 2440 4304 ρίου
2506 4232 2806 4303 ὴξιωμένος,
2864 4239 3152 4289 τηνικαῦτα
3217 4229 3486 4304 διέπρεπε.
3547 4231 3791 4288 Φιλόκαλος
3828 4221 3855 4274 δ’

569 4320 964 4394 perdidicerit.
1025 4319 1149 4374 Fuit
1208 4319 1254 4372 is
1316 4323 1532 4374 natura
1597 4334 1664 4373 ex
1726 4319 1858 4390 ipsa
1911 4319 2216 4375 nativitate

2325 4323 2375 4382 ἐς
2414 4328 2661 4373 τοσοῦτον
2710 4317 2770 4380 ἦν
2809 4322 2835 4372 ό
2873 4323 3024 4395 ἀνὴρ,
3074 4323 3138 4382 ὡς
3182 4327 3272 4373 καὶ
3321 4325 3415 4380 τὴν
3460 4319 3712 4394 Ἐϐραίδα
3745 4317 3854 4388 γλὼε·

568 4409 901 4466 eunuchus.
937 4410 1126 4474 Quam
1171 4407 1250 4463 ob
1282 4423 1404 4462 rem
1439 4406 1602 4462 illum
1630 4409 1806 4462 etiam
1868 4407 2214 4478 imperator,

568 4505 634 4554 ut
649 4515 874 4554 novum
890 4506 944 4552 et
959 4497 1263 4552 insolitum
1283 4495 1574 4568 quiddam
1593 4496 1937 4562 habentem,
1964 4495 2023 4551 in
2043 4514 2215 4554 suam

565 4587 856 4644 familiam
911 4587 1137 4654 ascivit,
1169 4592 1224 4641 et
1270 4585 1562 4640 honorem
1613 4586 1663 4639 ei
1711 4585 1936 4649 detulit,
1981 4591 2044 4641 ut
2080 4586 2216 4658 Tyri

564 4677 1173 4747 uingendaepurpurae
1187 4673 1910 4746 praeessetDocuitautem
1927 4676 2216 4746 populum

564 4783 660 4822 res
676 4782 877 4822 sacras
897 4781 1002 4836 pro
1020 4766 1328 4828 concione,
1349 4764 1397 4834 ej
1409 4779 1597 4836 usque
1611 4764 1945 4819 auditorem
1961 4780 2023 4819 se
2035 4763 2216 4820 fuisse

564 4856 705 4912 dicit
753 4855 1042 4911 Eusebius
1097 4852 1406 4925 Pamphili.
1438 4852 1808 4909 Alexandriae
1847 4869 1987 4908 vero
2018 4854 2214 4909 clarus

561 4944 671 5002 fuit
701 4950 757 5001 et
785 4944 1031 5000 celebris
1071 4943 1269 4998 Pierus
1299 4943 1611 5015 presbyter
1639 4943 1950 5011 dignitate,
1981 4949 2036 4998 et
2076 4959 2215 4998 cum

563 5036 913 5090 divitiarum
944 5038 1313 5104 contemptu,
1344 5031 1860 5104 philosophiaque
1913 5037 1968 5086 et
1995 5034 2216 5088 (irasca-

560 5141 696 5182 rum
728 5124 1184 5195 disciplinarum
1240 5123 1508 5187 scientia,
1539 5128 1661 5176 tum
1697 5137 2004 5177 sacrarum
2043 5122 2212 5178 Litte-

559 5229 761 5271 rarum
819 5214 1018 5269 studio
1069 5217 1124 5267 et
1180 5211 1412 5284 peritia,
1475 5210 1850 5282 publicisque
1898 5211 2211 5283 Scriptum

559 5301 1035 5360 enarrationibus
1091 5307 1148 5356 et
1194 5298 1705 5372 disputationibus
1749 5299 2210 5357 admirationem

632 5429 710 5500 u)
735 5427 840 5500 Alii
876 5426 1126 5500 qudas.

633 5496 711 5578 (‘2)
737 5499 848 5556 Alii
878 5498 1262 5556 Thermonem
1298 5496 1528 5569 legunt.

2327 4429 2422 4462 σαν
2480 4417 2574 4472 τῆς
2640 4415 2756 4482 περὶ
2840 4413 2907 4462 τὰ
2959 4413 3070 4462 θεῖα
3123 4407 3366 4472 σπουδῆς
3417 4415 3592 4464 εἵνεκα
3638 4411 3701 4472 εἰς
3753 4409 3856 4474 ὤιξεν

2325 4498 2582 4566 ἀσκῆσαι,
2635 4504 2725 4551 καὶ
2778 4499 2887 4571 μετ’
2945 4502 3242 4571 ἐπιστήμης
3290 4499 3543 4573 ἀκριϐοῦς
3595 4497 3854 4568 ἐντυγχάνω

2326 4588 2480 4661 αὐτῇ.
2528 4587 2793 4660 Εὔνοῡχος
2837 4585 2886 4641 δ’
2937 4589 3000 4646 ἦν
3046 4593 3140 4646 τὴν
3186 4591 3340 4661 φύσιν
3385 4590 3439 4651 ἐξ
3483 4590 3650 4651 αὐτῆς
3678 4585 3787 4645 δέτι
3805 4598 3859 4652 γε·

2323 4680 2502 4738 νέσεως
2531 4694 2543 4706 ·
2599 4682 2689 4729 καὶ
2746 4675 2839 4730 διὰ
2893 4684 3043 4730 τοῦτο
3100 4682 3185 4729 καὶ
3237 4677 3467 4749 βασιλέα
3525 4682 3592 4739 ὧς
3629 4698 3678 4730 τι
3721 4672 3854 4737 ξενίζω

2325 4766 2478 4819 αὐτὸν
2545 4767 2949 4838 εἰσῳκίσασθαι,
3029 4771 3117 4819 καὶ
3189 4773 3346 4840 τιμὴν
3393 4767 3543 4840 αὐτῷ
3606 4767 3852 4841 παρασχεὶνι

2322 4860 2414 4912 τήν
2467 4859 2514 4908 ἐν
2565 4859 2715 4928 Τύρῳ
2764 4853 2935 4929 βαφὴν
2985 4855 3236 4930 ἁλουργόν
3299 4853 3499 4909 διέπειν
3534 4875 3549 4888 °
3618 4857 3666 4916 ὃς
3709 4854 3770 4906 ἐπ’
3804 4849 3855 4899 ἐκ·

2322 4945 2544 5007 κλησίας
2590 4950 2677 4997 τὸν
2727 4949 2856 4997 θεῖον
2899 4945 3049 5017 λόγον
3098 4953 3170 5015 τῷ
3226 4945 3410 5004 πλήθει
3467 4945 3783 5018 διωμιλείτο·
3817 4934 3853 4988 ςῖ

2323 5053 2480 5106 φησιν
2525 5034 2696 5099 αὐτὸς,
2751 5033 3013 5093 ἀκουστὴν
3075 5037 3317 5106 γενέσθαι
3369 5038 3457 5087 τόν
3516 5035 3762 5108 Παμφᾶον
3795 5029 3852 5080 55‘

2324 5123 2512 5178 σέϐιον.
2561 5123 2676 5176 Ἐπὶ
2730 5120 2789 5175 δέ
2851 5131 2946 5185 τῆς
3003 5121 3347 5199 Ἀλεξάνδρου
3409 5129 3621 5198 Πιέριος
3664 5123 3851 5188 isis-uss:

2323 5209 2405 5279 ἧν,
2464 5211 2807 5287 πρεσϐύτερος
2859 5215 2950 5284 μὲν
3014 5218 3108 5271 τὴν
3165 5211 3332 5278 ἀξίαν,
3394 5212 3634 5286 ᾰκτησίᾳ
3683 5209 3734 5264 δε
3773 5206 3848 5278 βω

2320 5305 2411 5353 καὶ
2462 5308 2525 5373 τῇ
2581 5300 2696 5353 καθ’
2749 5297 2997 5362 ’Έλληνας
3042 5297 3262 5374 παιδείᾳ
3309 5306 3396 5353 καὶ
3443 5301 3720 5374 φιλοσοφίᾳ
3752 5289 3846 5350 διδ»-

2393 5424 2474 5498 (3)
2506 5423 2721 5482 Euseb.
2746 5423 2853 5485 lib.
2883 5441 2981 5498 vn,
3009 5441 3145 5500 cap.
3172 5429 3239 5484 32
3269 5423 3509 5499 Cyrillo.
