4028 6294
202 356 231 411 1
243 355 343 412 201

1246 350 1818 410 ECCLESIASTICAS
1857 349 2213 406 HlSTORI/E
2254 349 2392 405 LIB.
2434 348 2523 406 Vl.

3421 345 3561 401 1202

196 485 516 553 κιμασμένος
541 499 551 511 ·
608 489 724 543 ταῖς
750 501 810 552 γε
844 486 946 552 μὴν
985 485 1101 554 περὶ
1141 483 1203 532 τὰ
1243 481 1354 532 θεῖα
1392 476 1669 543 σπουδαῖς,
1711 482 1796 529 καὶ

1911 476 2185 531 omnium
2230 476 2490 530 meritus.
2536 474 2963 545 Episcopatum
3006 471 3089 527 ibi
3133 477 3258 527 tum
3297 470 3558 528 admini-

199 579 314 632 ταῖς
365 570 413 622 έν
461 579 615 641 κοινῷ
677 568 941 632 διαλέξεσι
991 574 1079 621 καὶ
1140 568 1472 641 ἐξηγήσεσιν,
1533 567 1797 639 ὑπερφυῶς

201 661 638 732 θαυμαζόμενος⁸
692 665 868 713 Θεωνᾶ
927 655 986 711 δε
1041 667 1102 731 τῇ
1159 658 1416 729 ἐπισκοπῇ
1481 653 1796 731 διαπρέπον.

196 770 285 810 τος
343 747 709 824 Ἀλεξάνδρου,
768 752 902 801 κατά
960 752 1148 800 ταυτὸν
1211 753 1400 822 Πιερίῳ
1452 746 1500 798 έν
1565 742 1801 818 καθέδρᾳ

197 837 561 912 πρεσϐυτέρων
627 843 716 890 καὶ
791 836 1045 909 Ἀχιλλᾶς
1105 837 1484 910 γνωριζόμενος
1551 831 1632 901 ἦν,
1706 838 1798 892 τὴν

196 937 293 987 τῆς
346 923 701 989 διδασκαλίας
748 930 884 998 ἔχων
941 925 1224 998 ἐπιτροπὴν
1255 935 1344 985 τῆς
1386 927 1524 998 ἱερᾶς
1579 923 1796 980 ἐπιστή-

195 1036 325 1088 μης,
395 1017 699 1089 φιλοσοφίας
745 1015 1105 1087 ἠκριϐωμένης
1172 1019 1229 1067 τό
1295 1015 1462 1089 ὶργον,
1543 1017 1632 1065 καὶ
1704 1019 1798 1074 τῆς

195 1110 332 1158 κατά
379 1111 436 1158 τὸ
509 1105 820 1177 Εὐαγγέλιον
875 1105 1129 1165 πολιτείας
1183 1107 1242 1156 τὸ
1309 1109 1547 1174 γνήσιον,
1595 1105 1798 1174 ἐναργέ-

199 1214 373 1248 στατα
418 1191 856 1266 έπιδεδειγμένος.
918 1194 1157 1255 Μέλίτιος
1239 1190 1297 1246 δε
1370 1196 1420 1245 ἐν
1495 1199 1597 1252 τοῖς
1667 1193 1800 1243 κατά

196 1289 391 1337 Πόντον
448 1283 774 1355 ,ἐγνωρίζετο
851 1287 1056 1356 μέρεσιν
1091 1299 1103 1312 ·
1169 1284 1222 1334 ὃν
1288 1284 1336 1334 οἱ
1396 1289 1488 1343 τῆς
1546 1279 1797 1338 Ἑλλήνων

197 1379 389 1446 σοφίας
449 1373 863 1446 ἀντιποιούμενοι
935 1377 994 1425 τὸ
1058 1371 1173 1444 μέλι
1245 1380 1340 1432 τῆς
1390 1372 1636 1431 Ἀττικῆς
1681 1368 1798 1420 έκά-

192 1465 318 1516 λουν
376 1463 549 1517 αὐτόν.
606 1471 864 1516 Τοσοῦτον
929 1459 988 1515 δε
1038 1467 1153 1536 περὶ
1222 1462 1378 1514 αὐτόῡ
1432 1461 1586 1513 εἰπεῖν
1642 1479 1800 1530 αναγ-

195 1561 368 1617 καῖον,
421 1556 485 1613 ὡς
542 1555 586 1605 εἶ
636 1572 716 1613 τις
754 1561 852 1604 τῶν
907 1551 956 1602 έν
1000 1551 1169 1622 λόγοις
1211 1551 1515 1603 τελεώτατον
1573 1547 1800 1621 διαγρά-

1543 1640 1607 1713 ῥη
1617 1641 1794 1710 τορικὴ

194 1735 291 1803 μὲν
332 1734 432 1806 γάρ
485 1733 514 1788 ἡ
563 1733 718 1802 φύσις
766 1730 906 1800 αὖτῷ
940 1750 954 1764 ο
999 1729 1124 1781 ὥστ’
1166 1730 1206 1781 εἰ
1247 1731 1381 1781 κατά
1421 1737 1572 1780 τουτο
1601 1730 1799 1798 θαυμά-

197 1662 310 1714 φειν
383 1641 574 1707 έςήτει,
642 1641 828 1694 έκείνον
902 1636 1026 1693 ἰδὼν
1104 1639 1462 1712 ἀρκεσθῆναι·

1911 565 2114 620 stravit
2145 564 2440 619 Theonas.
2477 565 2539 618 Et
2571 578 2691 618 una
2721 578 2859 618 cum
2899 562 3089 617 Pierio
3121 559 3378 616 Achillas
3407 575 3563 634 quo-

1908 669 2026 724 que
2055 653 2113 707 in
2153 652 2644 724 presbyterorum
2675 650 2959 706 cathedra
2987 649 3231 705 laudem
3269 663 3559 718 magnam

1909 747 1999 796 est
2029 747 2408 805 consecutus,
2450 756 2761 795 sacrarum
2800 738 3240 810 Scripturarum
3272 737 3558 794 doctrina

1908 829 2266 901 prapositus
2295 845 2306 883 :
2340 845 2460 902 qua
2489 828 2798 900 provincia
2824 833 2978 882 recte
2999 827 3280 882 obeunda
3304 827 3557 882 multum

1907 919 1958 973 ei
1983 918 2206 990 profuit
2227 917 2620 990 philosophia
2644 917 2931 981 studium,
2959 932 3095 988 qua
3119 916 3349 971 sincera
3375 918 3562 971 Evan-

1908 1007 2044 1076 gelii
2077 1007 2367 1078 dogmata
2407 1013 2465 1062 et
2506 1007 2774 1061 instituta
2817 1005 3146 1060 clarissime
3182 1005 3242 1060 in
3283 1011 3560 1077 apertum

1907 1096 2169 1168 protulit.
2198 1097 2260 1150 In
2289 1095 2453 1151 Ponti
2479 1102 2680 1150 autem
2705 1093 3054 1165 regionibus
3079 1092 3327 1150 Melitius
3351 1092 3560 1163 magni

1907 1186 2171 1241 nominis
2214 1185 2325 1240 fuit
2369 1201 2382 1239 :
2429 1201 2632 1257 quem.
2678 1185 2782 1256 qui
2823 1184 3088 1238 Gracam
3139 1189 3561 1238 consectantur

1907 1275 2284 1345 sapientiam,
2311 1273 2426 1328 mel
2448 1273 2651 1328 Attica
2672 1272 3195 1342 cognominarunt.
3224 1273 3300 1326 De
3321 1287 3392 1327 eo
3413 1271 3564 1328 illud

1907 1364 2083 1419 nobis
2122 1363 2461 1418 necessario
2500 1361 2822 1417 dicendum
2861 1366 2968 1426 est,
3005 1365 3066 1416 ut
3101 1360 3149 1414 si
3179 1361 3316 1432 quis
3344 1361 3405 1415 in
3436 1376 3566 1417 om-

1909 1451 2085 1507 nibus
2130 1452 2428 1523 praclaris
2477 1449 2688 1506 studiis
2742 1448 3242 1521 perfectissimum
3295 1449 3560 1522 aliquem

1907 1541 2215 1597 hominem
2247 1539 2580 1595 describere
2618 1538 2776 1606 velit,
2809 1540 2860 1594 ei
2892 1544 3184 1610 tanquam
3215 1537 3561 1594 absolutum

1907 1630 2208 1702 exemplar
2219 1629 2464 1688 Melitius
2478 1627 2751 1685 suftlciat.
2775 1636 2882 1685 Ars
2904 1628 3062 1683 enim
3081 1628 3340 1684 oratoria
3356 1628 3561 1686 nativa

1907 1720 1968 1775 in
1992 1736 2060 1774 eo
2082 1726 2170 1774 est
2186 1720 2326 1775 visa.
2353 1724 2430 1773 Ac
2452 1719 2497 1773 si
2520 1734 2658 1773 eum
2677 1734 2748 1774 eo
2773 1723 3006 1773 tantum
3029 1716 3274 1772 nomine
3295 1715 3560 1773 admira-

195 1805 411 1893 Cotptsv,
448 1823 506 1872 τὸ
563 1829 828 1894 προσῆκον
876 1819 970 1870 οὐκ
1018 1819 1076 1870 Ξιν
1127 1822 1375 1890 εἵποιμεν.
1435 1825 1540 1879 Τῆς
1585 1837 1644 1888 γε
1696 1821 1796 1888 μὴν

1909 1826 2125 1874 remur,
2172 1808 2368 1863 minus
2402 1808 2455 1862 ei
2495 1823 2681 1878 quam
2716 1807 2960 1862 meritus
2996 1805 3092 1872 sit,
3138 1805 3556 1864 tribueremus.

194 1909 360 1972 ἄλλης
415 1909 574 1961 αὐτοῦ
632 1909 964 1976 πολυπειρίας
1029 1915 1114 1959 καὶ
1171 1908 1502 1980 φιλομαθείας
1560 1902 1674 1958 οὐδ’
1727 1905 1799 1956 έν-

193 2004 388 2058 νοῆσαί
417 2018 467 2051 τι
496 1999 643 2052 πλέον
683 1997 874 2050 ἐκείνου
909 2002 1128 2069 γένοιτο.
1183 2001 1282 2050 Τὸν
1324 2000 1426 2068 γὰρ
1485 1996 1559 2068 ἐφ’
1603 1996 1793 2068 ἑκάστῃ

191 2087 462 2161 ἐπιστήμῃ
536 2087 838 2140 τελεώτατον
939 2090 1111 2158 ἱκείνῳ
1193 2085 1543 2158 συμμίξαντα,
1636 2087 1800 2145 εἲποις

189 2179 258 2229 οἶν
314 2182 474 2248 μόνην
523 2177 776 2249 εἰληφέναι
827 2177 1028 2248 πεῖραν,
1076 2172 1134 2228 οὗ
1183 2179 1239 2228 τὸ
1290 2177 1477 2248 κράτος
1534 2177 1672 2245 ἔχειν
1724 2192 1799 2225 νε-

187 2271 413 2337 νόμιστο
471 2271 735 2341 πρότερον.
776 2268 853 2319 Τὰ
905 2263 964 2318 δε
1014 2274 1109 2325 τῆς
1155 2265 1336 2339 ἀρετῆς
1372 2264 1429 2317 οὐ
1471 2268 1623 2337 μόνον
1664 2259 1799 2321 ἦσαν

191 2355 468 2428 ἓφάμιλλα,
525 2354 653 2407 ἀλλά
709 2355 753 2407 εἰ
789 2351 954 2428 μηδὲν
1007 2353 1174 2426 ἐκείνῳ
1226 2363 1448 2425 προσῆν,
1500 2352 1673 2426 ἀρκεῖν
1727 2351 1800 2404 έν-

190 2449 370 2498 τεῡθεν
401 2443 621 2517 μηδενός
670 2454 771 2498 τῶν
827 2451 944 2519 περὶ
996 2447 1140 2497 ταῦτ’
1175 2441 1466 2516 εὐδοκίμων
1507 2442 1621 2495 κατ’
1648 2439 1798 2494 οὖδεν

191 2535 318 2587 ὅσον
366 2554 426 2605 γε
481 2539 606 2609 πρὸς
663 2532 820 2598 δόξαν
861 2534 1149 2588 λείπεσθαι.
1211 2533 1304 2585 Ὃν
1355 2531 1494 2591 δῆτα
1544 2537 1652 2594 τοῖς
1705 2538 1797 2582 τοῦ

193 2621 440 2696 διῶγμοῦ
517 2632 719 2697 καιροῖς
788 2631 882 2684 τῆς
945 2623 1294 2684 Παλαιστίνης
1357 2626 1536 2695 μέρεσι
1591 2617 1800 2692 διατρί-

195 2711 352 2765 ϐοντα
379 2712 464 2771 ἐτη
491 2721 806 2785 παραμεῖναι
835 2715 964 2764 ἔπτά
991 2712 1143 2784 λόγος
1170 2714 1302 2783 ἔχει.

1909 1897 2088 1970 434
2122 1902 2182 1952 In
2229 1897 2359 1952 aliis
2389 1901 2590 1952 autem
2623 1897 2821 1952 omnis
2851 1894 3088 1966 generis
3133 1894 3344 1951 studiis
3375 1899 3558 1967 atque

1905 1989 2188 2044 doctrinis
2213 1985 2474 2056 amplius
2505 1984 2863 2056 quidquam,
2895 2000 3080 2056 quam
3113 1983 3207 2039 ille
3238 1989 3554 2040 assecutus

1906 2077 2001 2141 sit,
2025 2075 2246 2131 nemini
2267 2075 2326 2129 in
2360 2080 2620 2130 mentem
2644 2074 2846 2129 venire
2871 2080 3083 2145 potest.
3114 2073 3286 2139 Quod
3317 2073 3364 2128 si
3393 2073 3555 2129 enim

1907 2167 1968 2221 in
1980 2163 2296 2236 disciplina
2311 2179 2554 2236 quaque
2567 2162 3053 2218 absolutissimus
3067 2161 3391 2234 quisquam
3415 2177 3556 2218 cum

1906 2256 2006 2312 illo
2029 2256 2104 2310 de
2132 2271 2203 2310 ea
2229 2253 2408 2309 verba
2439 2251 2802 2317 contulisset,
2831 2253 2891 2306 in
2923 2267 2997 2307 ea
3028 2250 3158 2307 sola
3185 2267 3324 2306 eum
3354 2250 3557 2307 erudi-

1907 2351 2032 2402 tum
2072 2350 2251 2415 atque
2281 2341 2672 2398 exercitatum
2713 2339 2894 2396 fuisse
2925 2340 3181 2396 dixisses
3213 2360 3229 2407 ;
3261 2345 3318 2396 et
3347 2355 3556 2396 rursus

1907 2434 1982 2490 de
2023 2434 2138 2489 alia
2167 2439 2291 2488 arte
2322 2432 2369 2486 si
2398 2431 2535 2503 quis
2567 2446 2702 2485 cum
2737 2445 2810 2486 eo
2849 2429 3088 2500 egisset,
3123 2429 3182 2484 in
3213 2444 3288 2485 ea
3314 2444 3559 2501 quoque

1908 2540 2048 2579 eum
2077 2523 2312 2592 longius
2343 2519 2648 2584 excellere,
2679 2535 2802 2590 pra
2828 2534 2900 2574 eo
2927 2518 3125 2574 studio
3155 2518 3215 2573 iu
3244 2533 3366 2590 quo
3391 2517 3558 2589 prius

1909 2613 2136 2686 primas
2182 2609 2402 2666 habere
2461 2608 2624 2663 visus
2673 2613 2854 2672 esset,
2894 2606 3254 2678 judicasses.
3310 2607 3558 2663 Virtutes

1910 2719 2089 2776 porro
2133 2717 2252 2757 non
2283 2699 2476 2755 solum
2508 2715 2647 2754 cum
2692 2703 2812 2754 tam
2846 2697 3009 2754 varia
3037 2696 3367 2754 eruditione
3398 2697 3460 2752 in
3484 2711 3557 2754 eo

199 2803 525 2866 certabant,
561 2818 765 2856 verum
809 2802 988 2857 etiam
1036 2803 1082 2856 si
1124 2801 1266 2855 nihil
1307 2815 1552 2872 prorsus
1595 2795 2005 2853 doctrinarum
2048 2791 2425 2854 habuissent,
2447 2789 2540 2844 ha
2573 2787 2714 2843 satis
2754 2786 2832 2842 illi
2864 2786 3134 2843 fuissent.
3166 2786 3328 2842 Adeo
3375 2787 3437 2842 in
3469 2787 3556 2842 eis

197 2891 276 2946 ad
312 2907 612 2947 summam
642 2891 885 2947 laudem
924 2896 978 2945 et
1009 2889 1259 2959 gloriam
1295 2888 1436 2944 nihil
1485 2888 1702 2944 fecerat
1742 2884 1970 2958 reliqui.
2001 2882 2102 2937 Hic
2147 2882 2209 2936 in
2241 2881 2376 2950 ipsa
2419 2878 2588 2950 gravi
2621 2877 3052 2948 persecutione,
3101 2882 3333 2948 septem
3363 2891 3560 2932 annos

202 2981 264 3035 in
286 2979 618 3036 Palastina
643 2981 913 3052 partibus
941 2979 1238 3035 mansisse
1268 2979 1500 3034 dicitur.

795 3110 1037 3157 KE<l>AA.
1073 3103 1217 3186 κζ’,

195 3217 352 3288 Περὶ
406 3222 524 3264 τῶν
575 3211 631 3264 ἐν
683 3208 1043 3288 Λαοδικείᾳ
1095 3213 1434 3288 ίερατικῶς
1472 3211 1797 3288 ᾑγησαμέ·

340 3305 478 3352 νων,
535 3289 640 3336 ἐπὶ
695 3285 890 3355 σοφίᾳ
965 3279 1330 3340 διαϐοήτων
1384 3279 1653 3353 ἀνδρῶν.

265 3399 375 3453 Τῆς
432 3389 484 3444 δ’
531 3390 578 3443 έν
629 3389 918 3463 Λαοδικείᾳ
972 3395 1272 3464 παροικίας,
1325 3391 1456 3461 μετὰ
1521 3389 1796 3461 Σωκράτην

190 3479 443 3541 Εὐσέϐιος
505 3484 562 3533 τὸ
609 3482 847 3553 ἱερᾶσθαι
901 3479 1100 3550 λαχὼν,
1169 3481 1468 3548 καθηγεῐτο.
1537 3485 1642 3538 Τῆς
1691 3478 1792 3548 γὰρ

189 3553 538 3644 Ἀλεξάνδρου
570 3571 809 3644 ὁρμήσας
838 3568 1002 3641 (αἰτία
1034 3566 1086 3620 δ’
1138 3565 1198 3626 ἧν
1259 3567 1456 3628 Παῦλος
1521 3568 1545 3618 ό
1594 3569 1648 3618 ἑκ
1694 3573 1797 3618 Σα-

190 3662 438 3732 μοσάτων
479 3659 881 3730 ἐξεταζόμενος),
949 3666 1009 3730 τῇ
1057 3662 1218 3729 Συρίᾳ
1255 3655 1589 3730 προσϐάλλει.
1659 3657 1797 3729 Πρός

192 3745 256 3802 δὲ
310 3757 408 3801 τῶν
465 3751 626 3801 ἑκείσε
682 3753 800 3822 περὶ
867 3750 934 3799 τὰ
995 3749 1107 3800 θεῖα
1161 3742 1563 3798 ἐσπουδακότων
1613 3741 1796 3798 οἶκαδε

193 3837 528 3910 ἀναστρέφειν
602 3840 844 3910 εἴργεται,
930 3835 1222 3908 ἀκροθίνιόν
1296 3855 1347 3886 τι
1416 3842 1489 3903 τῷ
1549 3829 1795 3890 τηνικάδε

191 3933 370 4002 χρόνῳ
427 3928 521 3988 τῆς
564 3931 680 4000 περὶ
718 3931 840 3979 Θεὸν
891 3931 1111 3986 πίστεως
1155 3924 1549 3997 γνωριζόμενος.
1602 3925 1793 3979 Τοῦτον

195 4013 256 4068 δὲ
293 4015 606 4080 Ἀνατόλιος,
667 4011 958 4077 διεδέξατο,
1010 4013 1202 4088 ἀραθὸς
1253 4012 1467 4087 ἀρίστου
1511 4008 1790 4082 διάδοχος,

192 4109 289 4162 τὴν
337 4101 726 4178 Ἀλεξάνδρειαν
774 4107 864 4176 μεν
939 4109 1028 4156 καὶ
1085 4103 1235 4166 οὗτος
1293 4103 1474 4174 αὐχῶν
1532 4097 1787 4175 πατρδία,

193 4195 260 4245 τά
311 4201 494 4265 πρῶτα
533 4189 582 4245 δ’
633 4192 680 4245 έν
732 4200 793 4265 τῇ
845 4192 938 4255 ἔξω
995 4197 1152 4264 σοφίᾳ
1194 4196 1282 4244 καὶ
1330 4193 1446 4243 καθ’
1493 4193 1644 4262 ἡμᾶς,
1702 4195 1792 4242 καί

194 4291 294 4334 τῶν
371 4282 482 4334 λίαν
563 4284 829 4354 ἐπισήμων
883 4281 1110 4342 ἀπάσαις
1167 4282 1360 4352 ψήφοις
1410 4281 1792 4353 κεκληρωμένος

193 4371 284 4424 ἁτε
334 4368 400 4442 δὴ
434 4371 501 4431 εἰς
539 4372 718 4444 οἶκρον,
768 4372 866 4430 ὅση
907 4377 1024 4444 περὶ
1059 4376 1394 4443 γεωμετρίαν,
1429 4375 1518 4422 καὶ
1558 4368 1791 4442 ἀρίθμών

2489 3092 2716 3149 CAPUT
2744 3091 2966 3148 XXXVI.

1905 3203 1988 3260 De
2005 3200 2370 3259 Laodicensib
2378 3216 2442 3256 us
2455 3199 3040 3272 episcopis,sapientia
3051 3197 3379 3255 illustribus
3394 3197 3561 3260 viris.

1976 3397 2358 3455 Laodicensis
2390 3396 2661 3453 Ecclesia
2693 3412 2933 3452 sacrum
2963 3410 3186 3452 munus
3211 3393 3394 3465 gessit
3423 3397 3561 3466 post

1907 3491 2209 3546 Socratem
2278 3486 2586 3541 Eusebius.
2659 3489 2732 3550 Is,
2797 3483 3162 3540 Alexandria
3229 3482 3554 3554 profectus,

1904 3581 2148 3649 propter
2187 3577 2434 3632 Paulum
2475 3577 2957 3639 Samosatenum,
2999 3573 3060 3628 in
3089 3587 3271 3646 quem
3304 3577 3430 3628 tum
3467 3572 3560 3626 in-

1904 3666 2274 3738 quirebatur,
2315 3665 2374 3720 in
2416 3665 2649 3736 Syriam
2687 3664 2866 3719 venit.
2911 3663 3076 3719 Unde
3112 3661 3190 3718 ab
3229 3661 3297 3716 iis
3332 3661 3436 3735 qui
3475 3661 3558 3719 ibi

1903 3755 2244 3811 divinarum
2271 3769 2468 3809 rerum
2495 3753 2745 3808 studiosi
2769 3757 2954 3817 erant,
2989 3753 3046 3806 in
3074 3752 3332 3822 patriam
3360 3751 3554 3808 redire

1903 3849 1992 3899 est
2017 3843 2339 3914 impeditus
2368 3859 2380 3896 :
2414 3841 2580 3914 quod
2607 3841 2943 3896 maximum
2964 3841 3267 3909 religionis
3287 3845 3466 3913 atque
3493 3840 3556 3898 in

1906 3936 2091 3989 Deum
2120 3931 2256 3987 ﬁdei
2284 3932 2632 4003 prasidium
2657 3935 2714 3986 et
2737 3930 3015 3986 columen
3044 3929 3157 3986 illis
3185 3929 3556 4001 temporibus

1904 4027 2263 4076 censeretur.
2305 4021 2440 4090 Ejus
2470 4019 2689 4076 deinde
2718 4019 2917 4075 locum
2949 4018 3256 4075 Anatolius
3278 4019 3555 4088 obtinuit,

1902 4111 2110 4183 optimi
2127 4110 2456 4166 decessoris
2470 4109 2668 4165 bonus
2686 4124 3016 4165 successor.
3039 4108 3181 4164 Huic
3198 4106 3557 4164 Alexandria

1903 4201 2097 4272 patria
2125 4198 2252 4255 fuit.
2275 4199 2580 4269 Praecipua
2606 4205 2760 4255 certe
2786 4198 2919 4254 laus
2937 4198 2989 4253 ei
3014 4199 3074 4253 in
3104 4196 3357 4269 profana
3378 4195 3556 4252 simul

1901 4297 1957 4344 et
1984 4304 2162 4345 sacra
2187 4287 2590 4360 philosophia,
2623 4287 2906 4344 omnibus
2939 4287 3214 4342 omnium
3245 4286 3557 4357 praclaro-

1901 4394 2035 4434 rum
2071 4378 2337 4432 virorum
2377 4377 2622 4433 calculis
2665 4381 2758 4433 est
2795 4376 3017 4433 tributa
3055 4391 3072 4432 :
3118 4381 3179 4431 ut
3219 4374 3296 4443 ei,
3337 4376 3442 4448 qui
3475 4373 3556 4431 ad

196 4459 494 4531 ἀναλογίαν,
571 4464 660 4512 καὶ
746 4458 1114 4532 ἀστρονομίαν,
1179 4456 1511 4518 διαλεκτικὴν
1580 4477 1634 4510 τε
1703 4462 1792 4510 καὶ

1907 4483 2209 4523 summam
2232 4467 2502 4538 peritiam
2525 4465 2888 4538 geometria,
2917 4464 3324 4536 proportionis
3345 4479 3556 4520 nume-

197 4553 424 4622 φυσικῆν
479 4554 568 4601 καὶ
621 4550 918 4619 θεολογικήν
986 4548 1309 4620 φιλοσοφίαν,
1381 4552 1511 4619 πρὸς
1562 4544 1621 4600 δε
1704 4551 1790 4598 καὶ

195 4648 297 4692 τῶν
354 4638 404 4690 έν
449 4638 695 4712 ῥητορεία
745 4639 1068 4710 μαθημάτων
1118 4638 1326 4699 ἐλασας.
1361 4634 1547 4690 Οὐδενὶ
1582 4639 1683 4710 γὰρ
1735 4639 1793 4688 τό

195 4731 314 4781 ἶσον
366 4729 506 4797 ἓχιίν
558 4735 786 4802 παρῆκεν
834 4723 974 4797 αὐτῷ
1009 4743 1021 4756 ·
1084 4728 1138 4778 ὃν
1191 4725 1340 4797 λόγος
1393 4728 1507 4796 ἔχει
1567 4731 1657 4777 καὶ
1704 4732 1794 4785 τῆς

199 4815 316 4869 κατ’
383 4815 752 4888 Ἀριστοτέλην
799 4811 1078 4888 διατριϐῆς
1130 4822 1327 4887 πρῶτον
1371 4812 1652 4876 ἀξιωθέντα
1705 4833 1794 4865 συ-

204 4907 509 4963 στήσασθαι
564 4908 657 4962 τὴν
691 4903 910 4975 σχολήν.
943 4902 1110 4975 Ἔργα
1137 4910 1225 4975 μὲν
1257 4900 1343 4954 οὖν
1375 4901 1569 4978 ἄριστα
1618 4910 1794 4954 τοῦτον

205 4992 603 5069 διαπράξασθαι
657 4993 771 5046 κατ’
815 4989 1202 5066 Ἀλεξάνδρειαν
1257 4991 1304 5043 ἐν
1361 5001 1423 5064 τῇ
1475 5000 1564 5044 τοῦ
1634 4992 1795 5064 Βρου-

204 5102 332 5157 χιου
384 5083 659 5158 πολιορκίᾳ
706 5085 994 5155 ἱστόρηται.
1057 5087 1156 5135 Καὶ
1209 5085 1326 5154 περὶ
1381 5089 1474 5143 τῆς
1522 5082 1795 5155 ἰσημερίας

207 5180 298 5226 τοῦ
348 5175 547 5244 Ηάσχα
589 5170 994 5244 ἀκριϐεστάτους
1045 5171 1192 5243 ὅρους
1243 5167 1514 5234 ὑπέδειξε⁸
1575 5175 1665 5223 καὶ
1725 5170 1799 5223 εἰ-

212 5263 453 5333 σαγωγὰς
497 5257 555 5314 δὲ
597 5260 945 5336 ἀριθμητικὰς
985 5263 1032 5310 ἐν
1084 5256 1213 5313 δέκα
1273 5262 1655 5332 συγγράμμασι
1707 5280 1798 5312 κα-

210 5349 492 5418 ταλέλοιπε,
524 5354 615 5402 καὶ
665 5349 795 5402 ἄλλα
846 5349 1082 5414 πλείστα,
1128 5345 1344 5410 ἰνδειξιν
1389 5349 1482 5400 οὐκ
1513 5348 1798 5420 ἐλαχίστην

211 5447 306 5501 τῆς
361 5446 477 5514 περὶ
527 5441 593 5492 τὰ
647 5437 780 5492 καλὰ
854 5435 1092 5500 σπουδῆς
1158 5438 1314 5491 αὐτοῦ
1393 5441 1798 5512 παριστάνοντα.

283 5564 360 5635 (l)
393 5563 608 5636 Euseb.
639 5570 699 5618 ut
736 5579 937 5636 supra,
972 5570 1310 5636 nupeuxsiov,
1325 5564 1584 5636 publica
1610 5581 1802 5622 auno-

213 5651 308 5693 na
342 5634 402 5694 et
444 5635 618 5694 tritici
653 5634 827 5710 quod
854 5640 1015 5710 πυρός
1043 5635 1239 5696 Grace
1277 5634 1510 5705 dicitur,
1541 5643 1804 5712 recepta-

1901 4571 2126 4620 rorum,
2147 4557 2550 4618 astronomia,
2570 4554 2912 4623 dialectica,
2938 4554 3220 4626 physica,
3242 4552 3556 4625 ipsiusque

1902 4645 2054 4701 adeo
2084 4644 2430 4714 theologica
2453 4644 2780 4716 sapientia,
2805 4644 3142 4714 artiumque
3164 4641 3402 4698 dicendi
3422 4657 3554 4700 om-

1903 4734 2070 4790 nium
2121 4733 2478 4804 pervenerit,
2529 4735 2954 4805 neminemque
3001 4732 3114 4788 sibi
3161 4747 3370 4804 parem
3422 4747 3553 4789 esse

1902 4839 2120 4894 passus
2158 4822 2252 4876 sit.
2287 4825 2469 4887 Quem
2503 4821 2667 4878 fama
2696 4822 2873 4878 etiam
2905 4825 2996 4876 est
3023 4820 3276 4890 dignum
3307 4836 3436 4878 esse
3462 4822 3554 4892 ju-

1904 4911 2192 4979 dicatum,
2255 4910 2357 4982 qui
2423 4911 2656 4982 primns
2728 4907 3162 4966 Aristotelicam
3224 4909 3557 4968 institueret

1906 4999 2194 5054 scholam.
2227 4999 2522 5071 Multaque
2548 4999 2596 5054 is
2623 4998 2997 5055 Alexandria
3030 4997 3260 5054 Bruchii
3289 4998 3368 5071 (t)
3397 4999 3556 5056 obsi-

1905 5089 2102 5144 dionis
2126 5095 2387 5158 tempore
2410 5089 2471 5144 in
2493 5088 2646 5144 civili
2669 5086 3042 5144 dissensione
3068 5091 3124 5143 et
3146 5087 3323 5143 famis
3345 5088 3556 5144 discri-

1906 5177 2088 5242 mine,
2121 5181 2363 5248 propter
2392 5192 2650 5234 annona
2685 5178 3048 5247 angustiam,
3082 5177 3307 5248 optime
3344 5176 3555 5235 fecisse

1906 5265 2257 5338 civibusque
2283 5267 2652 5322 consuluisse
2682 5265 2953 5323 traditur.
2990 5270 3058 5324 Et
3087 5267 3349 5324 rationes
3379 5265 3558 5322 ﬁnes-

1908 5371 2026 5429 que
2051 5363 2259 5421 certos,
2286 5356 2510 5412 Pascha
2529 5356 2931 5428 aquinoctiali
2959 5361 3225 5430 tempore
3251 5355 3559 5413 celebran-

1909 5443 2056 5501 dum
2086 5460 2216 5500 esse
2243 5445 2502 5502 ostendit
2534 5468 2547 5501 :
2576 5445 2990 5502 Arithmeticas
3024 5445 3426 5502 Institutiones
3451 5445 3558 5502 de-

1912 5568 2115 5642 culum
2154 5574 2333 5641 atque
2371 5570 2740 5642 granarium.
2775 5571 3041 5632 Refertur
3076 5571 3193 5632 hoc
3229 5571 3310 5628 ad
3340 5570 3561 5637 Euseb.

1909 5639 2017 5700 lib.
2049 5656 2152 5711 vn,
2195 5639 2328 5717 cap.
2369 5639 2463 5704 32.
