4028 6294
595 279 616 332 ί
628 275 734 332 203

1872 279 1916 335 Ν
1925 279 2262 338 ICEPHORI
2303 281 2623 338 CALLISTI

3727 289 3813 345 1204

591 406 722 449 cem
748 391 960 450 libellis
988 395 1347 466 composuit,
1376 394 1616 468 aliaque
1633 395 2208 468 plurimalitterarun

2309 405 2532 472 ,Χεῖρας
2579 395 2638 452 δε
2687 400 2851 469 τούτῳ
2901 405 3104 469 πρῶτος
3166 398 3192 448 ό
3249 404 3343 458 τῆς
3388 395 3690 452 Παλὰιστινῶν
3734 411 3818 456 Κει-

589 487 1005 549 monumenta,
1040 499 1176 555 qua
1215 483 1416 540 eximii
1455 486 1586 556 ejus
1616 486 1676 541 in
1716 486 1978 543 bonestis
2010 492 2065 542 et
2089 487 2232 543 libe-

584 570 814 627 ralibus
835 571 1062 628 artibus
1083 572 1259 628 studii
1283 573 1428 630 satis
1447 590 1669 644 magno
1687 580 1826 631 sunt
1845 576 2228 633 documento.

584 659 814 716 Primus
845 659 895 716 ei
926 659 1210 717 Casarea
1249 663 1572 720 Palaestina
1601 665 1921 737 episcopus
1948 666 2233 722 Theotec-

582 763 698 804 nus
731 764 976 804 manum
1008 750 1229 822 injecit,
1260 753 1733 824 episcopumque
1763 755 2001 820 creavit,
2050 755 2226 828 435

582 837 854 894 Ecclesia
893 855 1017 894 sua
1057 855 1465 898 successorem
1507 858 1645 899 eum
1685 843 2008 912 designans
2049 851 2228 917 atque

581 925 908 982 destinans.
942 928 1058 984 Sed
1087 928 1270 985 ambo
1301 945 1422 986 non
1447 931 1531 987 ita
1558 932 1660 987 diu
1691 932 1962 989 Ecclesia
1995 934 2045 988 ei
2077 949 2231 1005 pra-

581 1015 837 1073 fuerunt.
863 1019 1011 1074 Nam
1030 1034 1168 1074 cum
1189 1026 1247 1076 et
1263 1019 1425 1076 hunc
1453 1022 1726 1093 synodus
1749 1027 1957 1079 contra
1980 1023 2226 1079 Paulum

578 1111 790 1162 coacta
819 1114 1147 1180 avocasset,
1175 1113 1232 1166 et
1259 1109 1386 1180 ipse
1417 1126 1523 1182 per
1554 1113 1906 1168 Laodiceam
1939 1114 2047 1168 iter
2076 1113 2229 1169 face-

577 1199 684 1261 ret,
717 1212 1029 1269 nuperque
1058 1199 1392 1256 admodum
1433 1200 1514 1256 ibi
1558 1201 1795 1272 pietatis
1828 1219 2049 1258 nomen
2080 1202 2228 1261 refe-

574 1298 714 1340 rens
741 1285 1062 1354 episcopus
1090 1287 1377 1344 Eusebius
1403 1304 1434 1344 e
1463 1289 1580 1346 vita
1608 1290 1940 1357 migrasset,
1973 1308 2008 1348 a
2036 1291 2221 1348 fratri-

569 1371 688 1428 bus
726 1374 1020 1440 detentus,
1052 1375 1321 1433 ecclesia
1362 1378 1413 1433 ei
1455 1381 1543 1433 est.
1575 1379 1908 1450 praefectus.
1951 1381 2224 1437 Anatolio

569 1460 733 1528 huic,
765 1479 903 1518 cum
936 1470 1073 1536 post
1105 1481 1294 1522 annos
1326 1467 1666 1538 complures
1705 1468 2072 1535 decessisset.
2117 1487 2222 1540 po-

577 1555 838 1608 stremus
863 1553 942 1608 ibi
964 1552 1230 1610 ﬁdelium
1259 1555 1598 1627 episcopus,
1623 1562 1760 1613 ante
1792 1560 2220 1628 persecutionis

571 1643 866 1712 tempora,
890 1641 1172 1698 suﬁectus
1194 1650 1280 1698 est
1303 1645 1676 1716 Stephanus:
1699 1646 1841 1700 satis
1863 1645 1955 1702 ille
1976 1647 2221 1720 quidem

2344 491 2558 561 σαρείας
2638 491 2904 546 Θεότεκνος
2985 485 3260 551 ἐπιϐαλὼν,
3331 488 3546 538 καθίστα
3609 488 3816 557 ἐπίσκοποι,

2342 572 2604 648 διάδοχον
2676 585 2767 637 τῆς
2831 577 2945 628 κατ’
2996 576 3152 628 αὐτόν
3205 581 3478 648 παροικίας
3523 585 3818 648 ειτροιινιιὶμιινιρς⁸

2338 670 2428 718 καὶ
2458 665 2610 739 ἄμφω
2657 671 2829 718 τοίνυν
2879 667 2954 718 ἐπ’
3007 665 3176 736 ὀλίγον
3205 675 3300 728 τῆς
3338 665 3496 718 ἐκεῖσε
3540 663 3638 723 δῆτ’
3681 668 3820 726 Ἐκκλη-

2341 759 2461 816 σίας
2510 760 2861 828 προέστησαν.
2907 762 3012 818 Τῆς
3055 751 3114 808 δὲ
3154 756 3289 807 κατα
3345 754 3532 807 Παῦλον
3573 753 3748 810 συνόδου
3773 769 3822 812 11':

2336 851 2516 896 τοῦτον
2561 845 2840 908 καλούσης,
2881 842 2987 896 ἐπεὶ⁹
3038 840 3330 917 ὁδοιπορῶν
3373 840 3465 896 διὰ
3500 852 3584 905 τῆς
3621 843 3823 898 Λαοδικέων

2335 937 2546 1005 παρῄει,
2606 933 2726 1008 ἄρτι
2777 941 2869 986 τοῦ
2916 941 3007 994 τῆς
3059 931 3320 995 εὐσεϐείας
3379 936 3647 1006 φερωνύμον
3692 939 3825 1005 μεταθε-

2334 1025 2488 1093 μένου
2545 1026 2603 1075 τὸ
2657 1023 2772 1096 ζῇν,
2820 1026 2950 1097 πρὸς
3002 1031 3100 1074 τῶν
3165 1022 3329 1075 ἐκεῖσε
3395 1021 3613 1095 βιασθεὶς
3659 1020 3825 1095 ἀδελφῶν,

2333 1117 2429 1172 τῆς
2479 1111 2792 1173 Ἐκκλησίας
2850 1116 3109 1186 προέστη.
3167 1111 3323 1164 Ἀλλὰ
3371 1118 3459 1163 καὶ
3504 1114 3666 1164 τούτου
3703 1109 3827 1170 δὲτιὲ

2335 1197 2634 1252 Ἀνατολίου
2680 1203 2811 1273 μετὰ
2862 1204 3088 1274 χρόνους
3157 1201 3363 1261 ἱκανοὺς
3414 1203 3471 1252 τὸ
3538 1199 3666 1271 βιοῦν

2331 1288 2597 1356 λάξαντος,
2662 1291 2951 1351 τελευταῖος
3019 1298 3118 1342 τῶν
3183 1289 3346 1342 ἐκεῖσε
3425 1299 3611 1342 πιστῶν
3667 1293 3742 1363 πρὸ
3778 1300 3828 1343 τοῦ

2334 1375 2574 1452 διωγμοῦ
2623 1382 2937 1432 καθίσταται
2989 1384 3255 1451 Στέφανος,
3307 1383 3395 1430 καὶ
3449 1375 3585 1438 οὗτος
3631 1379 3829 1451 (Epiro-3m;

2330 1471 2420 1540 μεν
2462 1468 2617 1539 λόγου
2682 1473 2770 1521 καὶ
2813 1465 3030 1520 παιδεία
3082 1477 3172 1530 τῆς
3231 1467 3324 1530 ἔξω
3372 1467 3684 1539 μετειληφὼς,
3721 1472 3828 1518 oizm

2332 1553 2384 1609 δ’
2415 1560 2604 1618 ἐπίσης
2626 1563 2715 1610 καὶ
2745 1553 2990 1619 παιδείας
3017 1561 3110 1615 τήν
3137 1559 3273 1609 Θείαν
3304 1557 3539 1630 λατρείαν
3568 1557 3686 1627 ἒχων
3711 1559 3825 1616 τοίςέ·

2329 1651 2567 1721 ρήμὲνοις
2595 1664 2606 1677 ·
2654 1647 2864 1719 ἔλεγχος
2907 1649 3007 1721 γὰρ
3045 1645 3185 1716 αὐτῷ
3224 1650 3454 1703 κατέστη
3504 1648 3527 1696 ό
3561 1654 3640 1697 τοῦ
3679 1642 3825 1716 διωγμῡ

566 1729 829 1802 profanis
859 1729 1082 1787 artibus
1113 1732 1461 1799 instructus,
1497 1733 1603 1789 sed
1635 1749 1753 1789 non
1785 1735 1988 1791 itidem
2024 1741 2086 1791 ut
2125 1737 2208 1792 de

2330 1741 2555 1808 καιρός·
2608 1736 2841 1808 μάλιστα
2889 1740 2987 1808 γὰρ
3075 1732 3272 1795 δειλίας
3347 1741 3437 1787 καὶ
3517 1738 3739 1810 εἰρωνείας
3770 1735 3829 1784 ἀη-

564 1835 835 1876 cessores
865 1820 1014 1891 ejus,
1055 1821 1118 1876 in
1162 1821 1380 1878 divinis
1413 1823 1638 1878 Litteris
1665 1824 1986 1880 institutus.
2019 1826 2220 1882 Decla-

567 1909 722 1966 ravit
753 1908 814 1965 id
855 1911 1282 1982 persecutionis
1321 1917 1578 1984 tempus,
1617 1913 1779 1984 quod
1825 1914 2015 1970 virum
2058 1915 2219 1972 hunc

563 1997 1005 2066 meticulosum,
1029 1999 1107 2055 ad
1129 2000 1694 2074 simulationemque
1721 2007 1776 2058 et
1800 2003 2220 2060 dissimulatio-

561 2102 703 2144 nem
721 2089 1146 2161 compositum,
1167 2088 1427 2146 alienum
1442 2107 1571 2146 esse
1589 2091 1766 2147 etiam
1781 2108 1817 2147 a
1836 2091 2211 2164 philosophia

559 2176 864 2234 indicavit.
900 2178 1072 2244 Quod
1105 2179 1152 2233 si
1185 2178 1318 2234 talis
1346 2179 1443 2234 ille
1477 2179 1606 2246 fuit,
1641 2196 1843 2236 nonne
1874 2182 2217 2238 existiman-

559 2266 706 2322 dum
731 2266 839 2322 fuit
859 2267 1175 2324 ecclesiam
1197 2284 1440 2341 quoque
1460 2269 1588 2340 ejus
1609 2277 1818 2341 postea
1841 2287 1875 2326 a
1897 2276 2056 2327 recta
2077 2271 2213 2328 ﬁdei

558 2357 926 2428 professione
943 2355 1327 2413 decessuram
1345 2355 1374 2412 ?
1395 2359 1694 2424 Sedenim,
1721 2361 1837 2415 Deo
1860 2360 2210 2430 opitulante,

559 2461 626 2500 se
647 2444 747 2500 illa
775 2445 959 2501 erexit
979 2450 1159 2518 atque
1179 2446 1578 2504 conﬁrmavit.
1593 2447 1932 2504 Theodotus
1947 2464 2211 2522 namque

554 2539 694 2606 post
721 2534 891 2590 illum
922 2535 1266 2608 episcopale
1300 2551 1522 2592 munus
1547 2538 1810 2602 sortitus,
1838 2539 2069 2594 nomini
2103 2555 2212 2596 suo

555 2621 730 2680 factis
770 2623 916 2696 ipsis
959 2625 1270 2697 respondit
1316 2640 1331 2678 :
1383 2629 1438 2682 et
1477 2627 1762 2696 operibus
1803 2627 2044 2698 qualem
2081 2644 2210 2685 esse

557 2717 833 2784 oporteat
873 2713 1225 2787 episcopum
1262 2715 1538 2782 ostendit,
1576 2715 1899 2772 animabus
1941 2717 2116 2773 simul
2155 2722 2211 2773 et

551 2802 910 2874 corporibus
929 2808 1084 2859 recte
1105 2804 1388 2860 curandis
1411 2805 1632 2860 nemini
1653 2806 1972 2872 secundus,
1996 2808 2208 2862 huma-

2330 1825 2511 1891 πλεων,
2573 1831 2663 1878 καὶ
2731 1825 3031 1898 φιλοσοφίας
3090 1828 3153 1886 ὡς
3206 1824 3522 1899 πορρωτάτω
3576 1832 3727 1876 τοῦτον

2332 1911 2514 1978 δειξεν.
2588 1915 2647 1968 Εἰ
2710 1911 2764 1967 δ’
2834 1913 3016 1976 ἐκεῖνος
3090 1922 3341 1978 τοιοῦτος,
3409 1914 3535 1984 οὐχὶ
3587 1919 3667 1965 καὶ
3713 1917 3758 1964 τὰ
3786 1923 3836 1972 τὶς

2329 2003 2643 2066 Ἐκκλησίας
2743 2003 2810 2064 εἰς
2897 2006 3212 2069 τούναντίον,
3305 2010 3625 2076 μεταχωρεῖν

2329 2100 2462 2147 Θεοῦ
2516 2089 2575 2144 δε
2628 2100 2787 2163 χεῖρα
2835 2093 3210 2166 ὑπερτιθέντος,
3253 2090 3504 2143 ἀνίστατὸ
3547 2111 3596 2142 τε
3643 2096 3717 2141 καὶ
3753 2089 3838 2160 insli-

2324 2183 2573 2256 ῥώννυτο.
2636 2179 2883 2242 Θεόδοτος
2928 2184 3028 2255 γὰρ
3079 2183 3185 2254 μετ’
3228 2179 3416 2233 ἐκεῖνον
3468 2185 3552 2233 τόν
3593 2183 3739 2253 θρόνον
3765 2177 3838 2229 διι-

2327 2267 2619 2344 δεξάμενος,
2657 2275 2750 2329 τήν
2815 2271 2868 2324 λε
2918 2271 3104 2330 κλῆσιν
3149 2270 3574 2329 ἐπαληθεύονσαν
3620 2269 3755 2340 ἔσχε·
3788 2274 3838 2319 καὶ

2325 2363 2634 2432 πράγμασιν
2691 2361 2869 2424 αὐτοῖς
2924 2363 3099 2414 ὁποῖον
3149 2359 3278 2412 εἶναι
3337 2365 3450 2433 χρὴ
3514 2363 3595 2412 τὸν
3643 2361 3838 2411 incum

2324 2448 2505 2513 ἔδειξε.
2569 2455 2669 2503 Καὶ
2711 2454 2809 2522 γὰρ
2868 2449 3152 2523 ἀμφότερα,
3199 2454 3287 2501 καὶ
3347 2459 3451 2501 τῶν
3499 2449 3676 2521 ψυχῶν
3698 2453 3767 2499 καὶ
3787 2455 3836 2497 t-‘a

2325 2542 2577 2612 σωμάτων
2635 2545 2728 2598 τὴν
2789 2543 3080 2614 θεραπείαν,
3145 2535 3356 2600 οὐδενός
3406 2538 3600 2610 ἐφέρετο
3653 2536 3828 2609 damst

2323 2629 2678 2703 φιλάνθρωπος
2733 2626 2782 2682 δ’
2838 2633 2976 2702 εἰπερ
3023 2649 3102 2691 τις
3142 2630 3230 2694 ὠν,
3269 2631 3576 2701 συμπαθείᾳ
3625 2632 3704 2686 τήν
3745 2644 3835 2679 στιν

2323 2714 2422 2777 δήν
2479 2722 2682 2790 ἓμίγνυ,
2724 2723 2816 2778 τὴν
2866 2719 3105 2791 ὠφέλειαν
3171 2727 3271 2770 τῶν
3333 2724 3669 2791 προσιόντων,
3730 2719 3841 2767 (iam

2318 2827 2414 2880 ραν
2446 2807 2642 2881 βούλει,
2687 2811 2780 2862 σὺν
2813 2811 3078 2881 ἐπιστήμῃ
3110 2813 3616 2880 πραγματευόμενος.

2834 1913 3016 1976 ἐκεῖνος

3706 2002 3834 2072 ἒμεὶὲξς

553 2890 856 2964 nitateque
878 2893 1188 2962 singulari,
1203 2894 1252 2948 si
1273 2895 1594 2966 quisquam
1612 2893 1787 2960 alius,
1804 2901 1859 2951 et
1877 2896 2002 2968 ipse
2017 2896 2320 2968 praditus.
2341 2897 2538 2954 Sicille
2557 2898 3520 2953 aﬁectionumaccommodatione
3539 2903 3590 2952 et
3604 2893 3842 2951 condolen-

553 2979 661 3047 tia,
701 2981 967 3037 studium
1018 2981 1408 3053 ofﬁciumque
1447 2983 1742 3054 pastorale
1779 2987 2132 3057 temperavit
2175 3004 2186 3038 :
2221 2990 2400 3058 atque
2443 2987 2752 3044 utilitatem
2793 3003 3002 3043 eorum
3033 2987 3137 3059 qui
3169 3003 3230 3042 se
3273 2986 3645 3050 consuluere,
3693 2984 3738 3039 in
3776 2983 3843 3036 hac

566 3070 660 3127 vel
685 3070 748 3128 in
771 3070 874 3129 illa
897 3072 1286 3129 meditatione
1311 3071 1623 3144 diligenter
1647 3079 1703 3130 et
1724 3073 1977 3130 ﬁdeliter
2002 3077 2363 3147 procuravit.

1131 3225 1354 3281 CAPUT
1391 3223 1634 3280 XXXVII.

555 3331 646 3390 De
694 3331 982 3403 episcopis
1031 3330 1315 3460 Casarlg:
1354 3332 1709 3460 Ριῖιιῗριίηκ,
1760 3339 1812 3389 et
1851 3333 1924 3390 de
1952 3333 2203 3391 Eusebio

1309 3419 1409 3460 mn
1455 3419 1474 3458 ἰ
1505 3420 1545 3459 ι.

1309 3419 1545 3474 mpnm.

547 3535 554 3542 '
622 3531 688 3586 In
737 3528 1003 3586 Ecclesia
1051 3529 1402 3585 Casariensi
1452 3529 1778 3588 Palastina
1828 3536 1964 3604 post
2018 3531 2202 3587 Theo-

553 3623 820 3690 tecnum,
858 3618 1124 3690 Agapius
1151 3634 1516 3692 magnopere
1541 3626 1628 3676 est
1660 3621 1940 3678 laudatus
1969 3638 1983 3678 :
2019 3638 2202 3694 quem

553 3708 789 3766 bonum
841 3707 1204 3782 ﬁdelemque
1259 3709 1614 3780 episcopum
1674 3709 1878 3778 fuisse,
1930 3711 2204 3766 doctrina

551 3798 730 3855 simul
771 3802 829 3854 et
865 3799 984 3854 vita
1021 3799 1156 3870 ipsa
1201 3798 1551 3855 declaravit.
1585 3802 1755 3856 Recte
1785 3801 1942 3856 enim
1985 3801 2202 3874 pieque

546 3887 774 3962 populo
815 3903 924 3944 suo
957 3888 1170 3959 praiit,
1211 3893 1267 3944 et
1294 3888 1582 3945 muniﬁca
1621 3889 1971 3962 liberalique
2015 3907 2201 3947 manu

545 3976 804 4047 benigne
824 3977 1137 4047 egentibus
1158 3975 1468 4034 facultates
1490 3995 1631 4034 suas
1650 3980 1952 4050 impertiit.
1979 3980 2200 4036 Eodem

546 4069 840 4136 tempore,
872 4065 1202 4121 eruditione
1235 4066 1408 4137 juxta
1438 4071 1493 4123 et
1533 4068 1666 4123 vita
1705 4068 1973 4123 instituto
2006 4069 2202 4138 philo-

550 4155 810 4226 sophum
843 4155 1263 4221 Christianum,
1305 4161 1362 4210 et
1397 4156 1724 4228 presbyteri
1764 4157 2052 4227 dignitate
2092 4175 2200 4212 au-

549 4249 734 4311 ctum,
759 4244 1028 4300 divinum
1053 4244 1434 4316 Pamphilum
1452 4245 1721 4302 ﬂoruisse
1747 4247 1990 4302 scimus.
2016 4246 2198 4316 Cujus

547 4334 733 4390 vitam
777 4339 834 4390 et
874 4335 1137 4390 actiones
1178 4350 1412 4400 omnes,
1454 4334 1747 4391 celebrem
1787 4337 1963 4391 etiam
2009 4353 2194 4410 quam

543 4422 628 4479 ibi
659 4423 906 4479 instituit
935 4422 1204 4494 profana
1226 4423 1564 4495 divinaque
1595 4424 1989 4497 philosophia
2020 4426 2198 4481 scho-

546 4512 690 4576 lam,
727 4511 906 4585 436
948 4518 1236 4583 praterea
1278 4517 1651 4569 constantem
1693 4515 1751 4568 in
1785 4515 1960 4570 variis
2001 4530 2198 4585 perse-

547 4583 890 4656 cutionibus
921 4600 1379 4666 confessionem,
1413 4607 1469 4657 et
1506 4602 1832 4658 certamina
1864 4583 2194 4674 egregium.
2227 4583 2272 4639 D

545 4704 665 4762 que
715 4704 826 4761 pro
887 4689 1098 4746 Christi
1159 4690 1402 4746 nomine
1467 4691 1843 4764 martyrium,
1915 4693 2195 4747 Eusebius

543 4779 764 4834 sororis
790 4779 920 4851 ejus
941 4777 1120 4844 ﬁlius,
1154 4778 1469 4852 eidemque
1497 4781 1649 4836 adeo
1676 4780 1891 4836 cbarus
1919 4787 1982 4836 ut
2016 4783 2092 4838 ab
2124 4790 2219 4837 eo'

543 4882 880 4938 cognomen
912 4869 1227 4940 acceperit,
1260 4870 1502 4941 copiose
1534 4870 1815 4939 peculiari
1849 4873 2065 4940 scripto
2107 4875 2194 4927 est

539 4963 892 5030 prosecutus
924 4973 938 5012 :
972 4958 1050 5013 ad
1079 4974 1261 5031 quem
1290 4974 1394 5014 eos
1427 4959 1531 5031 qui
1563 4961 1897 5015 accuratius
1929 4961 2053 5015 hac
2092 4976 2190 5015 co-

539 5061 826 5117 gnoscere
874 5046 1186 5114 voluerint,
1230 5048 1455 5117 rejicio.
1504 5048 1792 5104 Eusebius
1840 5050 1966 5114 iste,
2013 5050 2193 5104 disci-

535 5135 716 5208 plinis
745 5135 1029 5193 omnibus
1055 5137 1362 5208 perceptis,
1391 5153 1699 5193 sacrarum
1735 5139 1994 5194 maxime
2027 5139 2191 5193 Litte.

535 5241 762 5292 rarum,
806 5225 867 5282 in
897 5226 1118 5298 quibus
1157 5227 1521 5300 conquievit,
1554 5226 1802 5282 scientia
1839 5228 2047 5284 enituit
2080 5245 2092 5283 :
2137 5231 2190 5283 et

539 5315 618 5372 ad
653 5315 981 5373 Constantii
1018 5331 1208 5388 usque
1244 5320 1518 5388 tempora
1562 5315 1721 5371 vixit.
1759 5319 1823 5371 Et
1852 5333 1990 5372 cum
2025 5318 2186 5372 Chri-

534 5404 744 5460 stiana
808 5404 1194 5475 professionis
1253 5404 1728 5460 studiosissimus
1788 5413 1965 5469 esset.
2020 5423 2185 5479 egre-

532 5491 822 5571 giamque
869 5509 978 5566 pro
1015 5493 1220 5550 Christi
1259 5494 1487 5551 honore
1521 5493 1966 5550 amulationem
1999 5496 2186 5566 spira-

536 5584 647 5645 ret,
663 5580 1004 5652 quindecim
1028 5583 1206 5644 tomis
1232 5583 1640 5658 evangelicam
1654 5583 2179 5663 Praparationem,

2920 3232 3165 3280 ΚΕΦΑΑ.
3207 3226 3330 3281 AZ'.

2317 3338 2469 3408 Περὶ
2507 3341 2623 3386 τῶν
2664 3336 2720 3386 ἓν
2761 3338 3124 3407 Καισαρείᾳ
3162 3342 3275 3408 τῇς
3329 3333 3746 3408 Παλαιστίνης
3784 3327 3843 3400 ἀρ’

2349 3402 2648 3479 χιερέων·
2691 3411 2798 3458 καὶ
2837 3402 2990 3480 περῖ
3018 3402 3332 3459 Ευσεϐίου
3373 3414 3489 3458 τοῦ
3531 3402 3827 3477 Παμφίλου.

2383 3536 2490 3590 Τῆς
2545 3527 2603 3583 δὲ
2659 3533 2794 3583 κατὰ
2850 3530 3200 3588 Παλοιστίνην
3245 3535 3568 3604 Καισαρείας
3616 3531 3732 3601 μετὰ
3768 3534 3845 3578 Θει-

2312 3639 2485 3672 τεκνον
2540 3619 2784 3691 Ἀγιίπιος
2836 3619 3180 3692 ἐκηρύττετοο
3249 3619 3304 3671 ὃν
3355 3616 3643 3672 σπουδαῖον
3807 3611 3841 3664 εἶ-

2311 3728 2396 3760 ναι
2444 3709 2474 3766 ἢ
2523 3729 2576 3762 τε
2616 3709 2804 3782 πρᾶξις
2840 3715 2929 3762 καὶ
2972 3710 2997 3760 ό
3049 3709 3198 3780 λόγος
3255 3709 3542 3780 ἐγνώρισεο
3592 3710 3836 3777 γνησίωςπ

2311 3795 2737 3867 προίστατασθαι
2793 3802 2884 3847 τοῦ
2938 3793 3085 3856 λαοῦ,
3142 3799 3231 3845 καὶ
3290 3790 3545 3865 δαψιλείᾳ
3593 3795 3751 3864 χειρός
3785 3793 3838 3838 τείὲ

2313 3879 2570 3954 δεομένοις
2623 3887 2679 3935 τὸ
2714 3891 2980 3956 προσῆκον
3022 3879 3335 3956 ἓποίρδοντα.
3381 3883 3500 3954 Ἐφ’
3551 3882 3607 3934 οὗ
3648 3881 3762 3948 λόγῷ
3794 3878 3836 3925 ni

2312 3971 2571 4044 φιλοσόφῳ
2622 3971 2724 4043 βίῳ
2784 3969 3068 4035 διαζῶντα,
3119 3979 3209 4024 καὶ
3267 3979 3357 4023 τοῦ
3400 3971 3589 4024 αὐτόθι
3639 3965 3838 4043 spes-Gaia:

2311 4061 2611 4132 ήξίωμένον,
2649 4066 2734 4113 τόν
2791 4065 2921 4114 θεῖον
2969 4063 3240 4134 Πάμφιγον
3279 4064 3507 4132 ἔγνωμεν
3540 4078 3553 4090 ·
3596 4060 3652 4112 οὗ
3680 4062 3749 4109 τόν
3771 4052 3836 4125 βίω

2309 4155 2398 4202 καὶ
2443 4155 2508 4204 τὰ
2554 4151 2673 4203 καθ’
2721 4153 2938 4204 ἕκαστον
2979 4151 3119 4221 αὐτῷ
3172 4155 3531 4222 πεπραγμένα,
3593 4152 3662 4202 ἔτι
3708 4143 3755 4198 δε
3792 4161 3840 4191 ιι

2308 4244 2426 4313 περὶ
2482 4241 2542 4301 ἧς
2598 4245 2954 4299 συνεστήσατο
3007 4243 3172 4292 ἐκεῖσε
3221 4240 3384 4310 λόγων
3448 4242 3594 4292 θείων
3636 4242 3714 4289 καὶ
3756 4231 3840 4303 φιὶθ

2311 4332 2480 4400 σόφων
2527 4327 2820 4402 διατριϐἥι,
2870 4333 2999 4402 πρὸς
3049 4326 3117 4387 δή
3159 4332 3364 4390 τούτοις
3403 4333 3498 4381 καὶ
3531 4333 3620 4387 τήν
3657 4328 3759 4397 ὑπὲρ
3797 4318 3840 4371 εὖ·

2311 4418 2508 4481 σεϐείας
2534 4421 2719 4472 τούτου
2750 4422 2798 4471 ἓν
2830 4416 3098 4492 διαφόροις
3149 4414 3406 4490 διωγμοῖς
3461 4418 3736 4488 ὁμολογίαν,
3762 4411 3839 4463 τοὺς

2306 4528 2360 4562 τε
2391 4508 2591 4580 ἀγῶνας
2623 4510 2802 4574 αὑτοῦ,
2843 4514 2931 4561 καὶ
2961 4512 3019 4560 τό
3047 4511 3332 4561 τελευταῖον
3363 4509 3433 4568 ὡς
3462 4512 3551 4559 τόν
3588 4513 3671 4557 τοῦ
3697 4518 3836 4574 pater»

2304 4604 2420 4671 ρίου
2462 4597 2754 4657 ἀνεδήσατο
2792 4600 3056 4670 στέφανον,
3100 4595 3343 4657 Εὐσέϐιος
3392 4598 3416 4648 ὁ
3464 4599 3646 4648 τούτου
3690 4588 3838 4651 ἀδελφε-

2307 4684 2452 4750 δοῦς,
2487 4693 2574 4740 καὶ
2612 4695 2859 4740 τοσοῦτον
2891 4687 3060 4758 ἐκείνῳ
3101 4685 3395 4758 φιλούμενον
3423 4689 3490 4745 ὡς
3531 4689 3617 4736 καὶ
3651 4686 3728 4738 τὴν
3757 4677 3836 4727 ἀεί·

2303 4797 2391 4830 νου
2419 4777 2603 4836 κλῆσιν
2634 4776 2862 4829 ἐπίθετον
2915 4779 3087 4848 σχεῖν,
3117 4776 3184 4836 εἰς
3236 4775 3414 4827 λεπτόν
3455 4774 3508 4826 ἐν
3538 4771 3651 4843 ἰδίῳ
3683 4767 3836 4830 rut-2'7-

2304 4886 2431 4938 ματι
2481 4865 2745 4936 περιέλαϐε
2777 4883 2789 4895 °
2851 4871 2962 4918 καὶ,
2997 4867 3101 4925 τοῖς
3158 4864 3387 4937 ἀκριϐῶς
3455 4863 3757 4934 βουλομένοις
3797 4870 3835 4900 7"-

2303 4955 2494 5009 ἐκείνου
2530 4953 2742 5021 εἰδέναι,
2776 4955 2916 5024 αὐτῷ
2952 4959 3390 5028 παραπέμπομεκ.
3439 4952 3538 5014 ’ος
3583 4948 3706 5008 δῆτα
3732 4944 3835 4997 5-3::-

2301 5046 2409 5106 ϐιος
2461 5042 2554 5097 διὰ
2609 5047 2812 5098 πάντων
2858 5043 3029 5107 ἐλθὼν,
3084 5043 3314 5116 μάλιστα
3369 5050 3428 5114 τῇ
3495 5046 3609 5112 περὶ
3661 5041 3716 5089 τὰ
3763 5035 3834 5083 θίῖι

2302 5131 2511 5208 σπουδῇ
2545 5134 2821 5204 ἐνακμάζει
2847 5149 2858 5161 ·
2911 5134 3045 5206 ἄχρι
3083 5129 3142 5185 δὲ
3170 5137 3258 5184 καὶ
3305 5136 3661 5184 Κωνσταντίου
3689 5130 3756 5177 τὸν

2302 5225 2442 5287 ζωῆς
2487 5223 2801 5297 παρείλκυσε
2856 5228 3067 5297 χρόνον.
3117 5223 3425 5294 Χριστιανός
3464 5217 3522 5272 δὲ
3560 5222 3622 5271 τὰ
3665 5213 3828 5286 μαίλιστι

2298 5319 2385 5381 ὤν,
2447 5319 2536 5367 καὶ
2587 5313 2744 5366 πολὺν
2797 5316 2881 5365 τὸν
2938 5313 3092 5374 ζῆλον
3143 5314 3273 5382 ὑπερ
3324 5319 3560 5382 Χριστοῦ
3609 5310 3763 5366 πνέων,
3800 5317 3824 5347 9

2299 5402 2574 5457 δεκαπέντε
2616 5407 2792 5474 τὸμοις
2839 5407 2930 5460 τήν
2970 5401 3305 5473 εὖαγγελικήν
3355 5401 3641 5471 συγγράφει
3673 5389 3824 5461 Προπέ·

2293 5497 2556 5568 ρασκευήν
2589 5511 2602 5525 ο
2667 5497 2750 5545 καὶ
2793 5490 2842 5544 ἐν
2869 5489 3001 5544 δέκα
3045 5489 3196 5543 πάλιν
3245 5495 3337 5549 τήν
3367 5487 3692 5560 εὐαγγελικήν
3723 5476 3822 5568 ’.ετξ

2297 5581 2480 5653 δειξιν.
2520 5587 2622 5642 Καὶ
2673 5591 2875 5661 πρῶτος
2933 5579 3082 5646 οὗτος
3135 5589 3194 5659 τῇ
3254 5583 3382 5652 μετὰ
3422 5587 3609 5655 χεῖρας
3647 5567 3820 5628 ὑποθίσέι
