4028 6294
146 302 175 356 1
189 300 309 357 205
1215 298 1737 358 ECCLESIASTICI

1937 297 2174 355 TORI/E
2223 299 2360 354 LIB.
2401 299 2526 357 VII.
3385 296 3526 353 1206

146 425 424 494 ἆπίϐαλεν,
480 425 962 486 Ἐκκλησιαστικήν
1021 426 1251 502 ἱστορίαν
1319 435 1518 501 πρῶτος
1574 426 1736 498 ὄνομά

1929 443 1931 479 ;
1983 425 2192 483 decem
2231 425 2360 482 aliis
2388 425 2795 498 evangelicam
2826 423 3402 481 demonstrationem
3429 426 3520 480 est

145 535 255 578 σας
280 521 374 576 τὴν
403 515 604 590 βίϐλον.
639 521 770 570 Δίκα
798 513 851 568 δ’
889 515 936 568 ἐν
985 535 1166 587 τομοις
1193 521 1283 569 καὶ
1331 524 1480 569 τοῦτο
1534 519 1593 568 τό
1638 518 1736 568 σύνι

1928 514 2242 587 implexus.
2271 517 2334 570 Et
2360 517 2592 586 primus
2618 516 2744 586 ipse
2769 530 3020 571 manum
3047 514 3323 586 praesenti
3346 528 3519 584 argu-

144 625 342 677 ταγμα
408 605 766 681 περικλείεται.
844 610 945 660 Καὶ
1022 605 1149 664 ἄλλη
1227 603 1286 659 δε
1354 606 1512 658 αὐτοῦ
1583 603 1735 677 βίϐλο

1935 609 2075 659 ento
2105 605 2390 669 admovit,
2422 604 2776 678 primusque
2801 604 2989 660 libros
3020 618 3124 660 eos
3154 601 3519 659 ecclesiasti-

147 695 456 769 ἐμφέρεται,
505 695 565 754 ἣν
625 699 871 749 Κανόνα
937 695 1216 768 ἐπέγραψε,
1267 697 1357 757 τὰς
1407 704 1503 748 τῶν
1555 698 1738 768 χρόνωε

1927 709 2003 748 ιω
2035 694 2349 749 Historiam
2406 694 2744 767 appellavit,
2790 695 3120 764 decemque
3173 707 3309 748 eam
3341 692 3518 748 tomis

147 782 511 858 ἂκριϐουμένη
559 787 776 858 γραφάς.
825 789 925 838 Καὶ
972 785 1038 845 εἰς
1090 789 1175 837 τόν
1230 783 1342 858 βίον
1389 781 1447 838 δὲ
1488 791 1738 837 Κωνστανη

1929 783 2137 838 )solvit.
2173 784 2265 839 Est
2291 790 2347 839 et
2385 784 2546 838 aliud
2578 785 2708 854 ejus
2765 783 3068 848 volumen,
3099 781 3159 837 in
3215 797 3338 854 quo
3371 786 3520 838 tem-

140 878 325 940 τίνου,
368 878 516 927 πέντε
571 875 750 945 λόγους
801 871 1016 937 ἐξέδωκε
1048 891 1062 905 ·
1121 879 1208 926 καὶ
1263 875 1428 949 ἕτερον
1507 869 1564 926 δι
1628 876 1728 945 πρὸ

1926 887 2083 928 )rum
2110 879 2333 928 certam
2360 879 2824 946 accuratamque
2851 871 3146 928 rationem
3168 870 3435 940 digessit,
3461 876 3517 926 et

145 963 338 1028 αὐτὸν,
384 963 438 1015 ὃν
467 970 864 1037 Τριακονταε
883 983 997 1037 τηρ
1019 967 1150 1016 ικόν
1198 966 1487 1035 ἐπιγράφει.
1522 966 1622 1015 Καὶ
1648 969 1734 1014 Στε

1916 977 2048 1017 uem
2103 963 2405 1017 Cauonem
2462 961 2803 1033 appellavit.
2853 961 3096 1032 Scripsit
3159 975 3402 1032 quoque
3433 959 3507 1016 de

145 1055 297 1124 φάνῳ
354 1057 469 1128 περὶ
527 1061 626 1105 τῶν
679 1056 728 1106 ἓν
789 1059 893 1112 τοῖς
942 1055 1096 1126 ἱεροῖς
1142 1053 1471 1124 Εὑαγγελίοις
1534 1050 1736 1123 ἁπορου·

1919 1051 2236 1106 onstantiui
2263 1050 2390 1106 Vita
2440 1050 2624 1106 libros
2678 1051 2965 1122 quinque.
3013 1049 3207 1104 Edidit
3243 1053 3300 1104 et
3324 1047 3510 1104 alium

142 1145 319 1212 μένων
379 1142 546 1216 ἕτερον
622 1141 920 1200 ἀνατίθησι.
994 1146 1093 1195 Καὶ
1152 1142 1282 1194 σῦλα
1339 1139 1569 1215 διάφορα
1627 1161 1729 1213 συφ

1924 1140 1942 1195 l
1997 1141 2298 1208 eumdem,
2349 1157 2531 1212 quem
2589 1138 3001 1194 Tricennalem
3072 1137 3397 1208 inscripsit.
3425 1137 3515 1194 Ad

143 1232 446 1302 γράμματα
487 1230 844 1295 καταλέλοιπε,
899 1230 1092 1288 πολλὴν
1141 1234 1318 1289 ὄνησιν
1360 1238 1424 1304 τῇ
1467 1230 1734 1288 Ἐκκλησία

1927 1230 2229 1302 ephanum
2257 1230 2394 1285 item
2427 1229 2610 1284 alium
2640 1229 2714 1284 de
2735 1229 2806 1284 iis
2841 1243 2975 1300 quas
3006 1229 3066 1283 in
3099 1226 3434 1297 Evangeliis
3455 1227 3515 1283 in

148 1319 481 1394 εἰσφέροντα.
539 1319 678 1379 Πλὴν
730 1327 964 1381 τοιοῦτος
1008 1321 1095 1380 ὢν,
1147 1320 1195 1371 ἐν
1253 1320 1461 1382 πολλοῖς
1518 1325 1739 1392 φαίνεται

1922 1319 2111 1373 ὼὶιιω
2143 1335 2249 1374 seu
2292 1318 2757 1390 disputationem
2806 1322 3119 1373 vocantur.
3158 1315 3280 1375 Sed
3311 1320 3366 1371 et
3396 1315 3513 1372 alia

145 1411 221 1460 τὰ
253 1410 458 1483 Ἀρείου
512 1407 830 1482 πρεσϐεύων,
885 1410 971 1462 ἅτε
1029 1405 1095 1468 δὴ
1148 1414 1347 1480 κτίσμα
1399 1413 1484 1462 τόν
1529 1411 1669 1473 Υἱὸν,
1699 1409 1736 1472 ἐξ

1924 1408 2023 1463 tria
2068 1407 2302 1478 reliquit
2333 1408 2570 1478 scripta,
2611 1422 2745 1480 qum
2791 1406 3045 1462 multum
3071 1404 3339 1461 Ecclesiae
3370 1404 3515 1461 affe-

145 1496 220 1548 ὦν
274 1500 516 1568 συνάγειν
565 1499 697 1563 ἔστι,
749 1496 917 1548 καλῶν
947 1516 960 1529 ·
993 1499 1088 1550 κᾶν
1137 1499 1410 1570 Σωκράτης
1458 1499 1482 1548 ό
1523 1496 1576 1548 ἐκ
1602 1504 1736 1550 Ναυ-

1920 1503 1997 1551 mt
2039 1497 2324 1553 utilitatis.
2365 1497 2584 1551 Verum
2612 1495 2916 1551 enimvero
2946 1494 3180 1550 etiamsi
3221 1493 3354 1549 talis
3381 1493 3511 1550 fue-

146 1592 282 1638 άτου
359 1589 426 1638 τὰ
489 1587 903 1644 ἐκκλησιαστικὰ
962 1591 1054 1639 καὶ
1121 1587 1272 1647 αὐτὸς
1330 1589 1648 1653 συντάττων,
1699 1585 1737 1638 ἐι

1918 1590 1950 1654 t,
1982 1586 2042 1641 in
2075 1585 2276 1642 multis
2301 1591 2503 1642 tamen
2538 1600 2677 1641 eum
2711 1587 2963 1657 apparet.
2992 1583 3109 1639 Arii
3151 1583 3509 1639 sententiam

144 1683 222 1745 τῷ
274 1671 501 1750 δευτέρῳ
539 1684 638 1727 τῶν
677 1681 847 1747 τόμων
887 1679 1128 1728 ἔνστασιν
1167 1676 1261 1728 οὐκ
1313 1676 1602 1748 ἓλαχίστην
1658 1695 1735 1729 πε-

1920 1675 2310 1746 »ωρτοὺαεεθ,
2361 1679 2423 1730 ut
2478 1674 2581 1746 qui
2633 1672 2846 1728 Filium
2905 1672 3101 1744 (sicuti
3157 1671 3218 1727 id
3251 1687 3325 1727 ex
3380 1671 3511 1743 ejus

146 1768 389 1829 ποίηται,
444 1763 572 1836 ὀρθὰ
639 1772 835 1837 φρονεῖν
902 1763 1190 1817 ἀναπείθων
1268 1769 1354 1818 τόν
1418 1762 1608 1840 ἄνδρα,
1658 1771 1737 1818 καὶ

1918 1763 2095 1836 :riptis
2125 1763 2403 1834 colligere
2431 1763 2588 1834 licet)
2621 1767 2956 1818 creaturam
2996 1765 3185 1816 vocet.
3221 1760 3509 1826 Quamvis

148 1857 497 1926 συκοφαντίαν
591 1855 918 1926 ὑφίστασθαι
1011 1859 1256 1925 γενναίως
1344 1851 1739 1927 διατεινόμενος,

1915 1861 2145 1919 )crales,
2177 1855 2278 1925 qui
2301 1859 2355 1908 et
2380 1854 2504 1925 ipse
2531 1868 2602 1907 ex
2642 1850 2985 1908 Novatiauis
3015 1865 3109 1906 res
3150 1849 3506 1906 ecclesiasti-

143 1943 336 2017 ῥήσεις
379 1947 433 1996 τί
478 1962 622 2004 τινας
653 1942 842 1995 ἐκείνου
901 1951 961 2016 τῇ
1015 1943 1270 2016 ἀπολογίᾳ
1321 1948 1734 2018 καταστρωννὺς,

1913 1961 1956 1998 tS
1985 1943 2235 2015 scripsit,
2270 1943 2328 1997 in
2359 1941 2625 1998 secundo
2647 1946 2810 1996 tomo
2833 1939 3245 2011 maximopere
3262 1954 3504 2011 persua-

146 2035 207 2083 τό
273 2031 619 2104 ἁναμφίϐολον
678 2028 838 2092 δῆθεν
887 2031 1152 2104 ἐχούσας·
1209 2037 1297 2085 καὶ
1346 2041 1418 2102 τῷ
1468 2042 1528 2104 τῇ
1560 2039 1737 2106 πρώτῃ

1916 2048 1994 2087 πθ
2029 2031 2355 2098 contendit,
2407 2035 2563 2086 recte
2610 2045 2749 2086 eum
2804 2028 2994 2084 virum
3048 2029 3284 2093 sentire,
3335 2044 3507 2084 eum-

146 2117 360 2192 συνόδῳ
422 2129 709 2194 παρεῖναι*
765 2126 852 2174 καὶ
913 2121 1194 2194 σύμψηφον
1268 2124 1585 2174 καθεστάναι
1641 2131 1737 2184 τοῖς

1912 2137 2114 2193 amque
2137 2121 2563 2193 sycophantice
2584 2134 2654 2174 eo
2669 2117 2900 2174 nomine
2913 2117 3260 2174 anonnullis
3277 2117 3503 2190 impeti.

143 2213 204 2261 τό
265 2211 544 2282 όμοούσιον
605 2210 746 2282 μάλα
801 2209 1208 2285 πρεσϐευσασιν.
1262 2211 1394 2283 Ἐγὼ
1455 2209 1504 2263 δ’
1562 2211 1606 2264 εἰ
1655 2215 1734 2284 μὲι

1908 2216 2044 2282 tque
2073 2217 2132 2266 ut
2158 2211 2217 2264 id
2259 2224 2480 2278 magno
2528 2208 2734 2264 animo
2791 2207 3002 2262 certius
3034 2207 3404 2278 comprobet,
3439 2207 3499 2264 in

146 2297 392 2372 ἀγράφως
445 2303 537 2358 τὴν
594 2299 752 2372 ὀρθὴν
799 2300 1080 2358 ἠσπάσατο
1138 2298 1316 2367 δόξαν,
1375 2303 1684 2373 συντίθεμαι
1727 2317 1737 2332 '

1909 2299 2198 2355 efensione
2217 2315 2343 2364 sua,
2364 2299 2518 2354 dicta
2540 2297 2695 2352 illius
2721 2296 3025 2369 quadam,
3051 2295 3500 2366 ambiguitatem

144 2390 188 2440 εἰ
230 2385 280 2441 δ’
332 2388 386 2452 ἓξ
436 2390 504 2440 ὧν
557 2387 747 2442 ἇκείνου
807 2388 1047 2462 ἀνέγνων,
1097 2391 1286 2443 πολλοῦ
1336 2387 1437 2443 δέω
1473 2393 1735 2462 ὑγιαίνου-

1908 2405 2051 2444 .men
2070 2388 2544 2459 complectentia,
2565 2387 2850 2442 contexit:
2868 2384 3269 2457 eumdemque
3291 2385 3499 2457 primas

145 2496 244 2530 σαν
303 2484 392 2531 καὶ
455 2476 741 2538 ἀκίϐδηλον
806 2483 898 2538 τὴν
952 2479 1142 2532 ἐκείνου
1209 2485 1418 2552 γνώμην
1476 2485 1593 2553 περὶ
1651 2486 1736 2540 τὴν

1908 2479 2085 2534 modo
2111 2477 2368 2541 aﬂuisse,
2399 2482 2578 2548 atque
2611 2491 2731 2532 una
2752 2491 2891 2531 cum
2912 2474 3041 2530 aliis
3071 2473 3358 2544 suffragio
3389 2490 3499 2530 suo

141 2571 322 2619 πίστιν
378 2567 670 2623 ὑπολαϐεῖν.
726 2568 888 2623 Ἀλλὰ
954 2574 1043 2621 καὶ
1106 2576 1223 2642 περὶ
1287 2572 1470 2622 τούτου
1522 2569 1732 2622 ἐνταῦθα

1963 2567 2189 2623 calculo
2211 2567 2280 2628 εἰς
2305 2569 2362 2618 τό
2401 2568 2700 2638 όμοούσιον,
2733 2565 2858 2620 sive
2901 2565 2963 2620 in
2987 2563 3499 2621 consubstantiale

145 2675 237 2726 μοι
282 2659 491 2712 κείσθω.
543 2662 782 2731 Περιέχει
827 2655 886 2711 δε
949 2664 1037 2710 καί
1095 2661 1124 2717 ἡ
1172 2667 1416 2732 παροῦσα
1471 2662 1588 2717 ἕκτη
1651 2679 1736 2730 μοι

1908 2656 2228 2711 msensisse
2268 2654 2458 2710 refert.
2492 2654 2615 2724 Ego
2647 2669 2808 2720 vero,
2865 2653 2916 2708 si
2963 2651 3058 2708 ille
3096 2652 3340 2724 quidem
3372 2653 3499 2709 sine

147 2753 251 2795 τῶν
295 2747 532 2818 ἱστοριῶν
580 2752 770 2820 χρόνον
823 2749 948 2800 ἐτῶν
1001 2749 1282 2821 τριάκοντα
1345 2754 1433 2801 καὶ
1487 2745 1605 2813 δύο,
1653 2747 1738 2823 ἀρ-

1911 2745 2098 2816 πὶριο
2125 2753 2347 2800 rectam
2389 2743 2740 2816 complexus
2769 2747 2857 2798 est
2883 2742 3240 2814 opinionem,
3274 2742 3502 2799 Socrati

154 2833 337 2904 ξαμένη
403 2838 494 2907 μὲν
563 2835 665 2888 ἀπό
727 2845 818 2889 τοῦ
866 2844 1074 2912 πρώτου
1133 2840 1273 2898 ἔτους
1338 2837 1734 2911 Οὐαλλεριανοῦ,

1907 2853 1971 2891 )n
2001 2835 2266 2904 refragor
2307 2851 2320 2900 ;
2381 2834 2474 2888 sin
2504 2837 2704 2888 autem
2759 2847 2832 2887 ex
2878 2831 3111 2902 scriptis
3136 2830 3309 2895 illius,
3362 2846 3498 2903 qua

152 2923 488 2986 καταλήξασα
542 2921 602 2977 δε
645 2927 780 2997 ἄχρι
829 2934 920 2987 τῆς
959 2925 1137 2998 ἀρχῆς
1165 2926 1532 2984 Διοκλητιανοῦ
1563 2946 1576 2959 ·
1612 2928 1740 2984 όπη-

1906 2925 1984 2995 gi,
2018 2940 2111 2979 res
2139 2925 2214 2978 sit
2242 2921 2650 2994 dijudicanda,
2684 2920 2939 2976 multum
2990 2920 3160 2976 abest
3191 2925 3254 2974 ut.
3284 2935 3495 2976 sanam

143 3017 263 3065 νίκα
312 3017 515 3085 κόσμου
566 3017 657 3086 μὶν
687 3017 793 3075 ἔτος
822 3015 999 3102 ,εψίΊεᾎ
1058 3016 1157 3068 ἀπό
1204 3013 1263 3069 δι
1318 3024 1410 3077 τῆς
1463 3018 1601 3078 θείας
1647 3023 1734 3068 τοῦ

1906 3029 2265 3085 nceramque
2313 3013 2443 3083 ejus
2475 3011 2550 3066 de
2578 3010 2694 3066 ﬁde
2741 3009 3098 3064 sententiam
3151 3008 3336 3064 fuisse
3381 3024 3495 3081 pu-

140 3101 343 3176 Κυρίου
399 3103 544 3174 ἡμῶν
604 3103 781 3162 Ἰησοῦ
836 3094 1070 3176 Χριστοῦ
1131 3110 1410 3177 γεννήσεως
1469 3101 1731 3158 διακοσιο-

1909 3121 1988 3159 m.
2011 3105 2226 3158 Verum
2247 3102 2321 3157 de
2336 3102 2451 3157 hoc
2475 3100 2655 3156 etiam
2676 3099 2803 3154 hac
2826 3098 2971 3154 satis
2990 3098 3127 3154 sint.
3152 3100 3218 3154 Et
3234 3097 3495 3156 continet

138 3194 266 3243 στὸν
292 3196 382 3243 καὶ
407 3190 736 3250 ἐνενηκοστὸν
767 3191 1075 3263 ἱπεραίνετο.

1905 3210 1944 3247 .c
1975 3207 2218 3265 quoque
2247 3191 2428 3262 hujus
2458 3189 2718 3245 historias
2748 3187 2898 3244 liber
2926 3202 3224 3244 annorum
3257 3187 3496 3257 triginta

133 3280 398 3336 duorum
431 3289 662 3351 tempus
695 3299 708 3336 :
739 3281 911 3354 437
945 3284 1048 3356 qui
1075 3283 1307 3339 initium
1322 3286 1630 3355 sumpsita
1655 3284 1846 3355 primo
1871 3282 2159 3338 Valeriani
2182 3295 2362 3346 anno,
2395 3279 2574 3335 ﬁnem
2597 3283 2797 3336 autem
2816 3277 3050 3348 accipit,
3071 3276 3316 3332 ineunte
3358 3276 3500 3333 Dio-

133 3369 372 3426 cletiani
402 3370 654 3442 imperio
688 3386 702 3423 :
749 3387 785 3426 a
829 3372 1056 3427 mundo
1102 3372 1346 3428 condito
1376 3374 1693 3445 quinquies
1725 3371 2043 3427 millesimo
2075 3369 2602 3440 septingentesimo
2645 3365 3045 3438 nonagesimo
3083 3365 3292 3439 quinto
3322 3365 3420 3437 (1),
3454 3381 3491 3423 a

134 3459 344 3515 divina
373 3465 572 3514 autem
605 3459 840 3516 Domini
871 3462 1055 3516 nostri
1083 3461 1220 3516 Jesu
1267 3461 1472 3517 Christi
1507 3462 1816 3518 nativitate
1846 3460 2255 3516 ducentesimo
2284 3456 2676 3527 nonagesimo
2706 3470 2868 3512 anno
2897 3455 2996 3528 (2).

211 3564 288 3635 (1)
317 3563 658 3620 Secundum
682 3565 1014 3621 neotericos
1041 3564 1466 3636 chronologos,
1501 3568 1659 3622 4265.

682 3565 1014 3621 neotericos
1041 3564 1466 3636 chronologos,
1501 3568 1659 3622 4265.
1917 3565 1994 3637 (2)
2029 3564 2116 3620 Al.
2146 3565 2269 3619 287.

853 3825 1774 3945 ΝΙΚΗΦΟΡΟΥ
1852 3820 2746 3945 ΚΑΛΛΙΣΤΟΥ

1561 4013 2070 4064 ΞΔΝΘΟΠΟΥΛΟΥ

750 4134 2098 4223 ΕΚΚΑΗΣΙΑΣΤΙΚΗΣ
2177 4135 2882 4225 ΙΣΤΟΡΙΑΣ

1559 4303 1923 4369 ΤΟΜΟΣ
1997 4304 2088 4372 Z’.

1032 4453 1849 4642 NICEPHORl
1925 4520 2575 4642 CALLISTI

1552 4708 2058 4770 XANTHOPULI

1113 4839 1916 4944 ECCLESIASTICIE
1971 4849 2466 4941 HISTORIZE

1605 5007 1905 5107 TOMUS
1953 5007 2080 5106 VII

751 5292 991 5342 ΚΕΦΑΛ.
1028 5289 1108 5342 A’.
1755 5293 1800 5348 D

1755 5293 1800 5348 D
2515 5289 2735 5347 CAPUT
2771 5289 2810 5346 Ι.

270 5397 558 5466 Περιοχὴ
601 5401 717 5446 τῶν
755 5395 1107 5468 μελλόντων
1144 5397 1577 5472 ῥηθήσεσθαι.

1556 5439 1577 5453 ..
2153 5394 2331 5469 440
2387 5395 2697 5466 Expositio
2750 5394 3147 5454 dicendorum.

197 5498 388 5572 Ῥᾴστη
446 5502 537 5572 μεν
581 5498 669 5554 οὖν
725 5506 890 5578 μέχρι
937 5499 1094 5556 τοῦδε
1148 5508 1240 5556 καὶ
1295 5501 1389 5557 διὰ
1441 5503 1577 5566 λείας
1631 5513 1723 5567 τῆς

1903 5503 2109 5561 Facilis
2153 5504 2464 5576 hucusque
2522 5502 2701 5560 nobis
2753 5502 2861 5561 fuit
2909 5503 3100 5571 labor,
3131 5503 3366 5578 levique
3417 5507 3477 5563 et

131 5585 256 5644 ὁδοῦ
306 5593 556 5665 φερομένη
614 5592 646 5652 ἡ
697 5599 791 5653 τῆς
836 5594 974 5666 ἱερᾶς
1026 5595 1152 5668 ἡμῖν
1199 5594 1429 5672 ἱστορίας
1474 5596 1717 5659 ὑπόθεσις

1886 5594 2015 5654 [τωο.
2041 5595 2140 5655 via
2169 5609 2341 5654 sacra
2371 5593 2633 5652 decurrit
2672 5593 2939 5654 historia.
2995 5594 3282 5665 Quamvis
3313 5595 3477 5656 enim
