4028 6294
601 258 742 314 1207

1923 260 2314 321 NICEPHORI
2351 262 2677 321 CALLISTI
3737 273 3822 328 lim

598 389 781 442 antea
802 401 1047 459 quoque
1077 387 1336 458 graviter
1359 389 1649 446 adversus
1669 404 1780 445 nos
1811 390 2112 461 malignus
2139 407 2189 461 sl

2232 421 2261 446 ,-
2293 392 2338 446 A
2370 387 2450 455 ἧν,
2503 386 2672 442 δεινὸν
2714 393 2804 463 μὶν
2859 389 2953 442 κάν
2984 397 3094 453 τοῖς
3151 392 3340 444 ἄνωθεν
3394 395 3596 452 πνέοντος
3634 402 3702 446 τοῦ
3731 417 3823 455 rmi-

595 477 819 532 raverit
837 477 1098 547 spiritus,
1117 477 1372 550 simplex
1400 485 1600 534 tamen
1626 485 1684 535 et
1715 479 2026 536 uniformis
2053 495 2126 536 ea
2156 479 2263 537 fuit

600 565 935 621 calamitas.
971 565 1256 638 Deinceps
1287 583 1427 623 vero
1477 567 1677 624 horret
1727 569 2008 640 progredi
2053 568 2259 640 stylus.

595 653 1049 727 lnterrumpitur
1075 671 1356 727 namque,
1389 662 1444 712 et
1471 657 1928 730 quodammodo
1951 658 2175 729 ingenti
2206 669 2263 722 et

597 743 859 800 violento
887 745 1191 802 variarum
1230 745 1492 803 cladium
1521 747 1747 818 impetu
1795 747 2097 804 inhibetur
2130 765 2143 802 :
2177 752 2262 803 at-

596 846 715 904 que
727 833 778 888 ei
791 833 1177 890 inundatione
1191 836 1500 904 sanguinis
1518 843 1869 908 martyrum,
1887 836 2079 908 pelagi
2099 853 2262 908 pror-

596 937 700 976 sus
732 921 922 978 instar
944 922 1204 989 ﬂuentis,
1232 940 1475 980 cursum
1500 931 1697 981 tenere
1725 941 1847 981 non
1878 925 2256 998 permittitur.

599 1010 715 1066 Sed
745 1011 904 1067 enim
931 1012 1032 1084 qui
1066 1013 1252 1069 semel
1290 1015 1454 1086 Operi
1506 1014 1647 1070 huic
1683 1031 1897 1070 manus
1928 1016 2260 1071 admoveri'

594 1115 754 1165 mus,
768 1101 1220 1172 procedendum
1235 1102 1411 1158 nobis
1434 1104 1889 1160 estnecessario.
1905 1105 2113 1176 Itaque
2132 1106 2256 1176 qui,

592 1192 660 1245 ut
689 1190 1012 1260 potuimus,
1032 1190 1228 1262 priora
1249 1193 1660 1264 exposuimus,
1681 1193 1742 1248 in
1760 1193 1874 1248 hoc
1895 1193 2049 1249 libro
2079 1194 2258 1251 etiam

591 1291 687 1335 res
715 1279 828 1334 sub
857 1277 1239 1346 Diocletiano,
1273 1283 1480 1354 eisque
1517 1297 1674 1354 quos
1707 1282 1799 1338 ille
1831 1283 1943 1337 sibi
1977 1286 2034 1338 in
2075 1284 2258 1355 impe-

593 1366 683 1423 rio
715 1367 1042 1440 adoptione
1090 1369 1319 1436 ascivit,
1375 1376 1574 1441 gestas
1622 1387 2071 1444 persequemur.
2137 1373 2259 1428 Sub

603 1456 678 1511 iis
705 1455 864 1512 enim
891 1457 1158 1514 maxima
1178 1461 1450 1515 omnium
1483 1461 1816 1532 persecutio
1857 1467 1944 1517 est
1983 1462 2256 1518 excitata.

602 1547 669 1602 Et
697 1561 820 1602 non
852 1546 933 1602 ita
980 1547 1201 1614 multis,
1258 1563 1394 1620 quea
1452 1549 1624 1605 certis
1677 1551 1737 1606 in
1789 1549 1935 1605 locis
1992 1551 2260 1606 accidere

599 1635 995 1703 calamitates,
1020 1638 1404 1708 attingemus.
1450 1640 1755 1705 Quasdam
1784 1641 1962 1696 etiam
1996 1639 2261 1712 singilla-

2367 488 2459 553 ροῦ
2510 483 2625 533 καθ’
2680 483 2824 552 ἡμῶν
2883 485 3189 552 πνεύματος,
3249 481 3380 540 πλὴν
3428 481 3577 544 ἁπλῶς
3599 490 3669 536 καὶ
3708 505 3822 556 μόναι.

2371 567 2507 630 δῶς⁹
2563 578 2651 622 νῦν
2709 567 2768 622 δὲ
2835 577 2940 631 τοῖς
2996 571 3115 632 ἑξῆς
3173 570 3308 623 ὀκνεῖ
3370 571 3660 646 προϐαίνειν·
3697 574 3822 627 ἀναστο-

2367 666 2558 730 μοῡται
2601 655 2652 711 δ’
2714 661 2819 711 οἷον
2870 665 2960 712 καὶ
3010 662 3182 731 ὥσπερ
3239 662 3698 732 ἁναχαιτίζεται,τῇ
3732 664 3821 734 ποὶλξ

2367 752 2457 820 μὲν
2505 755 2594 800 καί
2652 746 2806 821 βιαίᾳ
2875 755 3008 822 φορᾷ
3067 757 3159 801 τοῦ
3238 750 3550 802 πολυπλόκου
3609 760 3748 815 κακον,
3782 774 3828 805 1a

2367 846 2472 899 τοῖς
2518 846 2616 890 τῶν
2648 841 2923 912 μαρτύρων
2987 834 3037 890 δ’
3089 838 3196 910 οὐχ
3252 838 3406 897 ἧττον
3464 841 3629 911 αἵμασι
3667 844 3829 893 uariis-

2365 927 2572 990 λοέσσας
2638 927 2871 999 ἀτεχνῶς
2935 928 3164 1001 ῥέουσιν,
3227 928 3608 1000 ἓπικλυξομίνη,
3677 935 3742 980 καὶ
3783 939 3831 981 τοῦ

2365 1023 2547 1089 πρόσω
2608 1015 2805 1088 βαίνειν
2865 1016 3225 1089 ἀνειργομένη.
3293 1023 3475 1088 Λέγειν
3526 1015 3569 1070 δ’
3617 1017 3764 1087 ἀνάγκη
3785 1040 3833 1070 ιι-

2369 1107 2540 1169 θοίπαξ
2595 1113 2753 1180 χεῖρα
2807 1116 2877 1177 τῷ
2930 1109 3062 1179 ἔργῳ
3129 1106 3446 1160 ἑπιϐαλόντι.
3515 1113 3600 1160 Καὶ
3651 1114 3772 1159 τοίνυν
3805 1115 3838 1159 τε

2365 1195 2691 1270 προλαϐόντα
2746 1199 2809 1256 ὡς
2862 1198 2970 1248 ἐνὸν
3026 1192 3330 1262 διελθόντες,
3390 1196 3438 1248 ἐν
3506 1205 3570 1267 τῷ
3616 1201 3774 1268 παρόντι
3805 1202 3836 1246 ri

2366 1288 2450 1337 ἰπὶ
2521 1285 2888 1343 Διοκλητιανοῦ
2953 1289 3042 1337 καὶ
3098 1293 3196 1336 τῶν
3265 1287 3374 1356 μετ’
3436 1289 3580 1337 αὐτόν
3630 1285 3836 1341 domitis-

2365 1393 2465 1426 των
2518 1373 2822 1445 ἐπέλθωμεν.
2878 1374 2982 1445 Ἐφ’
3039 1375 3105 1424 ὧν
3158 1380 3247 1427 καὶ
3299 1376 3325 1426 ό
3379 1379 3617 1446 μέγιστος
3666 1372 3830 1428 ἀνεκυτῇ

2367 1472 2466 1514 τῶν
2523 1459 2792 1533 διωγμῶν.
2865 1467 3101 1536 Μετρίως
3163 1461 3221 1515 δὲ
3273 1468 3364 1515 καὶ
3437 1473 3534 1515 τῶν
3577 1466 3694 1516 κατὰ
3733 1469 3832 1520 rem;

2369 1549 2548 1604 δεινῶν
2601 1551 2899 1624 ἐφαψόμεθα
2933 1573 2945 1584 ο
2992 1557 3082 1604 καὶ
3130 1557 3338 1623 μνήμην
3395 1550 3454 1604 δι
3504 1548 3639 1614 ἰδίως
3693 1555 3828 1602 mini

2367 1639 2512 1713 λόγος
2562 1643 2687 1712 ἡμῖν
2742 1638 3058 1712 διαλήψεται
3089 1657 3101 1668 ⁶
3141 1643 3273 1702 ὅπως
3330 1661 3384 1694 τε
3448 1649 3555 1702 τοῖς
3580 1643 3640 1693 τὰ
3665 1642 3769 1713 ἡμῶν
3795 1659 3831 1690 :-

600 1725 708 1781 tim
741 1726 1232 1783 memorabimus.
1266 1730 1415 1784 Tum
1439 1735 1662 1795 autem,
1693 1729 2191 1802 quomodotyran

2242 1736 2256 1790 i
2293 1748 2336 1804 Β
2365 1735 2658 1802 ραννὴσασι
2731 1726 3051 1800 παλινῳδίαν
3116 1727 3262 1801 ᾅδειν
3321 1733 3518 1800 ἐγένετο
3549 1748 3561 1760 ⁶
3611 1736 3684 1782 τόν
3720 1749 3832 1799 τετρι-

607 1814 946 1884 saevissimi,
977 1816 1081 1888 qui
1119 1832 1302 1888 supra
1358 1816 1609 1872 modum
1669 1819 2016 1874 crudelitate
2055 1819 2115 1874 in
2148 1835 2257 1876 nos

603 1909 1016 1973 exercuerunt,
1050 1904 1128 1961 ad
1161 1905 1532 1974 palinodiam
1563 1911 1620 1962 et
1651 1908 1985 1979 tyrannidis
2020 1925 2140 1962 suae
2171 1922 2257 1964 re'

599 1993 1004 2050 cantationem
1056 1994 1174 2050 sint
1223 1995 1465 2062 redacti,
1519 2003 1946 2068 postremoque
1999 1998 2256 2052 interne-

596 2081 772 2138 cione
835 2083 1182 2142 interierint.
1245 2084 1551 2155 Preterea,
1642 2093 1705 2141 ut
1780 2087 2083 2141 maximus
2158 2086 2253 2142 ille

596 2173 1045 2239 Constantinus,
1078 2175 1197 2230 Deo
1237 2180 1557 2239 annuente,
1625 2173 1870 2231 salutari
1929 2177 2250 2231 instructus

595 2266 924 2326 armatura,
949 2262 1307 2336 invictaque
1331 2263 1524 2319 crucis
1551 2264 1723 2333 signo
1745 2269 2033 2333 armatus,
2061 2264 2252 2333 regio-

595 2365 704 2406 nes
721 2356 777 2406 et
791 2355 977 2407 terras
999 2367 1212 2407 omnes
1232 2369 1268 2408 a
1293 2351 1682 2424 praedonibus
1709 2354 2044 2423 repurgarit
2069 2352 2242 2426 441

595 2439 888 2512 tyrannis,
919 2441 1520 2513 superstitionemque
1553 2443 1892 2498 Graecorum
1924 2442 2250 2498 nefandam

593 2528 946 2602 exstirparit,
973 2535 1029 2586 et
1052 2545 1147 2586 res
1194 2535 1432 2586 nostras
1481 2531 1707 2602 oppido
1761 2548 1947 2602 quam
2003 2531 2250 2588 inclina-

592 2622 702 2684 tas,
737 2618 1096 2691 ruinamque
1120 2620 1251 2691 jam
1282 2620 1600 2685 minantes,
1652 2621 1923 2677 auxiliari
1979 2621 2248 2678 adhibita

2363 1838 2456 1871 πον
2508 1826 2599 1878 τῆς
2665 1818 2831 1870 αὐτῶν
2890 1820 3121 1880 ὑστάτης
3182 1819 3530 1893 πανωλεθρίας
3560 1838 3573 1850 ·
3620 1822 3685 1870 ἔτι
3725 1814 3764 1870 δὲ
3797 1837 3838 1866 ιιι

2363 1911 2431 1970 ὡς
2481 1910 2506 1960 ό
2558 1909 2716 1970 πολὺς
2767 1913 2854 1960 καὶ
2905 1914 3153 1979 μέγιστος
3208 1915 3606 1973 Κωνσταντίνος,
3660 1911 3748 1976 θείῳ
3789 1911 3844 1955 ir;-

2360 2017 2489 2068 ματι
2537 2005 2608 2066 τῷ
2651 1994 2975 2069 σωτηριὼδει
3033 1997 3172 2068 ὅπλῳ
3215 1999 3580 2057 καθοπλισθεὶς
3620 2005 3681 2067 τῷ
3706 1994 3844 2062 «butt?

2363 2095 2590 2160 σταυρῷ,
2641 2092 2727 2145 τήν
2786 2106 2838 2139 τε
2895 2092 3077 2161 χώραν
3132 2087 3340 2139 ἅπασαν
3394 2097 3493 2140 τῶν
3563 2088 3769 2160 τυράννῳ
3804 2083 3848 2133 a-

2359 2178 2598 2250 καθαίρει
2673 2175 2901 2248 λῃστῶν,
2971 2181 3060 2228 καὶ
3123 2181 3216 2234 τὴν
3284 2185 3384 2228 τῶν
3447 2175 3678 2232 Ἑλλήνων
3717 2173 3848 2224 ἀπελπ-

2357 2283 2429 2317 νει
2488 2267 2768 2338 θρησκείαν
2802 2283 2815 2295 ·
2884 2269 2948 2317 τά
3009 2285 3063 2318 τε
3131 2268 3374 2338 ἡμέτερα,
3437 2266 3509 2327 εἰς
3559 2271 3669 2335 γόνυ
3705 2263 3850 2314 aliive-:1:

2356 2359 2447 2406 καὶ
2512 2361 2823 2407 καταπεσεῖν
2889 2353 3212 2426 ἑπειγόμενα,
3278 2353 3604 2427 ἀποχρῶσαν
3657 2370 3848 2425 παρασχνι

2355 2450 2534 2515 χεῖρα,
2590 2442 2868 2518 ἀνώρθωσέ
2915 2463 2989 2509 τε,
3041 2449 3133 2496 καὶ
3191 2444 3355 2496 εἰσαεὶ
3403 2443 3452 2495 ἐν
3509 2441 3685 2516 βεϐαίῳ
3723 2441 3848 2493 ἐπὴν

2355 2540 2451 2594 τῆς
2511 2535 2648 2595 θείας
2713 2535 3000 2605 ἡγουμένης
3070 2533 3253 2606 ῥοπῆς,

2363 2640 2467 2675 σεν.
2502 2620 2657 2694 Ἔχει
2687 2618 2747 2674 δὲ
2777 2622 2959 2684 οὕτως.

3336 2533 3566 2608 στερρῶς
3637 2530 3843 2605 παρεσπα-

591 2722 782 2764 manu
836 2708 1171 2774 restituerit,
1221 2713 1402 2780 atque
1453 2709 1514 2764 in
1556 2715 1912 2780 perpetuum
1965 2710 2149 2765 divini
2200 2709 2467 2766 numinis
2499 2719 2648 2766 nutu
2689 2725 3113 2782 permansuras
3160 2710 3555 2774 conﬁrmarit,
3611 2709 3847 2764 reterean

595 2799 664 2853 Et
687 2811 784 2854 res
809 2797 892 2853 sic
915 2797 1121 2854 habet.

1273 2923 1494 2980 CAPUT
1521 2923 1589 2978 Il.

599 3029 672 3086 Ut
687 3043 780 3104 res
797 3028 1309 3104 Christianorum,
1327 3046 1458 3104 qua:
1477 3036 1648 3088 antea
1669 3032 1924 3100 pulchre
1944 3038 2244 3100 steterant,

674 3101 958 3174 intestina
1011 3101 1357 3174 dissensione
1381 3108 1559 3174 atque
1583 3104 1951 3160 contentione
1977 3120 2014 3160 a
2043 3105 2249 3161 divina

678 3172 1014 3248 visitatione
1022 3173 1370 3248 ezjciderint.
1393 3172 1532 3248 Oetae
1543 3176 1779 3246 quidem
1793 3177 1872 3232 ad
1889 3182 2108 3248 tempus
2117 3193 2249 3247 per-

663 3244 937 3302 missione
968 3245 1175 3302 divina
1203 3247 1286 3302 sic
1321 3244 1607 3302 accidere.

665 3350 799 3406 Erat
839 3350 1167 3424 aliquando
1193 3359 1451 3424 tempus,
1483 3368 1618 3407 cum
1653 3352 1984 3410 Christiana
2025 3353 2248 3426 profes-

593 3439 683 3498 sio
713 3439 960 3512 pulchre
985 3445 1184 3504 staret,
1217 3441 1524 3514 gloriaque
1553 3458 1660 3499 sua
1688 3449 1746 3499 et
1775 3442 2047 3499 libertate
2085 3443 2248 3500 clara

590 3529 914 3587 haberetur
943 3546 957 3586 :
998 3531 1216 3586 Graecis
1243 3531 1413 3601 juxta
1439 3537 1496 3587 et
1526 3531 1815 3599 Barbaris,
1859 3533 2023 3605 quod
2062 3533 2245 3588 divini

590 3619 760 3675 verbi
792 3619 1136 3692 pmdicatio
1177 3620 1400 3692 ubique
1449 3626 1742 3678 terrarum
1789 3623 2027 3690 vigeret,
2077 3628 2247 3693 grata

590 3712 648 3765 et
677 3714 942 3781 accepta.
975 3710 1162 3780 Hujus
1193 3710 1278 3766 rei
1307 3716 1466 3766 certa
1503 3710 1866 3766 documenta
1905 3715 2064 3776 sunt,
2105 3727 2244 3767 cum

591 3813 944 3868 magnorum
958 3800 1287 3871 principum
1310 3815 1453 3869 erga
1465 3800 1730 3856 homines
1745 3807 1976 3855 nostros
2008 3800 2246 3870 egregia

593 3885 1008 3944 benevolentia
1065 3893 1121 3942 et
1149 3887 1512 3952 humanitas,
1560 3905 1630 3944 ac
1677 3894 1882 3958 gentes
1935 3889 2238 3960 quaedam.

590 3991 850 4048 quarum
869 3976 1190 4046 provinciaa
1203 3977 1556 4032 Christianis
1578 3977 2073 4032 administrandae
2088 3978 2243 4033 datas

593 4070 734 4120 sunt
767 4081 782 4120 :
813 4069 939 4121 tum
971 4065 1362 4136 imperatores
1404 4066 1515 4136 ipsi
1573 4067 1847 4128 Romani,
1889 4072 1946 4120 et
1995 4067 2244 4122 maximi

591 4153 814 4226 quique
844 4153 1254 4223 magistratus,
1287 4155 1392 4226 qui
1416 4170 1509 4210 res
1534 4154 1758 4210 aulicas
1803 4160 1857 4210 et
1881 4154 2241 4210 domesticas

2975 2926 3238 2978 ΚΕΦΑΛ¹.
3283 2926 3344 2980 Β.

2357 3031 2558 3092 Ὀπως
2708 3035 2988 3106 ᾑμετερα
3017 3037 3332 3106 πρότερον
3366 3031 3576 3106 καλῶς
3601 3031 3847 3106 ἔχοντιή

2429 3108 2591 3173 πρὸς
2623 3101 2947 3178 ἀλλῆλους
2979 3101 3155 3178 ἔρίδι
3185 3101 3294 3178 καὶ
3324 3105 3687 3178 φιλονεικία
3713 3102 3851 3178 ἄμοιρα

2429 3184 2540 3235 τῆς
2583 3178 2755 3236 θείας
2794 3175 3155 3237 ἐπισκοπῆς
3186 3175 3489 3247 ἐγένοντο
3519 3175 3856 3244 οἰκονομιιῶς

2429 3250 2584 3322 πρὸς
2622 3252 2864 3319 καιρόν.

2426 3353 2522 3406 Ἦν
2574 3356 2654 3406 ὅτε
2705 3356 2771 3406 τόι
2811 3356 3037 3426 ἡμέτερα
3085 3351 3196 3424 εἶχε
3244 3353 3438 3419 καλῶς,
3495 3349 3618 3416 δόξη
3667 3355 3740 3403 καὶ

2354 3444 2519 3516 ῥησίᾳ
2591 3445 3012 3515 ἐνσεμνυνόμενα,
3062 3450 3155 3494 τοῦ
3240 3445 3378 3494 θείου
3433 3443 3588 3514 λόγου
3643 3441 3859 3504 animm?"

2355 3539 2451 3592 τῆς
2502 3539 2599 3602 γῆς
2652 3529 2895 3593 διιόντος,
2947 3531 3164 3589 Ἕλλησί
3216 3550 3269 3583 τε
3316 3535 3408 3584 καὶ
3467 3529 3733 3605 βαρϐάροις
3764 3544 3858 3596 1:19!-

2357 3616 2518 3683 δόξως
2571 3617 2921 3692 εἰσδεχόμενα
2968 3626 3058 3673 καὶ
3109 3626 3398 3691 τιμώμενα.
3460 3628 3562 3674 Καί
3615 3619 3702 3672 οὐκ
3749 3618 3853 3684 ἐγειννέ

2354 3715 2611 3784 τεκμήρια
2663 3707 2796 3768 ἦσαν
2843 3713 2872 3768 ἦ
2928 3729 2982 3762 τε
3029 3717 3126 3761 τῶν
3177 3712 3510 3784 κρατούντων
3558 3707 3782 3771 δεξίωσις,
3813 3721 3846 3751 ιε

2353 3800 2469 3856 ἔθνη
2504 3801 2640 3865 τινὰ,
2677 3799 2744 3849 ὧν
2783 3803 2876 3856 τὴν
2918 3800 3196 3870 ἠγεμονίαν
3238 3800 3364 3870 ἡμῖν
3413 3798 3734 3872 ἐνεχείριζον,
3776 3797 3852 3844 tsi-1

2356 3885 2616 3960 βασίλεια,
2673 3893 2763 3940 καὶ
2819 3890 2934 3940 ὅσοι
2992 3887 3072 3940 ἐπὶ
3122 3896 3222 3939 τῶν
3276 3891 3460 3961 ἀρχῶν
3516 3885 3665 3955 ἦσαν,
3709 3888 3761 3935 τὰ
3796 3879 3854 3930 κε’

2353 3980 2523 4036 οἴκους
2589 3984 2693 4036 τοῖς
2757 3978 3025 4048 ἡμετέροις
3106 3975 3504 4049 ἐπιτρέποντες.
3563 3977 3646 4038 οὓς
3707 3971 3778 4025 διὰ
3810 3974 3856 4020 fit

2353 4073 2447 4125 τῆς
2493 4070 2720 4124 πίστεως
2773 4068 3099 4137 περιφάνειαν
3153 4063 3376 4136 ἐξόχους
3432 4085 3490 4118 τε
3548 4071 3634 4117 καὶ
3684 4071 3763 4114 τῶν
3797 4054 3856 4106 ιε’

2353 4155 2538 4216 αὐτοὺς
2595 4157 2864 4228 ὑπερέχειν
2922 4159 3117 4226 ἔκρινον
3164 4153 3292 4210 δεῖν.
3348 4153 3556 4218 Ἐδειξε
3608 4163 3740 4207 τοῦτο
3761 4160 3856 4216 ΔΨ

591 4258 732 4299 suas
761 4243 983 4299 nostris
1035 4243 1336 4299 curandas
1382 4245 1827 4299 commiserunt.
1883 4246 1992 4298 Eos
2017 4244 2182 4315 quip]

2276 4270 2320 4324 Ι)
2353 4249 2464 4308 θεος
2488 4245 2695 4306 ἐκεῖνος,
2730 4247 2755 4296 ό
2785 4241 2974 4317 μηδενὶ
3022 4249 3080 4296 τὸ
3130 4249 3246 4296 ἴσον
3285 4244 3444 4306 ἐάσας
3487 4249 3627 4317 ἔχειν
3669 4244 3780 4309 αὖτῷ

590 4336 834 4404 propter
870 4332 1175 4403 egregiam
1241 4337 1690 4404 spectatumque
1750 4332 1931 4388 ﬁdem
1985 4348 2241 4404 praeesse

593 4419 746 4488 aliis,
778 4426 957 4494 atque
984 4421 1212 4478 honore
1259 4421 1669 4493 dignitateque
1705 4422 2036 4494 praecellere
2069 4439 2242 4493 opor-

588 4513 714 4565 tere
735 4509 1102 4580 judicarunt.
1135 4511 1286 4567 Satis
1315 4511 1374 4566 id
1407 4511 1732 4566 declaravit
1767 4511 2091 4566 Dorotheus
2121 4513 2237 4578 ille,

585 4598 1003 4672 quineminem
1034 4599 1262 4656 honore
1283 4615 1355 4656 ex
1381 4600 1830 4669 magistratibus
1852 4605 1906 4655 et
1945 4601 2238 4671 praefectis

591 4687 897 4754 omnibus,
911 4689 1336 4760 propterbonae
1352 4689 1566 4745 mentis
1580 4689 1971 4759 integritatem
1989 4690 2236 4746 etﬁdem

591 4776 805 4834 habuit
824 4793 1030 4849 parem
1061 4795 1074 4834 :
1104 4784 1161 4835 et
1189 4778 1511 4849 praeclarus
1541 4779 1895 4850 Gorgonius.
1929 4785 2109 4852 atque
2139 4780 2236 4837 alii

588 4865 674 4924 eis
702 4881 915 4939 pares:
948 4869 1050 4941 qui
1072 4868 1250 4924 etiam
1281 4869 1359 4924 ad
1404 4884 1752 4940 supremum
1785 4869 2074 4925 honorem
2100 4874 2238 4924 sunt

588 4957 910 5029 assumpti,
933 4963 1176 5030 propter
1205 4957 1344 5014 ﬁdei
1386 4957 1808 5014 sinceritatem.
1852 4963 1932 5013 Ac
1962 4975 2066 5030 per
2086 4959 2134 5030 ej
2149 4977 2238 5014 us-

586 5045 822 5102 cemodi
853 5047 1013 5102 viros
1038 5047 1099 5102 in
1127 5046 1275 5102 locis
1315 5048 1541 5118 passim
1572 5046 1914 5119 quibusque
1949 5047 2234 5104 Ecclesia-

582 5149 720 5190 rum
743 5134 1104 5192 antistitibus
1131 5151 1252 5192 non
1279 5151 1496 5207 parum
1536 5136 1754 5192 accidit
1773 5137 1904 5206 opis
1948 5142 2003 5192 et
2024 5153 2235 5192 conso-

584 5224 844 5281 lationis.
867 5225 1272 5281 Ostenduntid
1290 5241 1532 5297 quoque
1558 5225 1953 5297 plurimorum
1982 5227 2233 5282 millium

583 5312 900 5370 hominum
926 5314 984 5370 in
1017 5315 1291 5371 oratoriis
1312 5313 1594 5370 domibus
1620 5322 1806 5370 cmtus
1825 5319 1882 5368 et
1905 5320 2234 5370 conventus

581 5401 822 5459 habiti:
883 5419 1020 5475 quas
1071 5404 1351 5474 oratoria,
1395 5420 1532 5459 cum
1580 5409 1825 5474 prOpter
1865 5403 2230 5472 angustiam,

589 5492 988 5550 conﬂuentem
1022 5497 1250 5549 tantam
1285 5493 1730 5550 multitudinem
1776 5509 1898 5548 non
1929 5504 2228 5564 caperent,

581 5594 824 5639 cernere
853 5587 999 5650 erat,
1032 5598 1104 5639 ex
1134 5583 1337 5654 parvis
1365 5583 1545 5641 initiis
1582 5589 1638 5640 et
1706 5582 2138 5650 fundamentis,
2166 5582 2231 5644 in

2350 4343 2506 4406 τιμῆς
2555 4342 2661 4396 τοῖς
2717 4337 2764 4387 ἓν
2816 4341 2929 4396 ταῖς
2975 4333 3168 4406 ἀρχαῖς
3221 4336 3475 4406 ἡγεμόσιν
3536 4335 3717 4391 εὐνοίας
3760 4329 3858 4398 χέετ’

2349 4429 2438 4476 καὶ
2494 4429 2719 4485 πίστεως
2749 4443 2761 4456 ο
2795 4425 2821 4475 ὅ
2878 4443 2931 4476 τε
2980 4423 3287 4496 περιϐόητος
3340 4429 3632 4497 Γοργόνιος,
3679 4413 3859 4472 util-15‘

2349 4512 2535 4574 ἰπίσης
2567 4513 2744 4573 αὐτοῖς
2792 4515 3017 4582 ἔχοντες,
3071 4517 3160 4564 καὶ
3219 4519 3314 4573 τῆς
3370 4511 3618 4565 ἀνωτάτω
3669 4506 3859 4575 ﬁta-351.55!

2349 4611 2501 4674 τιμῆς
2549 4599 2643 4654 δια
2694 4605 2751 4654 τὸ
2801 4609 2890 4661 τῆς
2937 4606 3159 4660 πίστεως
3212 4607 3447 4671 γνήσιον.
3509 4601 3583 4653 Δι’
3635 4599 3710 4657 οὓς
3744 4597 3856 4645 καὶαι

2347 4695 2482 4744 κατά
2523 4696 2703 4766 χώρας
2751 4699 2848 4742 τῶν
2905 4690 3193 4748 ἐκκλησιῶν
3245 4691 3489 4760 ἡγεμόνες
3536 4689 3626 4741 οὒκ
3654 4687 3856 4756 aqua;

2351 4782 2622 4856 θεραπείας
2665 4779 2908 4842 ὴξίωντο.
2969 4783 3105 4850 Πρὸς
3154 4776 3222 4836 δὴ
3262 4782 3464 4839 τούτοις
3499 4777 3704 4847 ἐναργῶς
3724 4769 3855 4824 ἑδείω

2345 4873 2432 4922 καὶ
2488 4871 2518 4927 ἡ
2571 4865 2890 4940 μυρίανδρος
2939 4867 3104 4925 ἐκείνη
3164 4877 3264 4919 τῶν
3321 4871 3724 4938 προσευκτηρίων
3758 4861 3854 4911 οἶιυτ

2349 4963 2624 5029 συναγωγή
2667 4975 2679 4986 ⁰
2765 4959 2831 5009 ὧν
2881 4960 3375 5028 στενοχωρουμένων
3446 4953 3542 5008 δια
3601 4960 3652 5007 τό
3713 4949 3853 5005 ﬁlim

2345 5047 2543 5119 εὐρείας
2605 5044 2665 5104 ἦν
2718 5045 2771 5108 ἕξ
2840 5046 3008 5098 αὐτῶν
3089 5043 3216 5097 ἰδεῖν
3278 5042 3574 5116 κρηπίδων,
3629 5043 3688 5102 εἰς
3731 5036 3852 5088 πλείης

2344 5136 2454 5208 ἅμα
2482 5141 2570 5189 καὶ
2601 5139 2810 5207 μέγεθος
2857 5137 2993 5187 κατὰ
3041 5137 3212 5195 πάσας
3248 5140 3429 5206 χώρας
3470 5133 3730 5188 ἐκκλησίας
3770 5140 3848 5191 ηεξ·

2341 5230 2560 5298 ρομένας
2589 5240 2604 5256 ⁸
2638 5224 2672 5277 ἂ
2723 5222 2789 5283 δὴ
2851 5230 2936 5276 καὶ
2989 5232 3061 5297 τῷ
3121 5229 3298 5297 χρόνῳ
3334 5228 3647 5297 προσήκοντι
3676 5218 3731 5276 εἲς
3755 5210 3847 5269 τὲξτ·

2346 5334 2427 5366 σιν
2483 5319 2571 5367 καὶ
2626 5315 2760 5366 αὐτὰ
2811 5310 3080 5378 ἐπεδίδου,
3137 5310 3348 5373 οὐδενός
3398 5312 3670 5383 τολμῶντος
3715 5310 3842 5376 εἴργω-

2341 5410 2430 5457 καὶ
2487 5407 2652 5477 φθόνῳ
2725 5402 3068 5477 βασκαίνοντι
3139 5402 3423 5475 ἀφανίζειν,
3497 5410 3586 5461 τῆς
3647 5401 3761 5454 θείας
3797 5405 3840 5437 ﬂ"

2340 5494 2582 5568 οὐρανίου
2653 5496 2836 5565 χειρὸς
2922 5495 3273 5568 φρουρούσης,
3323 5497 3413 5544 καὶ
3483 5500 3582 5543 τῶν
3647 5479 3836 5568 ἔπιϐονῖἓ

2340 5584 2447 5636 ἄνω
2500 5585 2737 5646 τιθείσης
2783 5567 2963 5642 αὐτά,
2991 5585 3133 5638 Ἐπεὶ
3186 5579 3247 5635 δὲ
3274 5589 3347 5654 τῷ
3395 5579 3566 5651 πολλῷ
3607 5585 3688 5638 τῆς
3722 5567 3837 5624 ἐλινὲ
