4028 6294
188 313 322 366 1209
1277 308 1844 366 ECCLESIASTICE
1885 309 2247 365 HISTOBIIE
2287 311 2418 366 LIB.
2460 312 2569 367 VII.
3400 317 3535 370 1210

160 455 280 506 ριας
333 437 420 487 ἐπὶ
459 439 520 488 τὸ
576 439 772 506 χαῦνόν
811 455 862 488 τε
890 439 980 488 καὶ
1020 437 1215 510 νωθρὸν
1262 438 1325 487 τὰ
1353 435 1472 487 καθ’
1513 438 1647 507 ἡμᾶς
1686 454 1764 506 με·

1881 442 2157 506 augusta,
2201 436 2598 506 amplitudine
2629 443 2688 492 et
2710 437 3121 507 magnitudine
3143 436 3529 507 admiranda,

161 524 500 582 τεπλαττετο.
558 526 704 595 ἡμῶν
757 524 926 576 αὐτῶν
973 524 1085 576 κατ’
1122 523 1351 582 ἀλλήλων
1412 530 1521 584 τοῖς
1571 525 1764 594 φθόνοις

1880 523 1939 578 in
1969 524 2114 579 locis
2149 525 2431 581 omnibus
2473 527 2714 581 excitari
2750 531 2929 598 atque
2977 529 3243 582 construi
3275 527 3523 600 templa.

1880 614 2022 678 Qum
2071 615 2201 685 ipsa
2243 617 2531 685 temporis
2587 631 2872 686 processu
2903 615 3120 672 deinde
3165 616 3534 674 incrementa

1879 719 2119 775 quoque
2173 705 2465 776 ampliora
2497 719 2724 776 cepere,
2790 722 2928 761 cum
2970 707 3074 777 qui
3126 721 3197 762 ea
3248 707 3533 762 aediﬁcari

1879 800 2057 862 atque
2084 794 2285 862 augeri
2339 793 2699 864 prohiberet,
2737 800 2838 850 aut
2890 809 2993 865 per
3022 794 3415 851 fascinantem
3448 795 3534 851 in-

1878 881 2104 937 vidiam
2130 881 2410 946 aboleret,
2434 899 2610 938 nemo
2637 889 2812 938 esset.
2842 885 2932 940 Sic
2947 899 3016 939 ea
3033 884 3284 940 caelestis
3317 901 3532 941 manus

1878 971 2216 1037 custodivit,
2243 977 2422 1043 atque
2453 978 2618 1027 extra
2647 973 3005 1029 insidiarum
3038 974 3314 1029 omnium
3334 974 3528 1030 aleam

1877 1060 2074 1130 posita
2103 1077 2234 1116 esse
2263 1061 2469 1117 voluit.
2501 1063 2891 1134 Posteaquam
2918 1068 3118 1118 autem
3141 1078 3246 1134 per
3279 1062 3530 1119 multam

1875 1147 2207 1204 libertatem
2229 1154 2520 1215 nostram,
2543 1151 2600 1204 in
2627 1149 2930 1206 mollitiem
2949 1149 3375 1220 etlanguorem
3393 1167 3531 1223 pro-

1878 1237 2196 1293 fessionem
2229 1238 2365 1294 ﬁdei
2394 1239 2825 1303 convertimus,
2849 1245 3028 1311 atque
3062 1240 3291 1295 invidia
3321 1241 3533 1297 stimu-

1877 1325 1998 1389 lati,
2024 1328 2242 1382 armari
2275 1328 2385 1398 ipsi
2413 1335 2619 1383 contra
2643 1343 2753 1383 nos
2781 1329 3096 1399 coepimus,
3133 1329 3531 1384 orationibus-

1877 1430 1994 1486 que
2024 1422 2079 1470 et
2109 1417 2343 1488 scriptis
2381 1433 2488 1488 pro
2529 1418 2715 1472 hastis
2746 1407 2800 1473 et
2833 1418 3076 1488 spiculis
3131 1418 3244 1483 usi,
3284 1420 3534 1488 turpiter

1879 1503 2072 1560 foedas
2105 1506 2425 1560 seditiones
2471 1506 2900 1562 excitavimus:
2945 1506 3120 1580 442
3156 1507 3529 1580 proindeque

1879 1593 2181 1649 simulatio
2233 1595 2516 1667 quaedam
2557 1603 2611 1650 et
2649 1596 3055 1652 dissimulatio
3112 1613 3295 1669 quam
3341 1597 3532 1668 potuit

1881 1685 2141 1739 maxime
2171 1686 2229 1738 in
2289 1685 2612 1740 Ecclesiam
2656 1684 2958 1751 involavit,
3009 1691 3065 1740 et
3097 1685 3320 1741 malitia
3372 1687 3525 1741 vires

857 1779 946 1826 καὶ
1028 1782 1339 1846 ποιμενικῶς
1412 1774 1764 1844 ἐξηγούμενοι,

1880 1774 2138 1844 majores
2168 1774 2413 1844 accepit,
2441 1773 2652 1828 oculus
2682 1775 2777 1829 Dei
2799 1789 2964 1830 more
2991 1791 3103 1829 suo
3135 1775 3392 1844 benigne
3415 1791 3526 1830 nos

1879 1863 2233 1931 castigando
2280 1863 2550 1928 visitavit,
2578 1869 2635 1918 et
2686 1869 2928 1934 paterne
2982 1865 3262 1919 coercuit.
3294 1865 3377 1920 Ac
3409 1865 3530 1935 pri-

1879 1968 2045 2007 mum
2075 1953 2317 2024 quidem
2346 1969 2632 2008 aerumnis
2661 1970 2697 2009 a
2742 1953 3022 2009 fratribus
3053 1961 3252 2009 castra
3282 1960 3338 2010 et
3377 1954 3531 2012 mili-

1876 2041 2022 2097 tiam
2053 2042 2417 2099 sectantibus
2466 2043 2761 2113 incepere.
2809 2047 2855 2098 Α
2887 2059 3144 2114 quarum
3178 2059 3355 2098 sensu
3387 2061 3528 2101 cum

1877 2131 2075 2186 adhuc
2117 2131 2357 2200 longius
2413 2131 2785 2198 abessemus,
2847 2139 3076 2188 tantum
3131 2132 3296 2188 abest
3349 2138 3414 2189 ut
3452 2133 3526 2189 de

1877 2219 2174 2290 placanda
2185 2222 2346 2290 justa
2365 2221 2460 2276 Dei
2488 2222 2545 2275 in
2567 2237 2676 2276 nos
2697 2222 2784 2277 ira
2806 2222 3223 2290 cogitaremus,
3255 2228 3318 2277 ut
3346 2223 3527 2278 etiam

1875 2309 2122 2380 insuper
2148 2325 2328 2365 omne
2383 2326 2574 2378 genus
2608 2310 2846 2366 malitiae
2886 2317 2943 2366 et
2971 2318 3356 2381 peccatorum
3385 2311 3528 2367 alio-

1875 2415 2030 2465 rum,
2063 2399 2138 2454 ad
2172 2400 2420 2470 pristina
2450 2399 2665 2455 delicta
2691 2399 3244 2456 accumularemus:
3279 2400 3526 2473 perinde

1875 2493 2052 2559 atque
2083 2504 2202 2543 non
2246 2497 2400 2544 esset
2436 2489 2540 2560 qui
2585 2489 2714 2544 haec
2744 2489 3146 2545 consideraret
3191 2494 3369 2560 atque
3398 2505 3530 2561 spe-

1876 2576 2191 2642 cularetur,
2221 2578 2398 2649 quive
2432 2579 2724 2633 rationem
2759 2579 3012 2633 istorum
3051 2579 3326 2634 omnium
3358 2578 3528 2649 ﬂagi-

1877 2671 2042 2721 taret.
2076 2669 2358 2722 Ceeterum
2389 2667 2492 2738 qui
2523 2665 2634 2722 sibi
2663 2667 2966 2737 religionis
2987 2673 3206 2723 nostrae
3233 2667 3529 2724 columna:

1874 2770 2003 2811 esse
2053 2755 2428 2822 videbantur,
2487 2761 2545 2812 et
2603 2772 2826 2811 munus
2881 2756 3185 2828 pastorale
3216 2756 3528 2826 gerebant,

1874 2843 2088 2920 divinis
2123 2845 2534 2901 sanctionibus
2591 2853 2647 2900 et
2695 2845 2930 2915 legibus
2972 2846 3240 2916 abjectis,
3273 2847 3351 2901 ad
3381 2862 3530 2902 con-

1877 2933 2155 2989 tentionis
2197 2934 2463 2990 studium
2497 2934 2783 3006 prolapsi,
2818 2941 2872 2990 et
2919 2935 3332 2990 vehementius
3382 2935 3531 2991 inter

1875 3039 1936 3078 se
1967 3024 2181 3079 ardore
2205 3023 2473 3095 quodam
2506 3025 2805 3089 concitati,
2831 3024 3146 3080 dissidium
3178 3041 3248 3080 ex
3279 3024 3531 3080 dissidio

1876 3129 2099 3176 severe,
2151 3129 2220 3168 ac
2255 3119 2461 3168 mutua
2493 3113 2634 3168 odia
2664 3114 2861 3185 magis
2885 3129 2955 3169 ac
2989 3114 3178 3182 magis
3204 3113 3528 3183 adauxere,

1874 3201 2264 3258 ambitionem
2289 3207 2343 3258 et
2361 3203 2745 3272 cupiditatem
2761 3203 3114 3258 dominandi
3135 3202 3526 3269 vindicantes,

1873 3297 1930 3346 et
1954 3298 2346 3363 tyrannorum
2377 3307 2540 3347 more
2571 3293 2938 3347 contentiose
2971 3292 3044 3347 ad
3085 3307 3146 3347 se
3174 3292 3526 3363 pertrahen-

1878 3391 1985 3435 tes.
2022 3383 2168 3436 Tum
2201 3381 2423 3436 scilicet
2452 3383 2684 3436 evenire
2714 3397 2804 3449 ea,
2836 3397 2972 3453 qum
3001 3383 3301 3453 Scriptura
3330 3382 3526 3447 refert,

1872 3470 2171 3525 vidimus:
2237 3471 2588 3527 Obscuravit
2617 3471 2681 3526 in
2724 3471 2822 3526 ira
2852 3487 2961 3528 sua
3008 3471 3296 3527 Dominus
3338 3473 3531 3536 ﬁliam

1872 3561 2036 3624 Sion,
2071 3566 2123 3614 et
2153 3559 2383 3628 disiecit
2415 3575 2444 3615 e
2475 3561 2620 3614 caelo
2667 3561 2730 3614 in
2764 3567 2986 3616 terram
3026 3561 3284 3630 gloriam
3316 3561 3527 3616 Israel.

1871 3649 2180 3704 Destruxil
2195 3664 2390 3704 omnes
2405 3649 2696 3704 macerias
2712 3652 2859 3718 ejus.
2877 3657 2930 3704 et
2943 3651 3149 3706 evertit
3158 3649 3358 3718 fwdus
3369 3648 3527 3705 servi

1869 3737 1980 3792 sui.
2010 3739 2082 3792 Et
2109 3738 2497 3807 profanando
2519 3737 2847 3808 prostravit
2869 3739 2929 3791 in
2952 3743 3196 3801 terram,
3222 3754 3327 3808 per
3349 3737 3530 3793 eccle-

1872 3826 2093 3881 siarum
2110 3827 2528 3891 vastationem,
2550 3827 3083 3894 sanctiﬁcationem
3103 3829 3252 3896 ejus,
3270 3847 3297 3879 ››
3323 3833 3379 3882 et
3394 3843 3530 3898 quae

1873 3921 2225 3985 sequuntur.
2248 3915 2491 3986 Templa
2519 3931 2801 3987 namque.
2835 3931 2906 3970 ex
2955 3916 3100 3987 ipsis
3131 3916 3372 3972 revulsa
3400 3915 3531 3971 fun-

1875 4004 2195 4069 damentis,
2220 4004 2347 4059 solo
2368 4011 2607 4076 aequata
2636 4011 2794 4070 sunt,
2822 4010 2877 4060 et
2906 4011 3289 4060 sacrosancta
3311 4006 3532 4078 scripta

159 4095 516 4173 διερχόμενοι.
574 4105 781 4172 Πρῶτον
852 4095 940 4149 οὖν
996 4100 1127 4156 ὅπως
1178 4092 1292 4166 εἶχε
1342 4099 1407 4147 τὰ
1444 4103 1539 4155 τῆς
1589 4094 1760 4169 ἀρχῆς

1878 4093 1933 4147 in
1965 4093 2165 4148 medio
2195 4093 2316 4148 foro
2357 4093 2823 4163 conﬂagrarunt.
2858 4093 2965 4161 Qui
2999 4110 3138 4149 vero
3170 4095 3397 4149 honore
3439 4097 3530 4150 in-

165 4184 326 4257 διηγη
336 4207 500 4261 σομαι
513 4231 525 4242 .

1878 4189 1962 4237 ter
1989 4197 2100 4237 nos
2151 4182 2542 4248 excellebant,
2575 4183 2714 4239 hinc
2745 4190 2800 4238 et
2824 4185 2961 4239 inde
2988 4184 3359 4248 cursitantes,
3387 4183 3531 4253 fuga

159 4276 335 4332 saluti
369 4293 496 4331 suae
524 4277 970 4330 consuluerunt.
1007 4275 1112 4330 Alii
1139 4291 1316 4347 porro
1356 4274 1414 4329 in
1446 4274 1588 4338 fuga
1620 4271 1869 4344 excepti,
1903 4272 2226 4327 ludibrium
2260 4272 2422 4327 fuere
2473 4288 2682 4328 eorum
2714 4273 2815 4344 qui
2842 4273 3014 4328 nobis
3044 4272 3350 4327 insultant.
3383 4276 3529 4329 Cum

157 4364 356 4429 etiam,
383 4367 554 4435 juxta
581 4365 763 4419 alium
798 4364 1175 4436 prophetam,
1201 4365 1425 4432 e/Iusus
1454 4370 1539 4420 est
1565 4367 1932 4431 contemptus
1960 4363 2021 4416 in
2050 4363 2370 4430 principes,
2419 4368 2472 4418 et
2503 4377 2712 4418 errare
2736 4363 2882 4432 fecit
2912 4377 3004 4418 eos
3031 4363 3095 4417 in
3120 4361 3300 4428 invio,
3325 4365 3379 4418 et
3409 4377 3530 4418 non

157 4455 272 4509 via.
303 4454 519 4509 Verum
552 4454 679 4508 haec
711 4453 985 4524 persequi
1016 4454 1284 4507 oratione
1326 4458 1595 4506 nostrum
1642 4467 1763 4506 non
1808 4455 1914 4513 est,
1943 4457 2343 4522 prteterquam
2389 4457 2452 4506 ut
2496 4451 2768 4505 divinum
2811 4451 3105 4521 judicium
3163 4451 3521 4506 indicemus.

162 4542 334 4613 eique
373 4541 622 4614 justitiae
670 4541 911 4597 laudem
945 4541 1300 4606 tribuamus,
1330 4543 1495 4612 quod
1529 4540 1798 4596 videlicet
1849 4545 2007 4594 certa
2038 4545 2091 4595 et
2122 4557 2297 4612 aequa
2350 4540 2579 4595 ratione
2611 4540 2880 4609 procedit
2935 4539 2998 4594 in
3029 4555 3258 4594 omnes.
3296 4540 3406 4595 Sed
3438 4539 3531 4595 his

159 4646 194 4685 a
224 4647 386 4687 nunc
417 4631 679 4695 omissis,
713 4631 790 4686 ad
845 4647 1015 4686 sacra
1049 4637 1378 4702 martyrum
1412 4631 1760 4693 certamina,
1793 4629 2049 4684 breviter
2095 4645 2168 4685 ea
2197 4629 2542 4700 exposituri,
2577 4629 2994 4700 procedemus.
3030 4628 3294 4684 Primum
3328 4635 3528 4685 autem

169 4720 482 4791 quomodo
510 4735 573 4775 se
600 4721 850 4776 Romani
882 4720 1114 4791 imperii
1141 4736 1233 4774 res
1265 4719 1601 4788 habuerint,
1629 4719 1921 4774 dicemus.

162 613 540 684 ὁπλιζομένων,
597 619 687 665 καὶ
727 611 918 686 δόρασι
965 621 1071 673 τοῖς
1122 613 1292 683 λόγοις
1344 618 1766 685 προσχρώμενοι,

161 701 378 772 ἀγεννῶς
430 703 599 762 οὕτως
656 701 1057 774 ἐστασιάζομεν,
1115 704 1393 776 ὑπόκρισις
1449 699 1508 754 δέ
1554 721 1635 762 τις
1681 707 1769 776 καὶ

167 791 406 862 εἰρωνεία
455 792 530 852 εἰς
584 793 704 844 ὅσον
759 788 819 849 ἦν
868 795 1136 865 ἐγχωροῦν
1185 791 1233 842 ἐν
1287 795 1411 863 ἡμῖν
1451 791 1628 853 αὐτοῖς
1666 791 1771 844 εἰσ-

158 882 382 953 εφθάρη,
451 887 544 932 καὶ
600 883 630 938 ἡ
699 885 860 932 κακία
940 880 1021 932 ἐπὶ
1090 881 1267 952 μεῖζον
1332 881 1655 953 προύχώρει,
1711 883 1769 932 τὸ

156 973 246 1040 μὲν
305 972 443 1022 θεῖον
498 971 660 1042 ὄμμα,
711 969 884 1041 ὣσπερ
945 973 1056 1031 ἔθος
1118 971 1259 1040 αὐτῷ
1315 975 1660 1042 πεφεισμένως
1716 990 1769 1022 τε

153 1059 304 1129 ἡμῶν
353 1062 571 1123 ἥπτετο,
632 1064 722 1110 καὶ
779 1063 1003 1132 μετρίως
1060 1062 1128 1111 τὰ
1183 1066 1276 1120 τῆς
1334 1061 1582 1131 ἡμετέρας
1634 1059 1769 1111 ἐποι-

156 1155 261 1200 εῖτο
309 1149 632 1210 ἐπισκοπῆς.
691 1153 790 1201 Καὶ
830 1157 1012 1223 πρῶτα
1069 1151 1158 1220 μὲν
1207 1150 1272 1200 τὰ
1319 1144 1464 1201 δεινὰ
1514 1147 1768 1221 ἐπεχώρει

157 1235 260 1288 ἀπὸ
307 1246 413 1290 τῶν
470 1237 520 1289 ἐν
571 1245 686 1298 ταῖς
746 1243 1045 1309 στρατείαις
1100 1239 1244 1309 ἡμῶν
1293 1235 1521 1310 ἀδελφῶν
1559 1257 1572 1270 ο
1605 1241 1672 1298 ὡς
1711 1233 1772 1291 δέ

155 1332 246 1378 καὶ
305 1329 384 1378 ἔτι
451 1326 629 1402 πὸῥρω
694 1324 821 1399 ἦμεν
896 1328 1214 1391 αἰσθήσεως,
1290 1332 1379 1378 καὶ
1459 1327 1563 1398 οὐχ
1633 1328 1771 1388 ὅπως

157 1415 490 1469 ίλεώσασθαι
543 1421 636 1475 τὴν
675 1418 792 1470 καθ’
831 1421 975 1488 ὴμῶν
1025 1417 1180 1490 ὀργὴν
1238 1415 1553 1488 ἐσκοποῦμεν
1597 1433 1609 1445 °
1655 1416 1771 1468 τοῦ-

155 1511 367 1558 ναντίον
425 1502 619 1558 δἀπαν
671 1504 760 1558 κᾶὶ
813 1511 1002 1567 κακίας
1057 1505 1216 1567 ἄλλας
1244 1505 1701 1578 προσεπεῖρίϐομεν
1753 1524 1767 1536 ο

157 1596 335 1666 ὥσπερ
393 1594 440 1646 εἰ
509 1592 640 1666 μηδ’
700 1593 761 1653 ἧν
813 1598 838 1647 ὁ
894 1595 1188 1648 ἐπισκοπῶν
1255 1599 1345 1646 καὶ
1400 1599 1528 1668 πρὸς
1594 1594 1773 1665 λόγους

155 1684 361 1736 ἕκαστα
407 1680 695 1736 διευθύνων
736 1705 748 1716 ·
783 1688 834 1737 οἵ
876 1705 930 1737 τε
961 1683 1233 1746 δοκοῦντες
1265 1683 1312 1735 ἐν
1343 1686 1468 1757 ἡμῖν
1517 1692 1607 1744 τῆς
1641 1686 1770 1757 θρη-

157 1777 341 1834 σκείας
410 1779 774 1846 στηρίγματα,

156 1866 279 1924 τοὺς
377 1865 552 1926 θείους
652 1865 875 1934 θεσμοὺς
972 1866 1360 1937 παρωσάμενοι,
1474 1863 1768 1930 φιλονεικεῖν

155 1953 401 2025 ᾑροῦντο,
453 1958 547 2004 καὶ
614 1957 745 2026 πρὸς
803 1953 1055 2014 ἀλλήλους
1109 1953 1522 2025 ἁναφλεγόμενοι,
1572 1953 1625 2014 ἐξ
1675 1955 1772 2024 ἔρι-

158 2038 251 2102 δος
309 2041 378 2102 εἰς
440 2044 549 2113 ἔριν
611 2046 669 2093 τὸ
726 2044 840 2094 κατ’
910 2042 1136 2100 ἀλλήλων
1193 2050 1342 2114 μῖσος
1395 2045 1477 2094 ἐπὶ
1526 2046 1768 2113 μέγιστον

156 2131 419 2196 ηὔξησαν,
495 2134 553 2183 τὸ
628 2131 900 2206 φιλαρχεῖν
964 2129 1349 2193 ὃιεκδικοῦντες
1402 2137 1765 2205 τυραννικώτε-

161 2240 251 2293 ρον
315 2238 330 2250 ⁶
387 2229 680 2280 τηνικαῦτα
731 2225 794 2274 τὰ
849 2230 940 2282 τῆς
996 2228 1201 2294 Γραφῆς
1256 2225 1423 2274 ἐκεῖνα
1475 2219 1536 2278 ἧν
1594 2223 1716 2295 ὁρᾴν
1749 2239 1762 2252 ·

159 2310 582 2383 Ἐγνόφωσεν
622 2313 678 2362 ἓν
715 2311 875 2384 ὀργῇ
920 2311 1117 2363 αὐτοῦ
1152 2314 1386 2385 Κύριος
1424 2315 1534 2369 τήν
1578 2312 1766 2382 θυγα-

157 2407 304 2477 τέρα
344 2407 537 2454 Σιών·
570 2407 680 2453 καὶ
720 2400 1111 2476 κατέρριψεν
1145 2401 1208 2463 ἐξ
1238 2401 1510 2475 οὐρανοῦ
1538 2401 1622 2461 εἰς
1650 2408 1767 2471 γῆν

159 2496 272 2549 τὴν
311 2488 518 2554 δόξαν
558 2497 670 2543 τοῦ
702 2491 994 2563 Ἰσραήλ.
1033 2490 1314 2542 Καθιίλε
1344 2493 1590 2552 πάντας
1619 2494 1768 2553 τοὺς

162 2582 510 2653 φραξγμοὺς
543 2579 763 2644 αὐτοῦ,
799 2585 907 2631 καὶ
952 2578 1355 2650 κατέστρεψε
1394 2584 1504 2636 τὴν
1539 2575 1762 2637 διαθή-

163 2689 274 2727 κην
311 2678 424 2723 τοῦ
483 2666 704 2722 δούλον
760 2669 986 2721 αὐτοῦ·
1046 2675 1152 2720 καὶ
1218 2667 1614 2725 ἐϐεϐἠλωσεν
1678 2668 1767 2729 εἰς

164 2766 283 2830 γῆν,
321 2756 415 2812 διὰ
469 2767 568 2818 τῆς
605 2767 704 2809 τῶν
747 2757 1033 2816 ἐκκλησιῶν
1078 2759 1444 2832 καθαιρέσεως,
1474 2760 1539 2809 τὸ
1581 2757 1766 2828 ἁγία-

171 2866 292 2920 σμα
320 2849 544 2913 αὐτοῦ,
581 2853 670 2900 καὶ
691 2851 791 2900 ὅσα
820 2847 955 2910 ἑξῆς.
983 2853 1094 2919 Νεῴ
1127 2849 1228 2922 γὰρ
1252 2847 1305 2909 ἐξ
1325 2846 1494 2898 αὐτῶν
1526 2846 1768 2898 ἀνασπώο

163 2957 297 3009 μενοι
326 2948 428 2990 τῶν
463 2933 741 3012 κρηπίδων
782 2936 848 2997 εἰς
878 2933 1064 3008 ἔδαφος
1103 2936 1531 3010 κατηῤῥάσσοντο
1559 2955 1574 2968 '
1609 2938 1674 2988 τὰ
1711 2955 1766 2988 τε

162 3029 268 3100 ἱερὰ
293 3030 593 3101 γράμματα
623 3026 709 3079 ἐπὶ
740 3031 905 3098 μέσης
937 3025 1126 3098 ἀγορᾶς
1153 3029 1480 3099 προκείμενα,
1513 3030 1672 3097 πυρὸς
1703 3022 1764 3083 ἦν

163 3113 368 3176 δαπάνη
407 3136 419 3146 ·
455 3119 507 3169 οἱ
555 3113 614 3168 δε
656 3117 978 3188 προῦχοντες
1003 3117 1050 3167 ἓν
1081 3117 1227 3186 ἡμῖν,
1274 3111 1378 3166 ὧδε
1406 3114 1619 3167 κάκεῖσε
1650 3111 1765 3167 δια·
1795 3153 1840 3208 ,Ο

159 3202 564 3276 διδράσκοντες,
622 3213 756 3278 φυγῇ
807 3209 900 3262 τὴν
960 3208 1223 3275 σωτηρίαν
1279 3203 1754 3278 ἐπραγματεύοντο.

154 3295 331 3348 Ἀλλοι
395 3294 459 3348 δε
525 3299 610 3346 καὶ
683 3296 1052 3368 ζωγρούμενοι,
1114 3293 1340 3365 αἰσχρόν
1408 3313 1459 3345 τι
1527 3298 1764 3363 παίγνιον

156 3383 289 3443 ἦσαν
347 3394 462 3447 τοῖς
516 3387 660 3456 ἡμῶν
714 3383 1062 3455 ἐπηρεασταῖς
1113 3400 1125 3412 ·
1186 3387 1268 3434 ὅτε
1306 3388 1398 3435 καὶ
1449 3383 1562 3434 κατ’
1613 3383 1764 3435 ἄλλον

161 3471 300 3533 δῆτα
337 3478 636 3547 προφήτην,
678 3471 977 3543 Ἐξεχύθη
1021 3468 1432 3534 ἐξουδένωσις
1472 3471 1568 3523 ἐπ’
1609 3473 1765 3545 ἄρχ-

159 3583 346 3625 οντας
390 3585 401 3596 ·
450 3567 560 3615 καὶ
599 3561 953 3619 ἐπλάνησεν
999 3561 1234 3622 αὐτοὺς
1284 3560 1343 3612 ἐν
1396 3560 1606 3631 ἀϐάτῳ
1655 3566 1761 3612 καὶ

159 3653 225 3703 οὐ
243 3675 282 3723 χ
309 3651 459 3723 ὁδῷ.
487 3651 648 3704 Ἀλλὰ
671 3657 728 3702 τὸ
750 3654 838 3722 μὲν
864 3658 1081 3702 τοιαῦτα
1110 3651 1332 3720 ἱστορεῖν
1359 3649 1466 3720 οὐχ
1496 3651 1759 3722 ἡμέτερονο

158 3743 287 3800 πλὴν
340 3747 467 3794 ὅσον
521 3737 850 3802 ἑνδείξασθαι
909 3745 1002 3797 τὴν
1077 3741 1214 3791 θείαν
1276 3742 1471 3812 κρὶσιν,
1531 3743 1620 3790 καὶ
1685 3735 1762 3790 δι-

160 3833 504 3885 καιώσασθαι
569 3833 704 3881 κατὰ
765 3830 913 3900 λόγον
988 3832 1315 3901 προηγμένην
1394 3827 1466 3898 ἐφ’
1529 3828 1751 3882 ἅπασιν.

157 3920 314 3974 Ἀλλά
366 3922 566 3973 τούτων
591 3923 716 3980 τέως
773 3917 1031 3990 ἀφέμενοι,
1087 3919 1171 3969 ἐπὶ
1217 3921 1332 3976 τοὺς
1391 3918 1558 3989 ἱεροὺς
1605 3919 1760 3986 ῖωμεν

157 4019 256 4062 τῶν
302 4011 585 4083 μαρτύρων
636 4008 818 4067 ἄθλους
881 4011 930 4058 ἐν
992 4011 1220 4077 ἐπιτόμῳ
1273 4009 1340 4058 τὰ
1399 4007 1513 4057 κατ’
1572 4005 1761 4066 αὐτοὺς

788 4877 1027 4925 ΚΕΦΑΛ.
1071 4869 1141 4924 I".
1801 4870 1847 4924 D

197 4984 276 5039 Ως
317 4977 774 5038 Διοκλητιανός
804 4979 1216 5050 Μαξιμιανὸν
1255 4981 1340 5029 τὸν
1377 4977 1767 5049 Ερκούλλιον

235 5053 591 5123 συνάρχειν
649 5050 893 5103 εἵλετο·
943 5055 1056 5102 καὶ
1106 5052 1181 5110 ὡς
1229 5054 1335 5101 τὸν
1389 5051 1522 5102 καθ’
1590 5052 1764 5122 ἡμῶν

2412 4868 2588 4942 443
2632 4869 2860 4926 CAPUT
2899 4869 2992 4924 1n.

1884 4979 1954 5034 Ut
1986 4977 2390 5033 Diocletianus
2435 4977 2869 5032 Maximianum
2921 4976 3274 5033 Herculium
3304 4977 3526 5032 socium

1943 5050 2054 5104 sibi
2077 5048 2314 5119 imperii
2339 5049 2632 5116 allegerit,
2655 5056 2750 5104 etu
2776 5056 2796 5102 l
2825 5048 2875 5103 is
2902 5051 3368 5118 persecutionem
3393 5064 3527 5104 con-

234 5119 503 5180 ἇπίνησε
544 5119 878 5196 διωγμὸν.

233 5228 616 5294 Διοκλητιανὸς,
660 5233 833 5299 ὥσπερ
914 5231 1137 5300 εἴρηται,
1203 5231 1295 5285 τὴν
1342 5225 1610 5300 βασιλείαν
1665 5247 1763 5280 πα-

167 5316 419 5386 ραλαϐὼν,
471 5319 578 5371 ἐπεὶ
617 5321 752 5370 κατὰ
803 5323 1038 5390 Χρίστοῦ
1084 5320 1266 5388 μάχην
1297 5325 1452 5369 κινεῖν
1510 5326 1608 5368 τῶν
1657 5322 1756 5368 πὼ-

165 5424 284 5460 ποτε
365 5411 813 5480 μνημονευομένων
887 5407 1265 5478 χαλεπωτατην
1332 5407 1598 5479 ἠρέθιστο,
1665 5410 1758 5464 τὴν

165 5503 253 5547 τοῦ
291 5504 524 5569 Χριστοῦ
574 5500 848 5570 μαρτύρων
907 5501 1139 5568 γενναίαν
1190 5499 1430 5548 ἔνστασιν
1478 5493 1629 5557 εἰδὼς
1669 5501 1757 5548 καὶ

167 5580 572 5662 ἀντιπαράταξιν
603 5603 617 5618 ο
676 5588 783 5640 επεὶ
825 5589 956 5657 πρὸς
1017 5586 1280 5648 τοιούτους
1334 5588 1422 5639 καὶ
1473 5587 1758 5647 τοσούτους

1945 5128 2043 5177 tra
2076 5136 2182 5176 nos
2209 5119 2556 5175 instituerit.

1945 5227 2364 5290 Diocletianus,
2395 5226 2476 5281 uti
2509 5226 2736 5282 dictum
2787 5231 2893 5291 est,
2953 5226 3208 5298 imperio
3255 5230 3524 5297 accepto,

1870 5335 2007 5372 cum
2041 5323 2250 5372 contra
2293 5316 2593 5371 Christum
2647 5323 2942 5387 quantum
2997 5321 3174 5370 antea
3205 5331 3523 5385 nunquam

1867 5407 2096 5470 fuisset,
2147 5405 2368 5461 bellum
2430 5421 2670 5461 movere
2709 5404 3126 5468 constituisset,
3188 5412 3524 5476 martyrum

1864 5495 2072 5552 Christi
2123 5494 2598 5565 magnitudinem
2630 5495 2839 5560 animi,
2881 5494 3184 5566 robur,et
3239 5492 3526 5550 fortitudi-

1868 5601 2008 5645 nem
2057 5585 2200 5646 satis
2255 5587 2639 5657 perspectam
2695 5582 2952 5652 habens,
3003 5582 3166 5656 quod
3206 5597 3345 5640 cum
3399 5585 3523 5640 tam
