4028 6294
573 278 706 335 1211

1872 281 2256 338 NICEPHORI
2299 280 2623 338 CALLISTI
3712 290 3791 347 illi

568 405 807 461 eximiis
864 404 1251 462 bellatoribus
1294 405 1405 462 sibi
1445 409 1747 463 certamen
1791 407 1915 464 fore
1967 408 2211 474 videret,

2331 404 2392 468 ἦν
2449 411 2586 479 αύτῷ
2639 409 2665 460 ὁ
2715 406 2870 481 ἁγὼν,
2917 411 3047 480 ἔγνω
3092 404 3203 463 δεῖν
3256 417 3454 483 πρῶτον
3501 409 3790 486 ἐπιρῥῶσαιεᾎ-

568 495 629 550 in
685 494 892 566 primis
953 495 1289 550 curandum
1349 496 1461 551 sibi
1519 496 1772 568 putavit,
1840 503 1900 553 ut
1951 498 2217 570 seipsum

570 585 971 649 conﬁrmaret,
1022 589 1200 657 atque
1249 585 1328 640 ita
1358 585 1606 642 demum
1637 586 2038 642 conﬁdentius
2071 602 2218 658 prae-

566 673 713 729 lium
746 673 951 729 iniret:
998 673 1243 730 homine
1293 676 1420 746 pari
1464 691 1665 732 secum
1698 676 1941 746 ingenio
1993 683 2049 732 et
2086 692 2220 731 cru-

567 762 804 818 delitate
834 763 1189 819 Maximiano
1228 765 1312 835 (1)
1347 765 1612 820 Herculio
1641 770 1896 836 reperto,
1927 781 2067 820 eum
2107 765 2218 820 sibi

567 857 631 907 ut
685 868 862 924 aequa
901 856 1190 923 potestate
1237 853 1556 925 imperium
1609 854 2073 922 administraret,
2123 871 2217 910 as-

567 942 726 997 civit.
772 944 902 1008 Quo
934 949 1052 998 tam
1085 944 1304 999 eximio
1335 950 1730 1014 tyrannorum
1782 947 1930 1016 pari,
1983 960 2218 1001 accom-

565 1033 812 1088 modato
837 1031 949 1086 sibi
977 1048 1220 1104 prorsus
1251 1040 1307 1089 et
1329 1035 1590 1106 proprio,
1624 1035 2048 1095 maximeusus
2078 1034 2215 1090 ﬁdei

566 1129 784 1177 nostrae
814 1122 1020 1191 hostis,
1077 1127 1366 1194 tanquam
1394 1123 1650 1179 volucris
1681 1140 1866 1196 supra
1891 1140 2025 1180 eam
2080 1140 2216 1196 qua

568 1210 682 1266 sub
711 1209 858 1266 ccelo
889 1217 976 1266 est
997 1216 1214 1267 terram
1239 1211 1520 1277 volitavnt,
1545 1229 1756 1269 omnes
1776 1215 1835 1268 in
1862 1218 2215 1285 potestatem

567 1315 740 1356 suam
768 1301 1054 1369 redigere,
1083 1308 1138 1356 et
1160 1302 1368 1357 Christi
1396 1318 1617 1358 nomen
1647 1318 1719 1358 ex
1751 1303 1916 1374 ipsis,
1949 1303 2112 1375 quod
2131 1303 2216 1357 di-

569 1390 740 1456 citur,
762 1388 1167 1445 fundamentis
1186 1406 1389 1446 eruere
1408 1396 1709 1461 satagens.
1731 1395 1922 1464 Atque
1933 1390 2215 1463 equidem

565 1477 829 1550 primum
859 1493 982 1534 non
1036 1495 1156 1534 uno
1208 1479 1409 1535 statim
1458 1479 1684 1552 impetu
1739 1480 2214 1552 persecutionem

565 1574 775 1623 contra
827 1584 953 1638 nos,
993 1568 1100 1623 sed
1154 1568 1460 1635 insidiose,
1507 1573 1708 1642 atque,
1765 1576 1826 1625 ut
1879 1570 1961 1625 ita
1989 1569 2209 1634 dicam.

567 1655 937 1712 clandestine
966 1663 1052 1712 est
1076 1672 1416 1728 aggressus.
1458 1660 1500 1712 A
1533 1659 1826 1730 principio
1857 1659 2034 1729 igitur
2054 1657 2214 1714 Chri-

2328 501 2435 550 τὸν.
2477 503 2564 549 καὶ
2607 498 2744 550 οὕτω
2794 501 2880 550 τὸν
2925 497 3103 570 ἀγῶνα
3139 496 3431 552 καταδῦναι
3459 519 3472 532 ·
3519 501 3789 575 θαρρῆσαιιιί

2330 584 2397 645 δὴ
2459 584 2632 662 ἄνδρα
2687 590 2842 659 εύρὼν
2903 592 3079 660 ὅμοιον
3133 588 3275 659 αύτῷ
3328 594 3416 641 καὶ
3456 594 3615 660 τρόπον
3652 596 3715 641 καὶ
3747 601 3792 649 τιν

2327 677 2593 748 ὠμότητα,
2628 679 2796 748 τούτῳ
2847 673 3209 750 συνδιαφέρειν
3255 681 3323 730 τὰ
3369 686 3462 738 τῆς
3497 677 3643 751 ἀρχῆς
3681 678 3798 754 ἐπιτρί-

2326 785 2430 818 πει.
2473 766 2798 839 Μαξιμιανός
2845 768 2871 818 ὁ
2899 766 3224 840 Ἑρκούλ).ιος
3270 769 3417 830 οὗτος
3456 765 3511 825 ἧν
3541 785 3552 797 ·
3602 771 3662 829 οἷς
3697 770 3800 839 irim;

2326 857 2543 927 ἄριστον
2583 857 2609 907 ὁ
2645 863 2740 918 τῆς
2782 860 3007 918 πίστεως
3059 859 3205 928 ἡμῶν
3260 860 3498 931 τύραννος
3542 862 3742 929 προσφυὲς
3775 879 3804 912 τε

2325 950 2415 997 καὶ
2488 945 2672 997 οἰκεῖον
2747 945 2887 1016 μάλα
2959 947 3322 1020 χρησάμενος,
3397 951 3487 1003 την
3556 947 3626 997 ὑπ’
3671 947 3804 1020 οὐρανὸν

2324 1039 2516 1096 πτηνὸς
2568 1053 2647 1095 τις
2689 1029 2873 1100 διέθει,
2922 1037 3124 1096 πάντας
3176 1038 3302 1088 εἴσω
3347 1037 3522 1087 θέσθαι
3555 1044 3724 1109 χειρῶν,
3756 1043 3806 1088 ui

2325 1128 2418 1181 τὴν
2470 1128 2705 1195 Χριστοῦ
2771 1124 2960 1182 κλῆσιν
3023 1124 3076 1186 ἐξ
3138 1124 3328 1189 αὐτῶν,
3384 1126 3411 1176 ὅ
3446 1143 3581 1195 φασι,
3628 1121 3808 1194 κρηπίδων

2325 1211 2630 1266 ἀνασπάσαι
2667 1219 3000 1286 πειρώμενος.
3050 1217 3151 1266 Καὶ
3207 1210 3274 1271 δὴ
3344 1216 3410 1265 τὰ
3583 1220 3728 1286 πρῶτα
3758 1215 3807 1264 si:

2325 1298 2526 1375 ἁθρόως
2577 1311 2646 1372 τῷ
2710 1303 2829 1355 καθ’
2870 1304 3015 1374 ἡμῶν
3070 1301 3280 1355 ἐπέϐαλε
3320 1298 3554 1373 διωγμῷ.
3595 1301 3805 1363 Ἐπιϐσὸἱως

2327 1387 2385 1443 δε
2423 1396 2512 1443 καὶ
2562 1389 2819 1464 κρύϐδην.
2874 1395 2944 1453 ὡς
2973 1393 3034 1444 ἄν
3074 1411 3154 1454 τις
3195 1396 3344 1464 φαίη.
3386 1393 3544 1451 Εύθύς
3683 1391 3802 1442 eius”

2325 1477 2684 1554 στρατοπέδου
2752 1479 3167 1552 ἀποπειρώμενος
3237 1477 3320 1538 ἧν.
3401 1479 3550 1552 ”ῼ.ετο
3597 1481 3682 1552 γάρ
3722 1482 3802 1532 οίίι

2322 1575 2413 1620 τοῦ
2449 1569 2647 1642 ῥᾴστου
2697 1573 3068 1640 προχωρήσειν
3109 1568 3248 1638 αύτῷ
3288 1572 3347 1621 τὸ
3389 1567 3661 1638 ἀγώνισμα,
3695 1568 3803 1618 εἰτο-

2321 1675 2420 1708 των
2487 1659 2656 1731 ἠρέμα
2706 1678 2811 1719 πως
2869 1664 2960 1710 καὶ
3023 1667 3280 1729 τεχνικῶς
3336 1661 3656 1730 περιγένοιτο.
3703 1657 3804 1709 Iisiis

565 1746 774 1801 stianis
807 1744 1161 1815 aﬂligendis,
1185 1747 1419 1803 consilii
1441 1748 1533 1802 sui
1565 1749 1624 1803 in
1643 1749 1900 1804 exercitu
1924 1754 1980 1803 et
2001 1747 2211 1803 castris

2321 1750 2411 1819 μὲν
2450 1743 2539 1799 οὖν
2578 1747 2780 1800 ἐκείνων
2834 1756 2930 1808 τῆς
2986 1753 3100 1820 περὶ
3150 1751 3210 1800 τὸ
3277 1749 3411 1800 θεῖον
3462 1748 3612 1820 χάριν
3671 1754 3810 1818 sror-ft;

565 1836 896 1908 periculum
928 1837 1080 1891 fecit.
1113 1836 1302 1891 Facile
1333 1837 1492 1892 enim
1523 1853 1592 1893 ex
1625 1839 1918 1893 sententia
1949 1843 2212 1909 emptum

569 1924 682 1980 sibi
711 1941 1125 1981 successurum
1158 1929 1402 1998 putavit,
1436 1927 1484 1981 si
1508 1926 1638 1982 illos
1665 1927 1885 1982 sensim
1909 1927 2210 1999 quodam-

570 2014 752 2070 modo
776 2021 832 2069 et
856 2020 978 2070 arte
1014 2015 1450 2072 circumventos
1481 2017 1733 2072 vicisset.
1767 2019 1833 2072 Et
1871 2017 2038 2072 multi
2069 2030 2212 2073 sane

565 2117 638 2158 ex
658 2103 866 2158 ordine
898 2103 1154 2169 militari,
1187 2112 1428 2176 propter
1457 2106 1750 2176 insignem
1775 2120 1917 2176 erga
1942 2105 2212 2161 divinum

565 2207 776 2248 numen
792 2193 1322 2264 pietatatem,vitam
1339 2195 1624 2266 privatam
1639 2195 1964 2252 honoribus
1979 2195 2214 2267 quibus-

565 2296 804 2352 cunque
827 2281 1231 2353 praetulerunt.
1275 2287 1598 2356 Postquam
1626 2285 1784 2340 enim
1837 2287 2117 2340 lustrator
2159 2288 2216 2339 et

565 2373 1529 2444 repurgatorexercitus,idemque
1544 2373 1970 2444 persecutionis
1985 2378 2210 2438 auctor,

565 2460 874 2531 optionem
932 2461 1218 2516 militibus
1272 2463 1612 2518 Christianis
1665 2461 1830 2518 illam
1875 2463 2106 2528 obtulit,
2153 2467 2216 2520 ut

563 2548 658 2604 vel
687 2549 802 2620 ipsi
855 2549 1256 2622 obsequentes
1287 2551 1600 2607 ordinibus
1647 2551 1938 2608 ducendis
1976 2552 2214 2608 honori-

562 2637 798 2710 busque
828 2640 1102 2709 gerendis
1157 2656 1294 2695 cum
1335 2640 1464 2696 aliis
1506 2642 1822 2713 participes
1861 2641 2087 2708 ﬁerent,
2121 2641 2213 2698 vel

561 2727 1052 2783 constitutionum
1085 2729 1464 2800 imperialum
1490 2733 1840 2786 auctoritate
1870 2736 2213 2801 contempta

559 2816 836 2872 militiam
880 2817 1282 2889 relinquerent
1312 2835 1325 2874 :
1381 2819 1812 2890 quamplurimi
1845 2824 1969 2874 tum
1999 2819 2211 2875 Christi

561 2905 781 2962 milites
801 2920 934 2960 eam
957 2922 1093 2978 quae
1125 2907 1439 2966 videbatur
1459 2924 1588 2963 esse
1617 2908 1956 2964 felicitatem
1979 2909 2210 2980 abjece-

559 3000 718 3063 runt,
751 2996 942 3066 parati
975 3011 1094 3051 non
1127 2995 1479 3066 dignitatem
1533 3003 1587 3052 et
1641 2997 1930 3052 honorem
1977 3004 2210 3054 tantum

559 3082 881 3155 deponere,
909 3085 1015 3140 sed
1065 3084 1243 3140 etiam
1278 3092 1550 3150 mortem,
1615 3086 1664 3140 si
1692 3087 2068 3142 adversarius
2095 3086 2207 3142 illis
2247 3115 2287 3171 ο

559 3173 754 3228 acrius
787 3173 1054 3238 instaret,
1085 3174 1270 3230 obire.
1301 3173 1364 3228 Id
1399 3176 1564 3246 quod
1613 3191 1648 3230 a
1675 3175 1965 3246 principio
1997 3175 2057 3231 in
2091 3192 2208 3230 uno

558 3266 736 3334 atque
759 3261 819 3317 in
847 3261 1030 3318 altero
1059 3270 1146 3318 est
1171 3269 1570 3335 perspectum.
1604 3263 1813 3319 Rarius
1844 3264 2002 3318 enim
2033 3264 2092 3319 id
2125 3265 2210 3319 in-

560 3351 768 3407 sidiosi
809 3352 986 3424 coepti
1015 3357 1222 3408 auctor
1251 3358 1339 3407 est
1368 3369 1570 3409 ausus.
1603 3355 1911 3409 Certamen
1943 3368 2208 3425 namque

559 3445 823 3512 emptum
868 3457 1056 3512 usque
1088 3441 1165 3497 ad
1197 3443 1506 3510 sanguinis
1539 3441 1805 3498 ﬁdelium
1852 3441 2208 3500 eﬁusionem

557 3530 910 3602 producere,
927 3529 1225 3602 simulque
1238 3529 1461 3586 bellum
1478 3538 1685 3586 contra
1701 3547 1912 3587 omnes
1929 3533 2205 3599 excitare,

555 3618 755 3674 adhuc
781 3617 1049 3691 quadam
1080 3620 1253 3691 quasi
1275 3619 1506 3675 desidia
1527 3619 1775 3675 distulit.
1800 3622 2079 3676 Utautem
2099 3621 2209 3676 sei-

553 3722 733 3779 psum
755 3707 1022 3774 nudavit,
1045 3712 1322 3780 totusque
1337 3709 1394 3764 in
1421 3709 1897 3781 persecutionem
1915 3709 2204 3776 incubuit,

554 3797 822 3852 oratione
852 3797 1015 3853 nulla
1040 3797 1323 3869 explicari
1351 3803 1563 3869 potest,
1587 3803 1814 3870 quanta
1846 3799 2070 3872 ubique
2101 3815 2208 3872 per

555 3887 762 3942 omnia
791 3885 910 3942 fere
940 3887 1072 3942 loca
1123 3892 1178 3942 et
1229 3887 1455 3960 oppida
1495 3887 1950 3943 fortissimorum
1993 3889 2205 3945 Christi

554 3980 888 4046 martyrum
922 3975 1240 4031 multitudo
1272 3977 1343 4032 sit
1365 3977 1649 4034 exhibita.
1670 3977 1930 4032 Primum
1961 3979 2205 4049 quidem

555 4063 780 4137 ubique
792 4065 1356 4121 circumferebantur
1368 4073 1421 4120 et
1437 4066 2206 4140 proponebanturimperia-

2321 1839 2409 1888 τὸν
2461 1833 2678 1895 ἰδιώτην
2739 1835 2854 1909 βίον
2912 1836 3236 1897 ἠσπάζοντο.
3271 1836 3417 1888 Ἐπεὶ
3468 1839 3562 1908 γὰρ
3607 1833 3814 1905 estling-

2321 1933 2418 1976 νῶν
2456 1930 2546 1977 καὶ
2607 1921 2764 1984 δῆθεν
2821 1925 3181 1998 ἐινακαθαίρων
3235 1928 3292 1977 τὸ
3351 1920 3682 1999 στρατόπεδον
3723 1926 3816 1980 αὐτὸς

2323 2011 2384 2074 ἧν
2441 2015 2716 2086 ἐγχειρῶν,
2773 2018 2843 2075 ὡς
2899 2017 2959 2067 ἄν
3016 2034 3098 2076 τις
3145 2018 3302 2079 εἴποι,
3342 2022 3416 2084 τῷ
3449 2010 3665 2085 διωγμῷ,
3694 2014 3816 2085 αῑριςίι

2321 2123 2376 2156 τε
2431 2111 2681 2175 παρεῖχεν
2732 2105 2761 2161 ἢ
2814 2111 3040 2176 μετεῖναι
3092 2103 3264 2164 αὐτοῖς
3319 2111 3414 2163 τῆς
3473 2111 3618 2173 τιμῆς
3663 2103 3818 2169 πειθομέ-

2322 2213 2448 2263 νοις,
2497 2193 2526 2250 ἢ
2576 2213 2680 2253 τοις
2737 2191 3035 2266 βασιλικοῖς
3099 2194 3460 2263 θεσπίσμασιν
3517 2190 3818 2262 ἁντιρερομειοις

2323 2281 2616 2335 ἀπολείπειν
2665 2287 2758 2340 τὴν
2813 2282 2958 2346 τάξιν
2991 2302 3002 2314 ·
3038 2289 3328 2340 τηνικαῦτα
3371 2281 3504 2333 πολύ
3541 2279 3714 2340 πλείους
3742 2285 3820 2348 Χρι-

2325 2379 2451 2424 στοῦ
2506 2380 2822 2447 στρατιῶται
2873 2375 2961 2429 τὴν
3015 2371 3363 2443 νομιζομένην
3421 2369 3682 2443 εὐπραγίαν
3718 2386 3821 2438 παρείη

2325 2464 2538 2532 σάμενοι
2589 2457 2963 2526 ἀνεδείκνυντο,
2995 2460 3057 2512 ού
3104 2464 3199 2518 τὴν
3251 2458 3404 2522 ἀξίαν
3455 2466 3618 2530 μονον,
3645 2457 3744 2509 ἀλλὰ
3773 2475 3812 2505 ιι

2325 2552 2540 2602 θάνατον
2592 2550 2746 2602 αὐτὸν
2812 2557 2902 2610 τῆς
2953 2551 3244 2610 ἐνστάσεως
3280 2547 3623 2621 ἀμειϐόμενοι.
3669 2547 3738 2606 Εἷς
3767 2562 3816 2594 τε

2320 2643 2410 2712 μεν
2449 2643 2538 2691 καὶ
2579 2635 2674 2691 δύο
2723 2639 3001 2710 καταρχάς
3033 2659 3046 2671 ·
3079 2643 3170 2690 καὶ
3205 2640 3307 2710 γὰρ
3342 2638 3616 2697 σπανίωςὸ
3645 2639 3720 2692 τήν
3762 2632 3818 2683 irt-

2322 2728 2510 2788 ϐουλὴν
2565 2731 2776 2802 ἐνεργῶν
2839 2726 3112 2798 ἐπετόλμα.
3175 2731 3276 2780 Καὶ
3330 2731 3528 2801 μέχρις
3576 2727 3754 2796 αἳματος
3785 2729 3822 2771 τέ

2319 2817 2506 2876 πλήθει
2564 2814 2973 2889 διαγωνίζεσθαι
3029 2825 3128 2868 τῶν
3189 2824 3416 2879 πιστῶν,
3477 2817 3596 2887 ὁμοῦ
3657 2832 3700 2864 τε
3745 2813 3824 2862 κατὰ

2318 2909 2522 2960 πάντων
2553 2910 2637 2958 τὸν
2696 2905 2916 2977 πόλεμον
2977 2904 3229 2978 ἐφορμᾴν,
3272 2903 3565 2956 ἁποκναίων
3610 2899 3662 2960 ἦν
3688 2905 3744 2953 ἔτι
3772 2904 3822 2948 ut

2319 2995 2491 3068 ὥσπερ
2547 2993 2916 3067 ἀναδυόμενος.
2974 2995 3061 3056 Ὠς
3103 2991 3160 3047 δὲ
3215 2997 3546 3068 παρεγύμνου
3576 2993 3740 3055 ἑαυτὸν,
3770 2991 3818 3038 ui

2319 3086 2431 3148 ὅλος
2481 3093 2576 3146 τῆς
2631 3084 2988 3158 ἐγχειρήσεως
3044 3081 3126 3152 ἧν,
3167 3080 3291 3136 ούδε
3353 3084 3494 3156 λόγῳ
3540 3077 3718 3156 ῥᾴδιον,
3755 3080 3818 3129 ἐειι

2318 3179 2408 3226 καὶ
2465 3175 2566 3227 οἶοι
2620 3177 2756 3226 κατὰ
2803 3175 2973 3234 πάσας
3026 3169 3225 3244 σχεδὸν
3273 3176 3365 3225 καὶ
3421 3171 3584 3233 πόλεις
3619 3174 3823 3239 καίχνξις

2319 3271 2554 3337 Χριστοῦ
2619 3265 2874 3338 μάρτυρες
2951 3259 3357 3333 ἁνεδείχθησαν.
3442 3261 3742 3330 Ἀπανταχοῡ
3775 3273 3826 3325 μιν

2317 3351 2406 3406 οὖν
2472 3358 2718 3428 πρότερον
2787 3353 3078 3426 γράμματα
3151 3347 3394 3423 διεφοίτα
3472 3348 3700 3423 βασιλικὰ
3758 3347 3828 3400 νεὼς

2317 3447 2407 3516 μὲν
2451 3443 2522 3505 εἰς
2578 3439 2764 3514 ἔδαφος
2816 3440 3173 3507 καταϐάλλειν,
3229 3442 3438 3512 Γραφὰς
3491 3435 3547 3492 δὲ
3598 3439 3717 3496 θείας

2317 3541 2417 3594 νεῖς
2471 3536 2600 3604 πυρὶ
2657 3533 2912 3602 καθιστᾷν
2945 3547 2958 3561 ’
3014 3533 3134 3592 τούς
3183 3526 3286 3582 δ’ἐν
3318 3535 3495 3601 τιμαῖς
3545 3526 3590 3579 ἐν
3636 3516 3830 3595 ἀτίμῳιῖ-

2316 3643 2420 3686 ναι,
2493 3625 2583 3674 καὶ
2651 3624 2772 3682 τοὺς
2833 3620 3037 3681 οἰκέτας
3093 3618 3468 3691 ἐξομνυμένους
3529 3616 3753 3688 ἐλευθερίᾳ
3788 3629 3828 3659 τι·

2317 3717 2438 3784 μᾷν·
2469 3718 2701 3765 Τοιαῦτα
2725 3713 2814 3781 μὲν
2854 3711 2883 3769 ἡ
2918 3715 3097 3784 πρώτη
3137 3714 3371 3782 περιεῖχε
3410 3710 3579 3781 γραφή
3620 3721 3631 3734 ο
3677 3702 3725 3755 ού
3747 3701 3824 3752 πῶς

2319 3797 2377 3854 δε
2444 3797 2717 3869 διαλιπὼν,
2785 3804 2872 3851 καὶ
2946 3794 3167 3872 δέυτερα
3225 3799 3521 3869 κατέπεμπε
3598 3794 3825 3866 γράμματι,

2316 3893 2436 3950 τοὺς
2490 3897 2589 3940 τῶν
2638 3887 2924 3946 ἐκκλησιῶν
2973 3889 3247 3959 ἡγεμόνας,
3301 3886 3402 3943 ὅπη
3464 3887 3584 3937 ποτὶ
3632 3890 3716 3954 γῆς
3757 3873 3824 3933 lin.

2317 3975 2535 4052 δεσμοῖς
2588 3977 2992 4050 περιϐάλλεσθαι
3023 3995 3036 4008 ·
3080 3972 3169 4028 εἶτ’
3228 3974 3460 4046 ἀνάγκην
3529 3975 3605 4027 ὅτι
3656 3970 3825 4023 πλείσττι

2316 4067 2540 4140 ἐπάγειν,
2573 4071 2663 4119 καὶ
2691 4063 2941 4139 δαίμοσιν
2969 4064 3214 4120 ἐπιθύειν.

551 4153 632 4210 lia
656 4153 850 4209 edicta
871 4153 970 4226 (2),
998 4154 1294 4226 uttempla
1319 4154 1446 4210 solo
1459 4156 2089 4227 aequarentur,divinee
2118 4157 2435 4231 Scripturaa
2449 4155 2629 4229 444
2643 4156 3157 4219 comburerentur,
3176 4152 3565 4224 magistratus
3577 4153 3629 4207 et
3642 4149 3824 4204 honores

553 4249 822 4314 gerentes
855 4259 993 4299 cum
1023 4244 1356 4315 ignominia
1389 4244 1448 4299 in
1479 4245 1752 4300 ordinem
1774 4245 2201 4315 redigerentur,
2231 4248 2383 4304 servi
2401 4246 2920 4303 Christianismum
2948 4243 3294 4314 abjurantes
3321 4241 3589 4298 libertate
3611 4238 3826 4293 donaren-

557 4338 668 4388 tur.
721 4336 911 4404 Atque
957 4333 1086 4389 haac
1116 4332 1361 4405 quidem
1416 4335 1611 4405 prima
1665 4333 1887 4406 scripta
1913 4336 2464 4406 complectebantur
2497 4352 2510 4391 :
2541 4333 2760 4390 deinde
2809 4348 2950 4390 vero
2999 4347 3189 4404 parvo
3241 4329 3554 4388 intervallo
3605 4326 3705 4384 alia
3738 4323 3826 4377 sunt

552 4422 748 4478 edicta
777 4423 1105 4494 proposita,
1139 4422 1361 4495 quibus
1386 4423 1817 4495 imperabatur,
1850 4428 1912 4479 ut
1935 4423 2323 4483 ecclesiarum
2349 4424 2663 4498 praesides,
2699 4422 3042 4494 ubicunque
3072 4419 3343 4476 locorum
3373 4423 3589 4486 essent,
3617 4413 3826 4472 vinciren-

553 4519 700 4568 tur:
761 4517 943 4584 utque
989 4511 1237 4577 eisdem,
1287 4512 1750 4585 quibuscunque
1800 4513 1928 4569 ﬁeri
1981 4518 2178 4586 posset
2234 4515 2450 4587 modis,
2493 4513 2817 4571 necessitas
2869 4509 3250 4569 daemonibus
3303 4506 3668 4568 sacriﬁcandi
3697 4504 3824 4572 impo-

555 4607 816 4660 neretur.

1196 4729 1422 4786 CAPUT
1459 4729 1552 4789 1V.

2944 4729 3187 4779 ΚΕΦΑΛ.
3230 4721 3302 4779 Δ’.

559 4837 637 4894 De
666 4836 925 4894 moribus
953 4843 1299 4911 sanctorum
1309 4879 1320 4899 ,
1349 4838 1453 4908 qui
1475 4837 1538 4892 in
1562 4852 1632 4894 ea
1655 4837 2062 4906 persecutione
2079 4837 2210 4908 for-

2319 4839 2468 4911 Περί
2509 4841 2618 4888 τοῦ
2657 4836 2895 4909 τρόπου
2933 4839 3048 4885 τῶν
3087 4833 3254 4911 κατὰ
3289 4832 3394 4883 τὸν
3433 4825 3697 4900 διωγμόν
3721 4819 3823 4890 ἐγω·

1094 4909 1230 4965 titer
1260 4907 1665 4965 dec’ertarunt.
2081 4907 2087 4908 “

2408 4907 2418 4911 ⁷
2697 4907 2706 4909 ἡ
2922 4907 3320 4977 νισαμένων.

626 5015 712 5072 Ibi
740 5020 863 5072 tum
894 5014 1096 5072 videre
1121 5020 1267 5081 erat,
1299 5016 1523 5072 multos
1548 5032 1621 5072 ex
1646 5031 1716 5072 eo
1747 5031 1998 5072 numero
2021 5016 2208 5072 incre-

553 5105 766 5163 dibiles
789 5110 1224 5161 tormentorum
1255 5106 1552 5162 cruciatus
1574 5106 2054 5162 constantissime
2076 5121 2206 5177 per-

553 5197 724 5254 ferre.
757 5198 933 5250 Erant
961 5196 1140 5251 etiam
1170 5194 1274 5267 qui
1327 5195 1672 5251 animorum
1705 5195 2014 5266 torpedine
2046 5195 2204 5250 inﬁr-

551 5301 771 5354 mores,
827 5285 903 5340 ad
940 5285 1202 5356 primum
1245 5283 1522 5340 cederent
1573 5289 1876 5340 terrorem.
1921 5286 1985 5340 Et
2037 5284 2203 5340 varia

553 5391 700 5432 sane
729 5390 1040 5446 poenarum
1086 5373 1579 5446 proponebantur
1609 5389 1848 5446 genera.
1886 5374 1988 5429 Hic
2041 5374 2200 5430 enim

2385 5020 2685 5074 Τηνικαῡτα
2730 5009 2791 5071 ἧν
2852 5007 2979 5065 ἰδεῖν
3036 5009 3256 5072 πολλοὺς
3319 5017 3417 5062 τῶν
3467 5009 3690 5062 τοιούτων
3739 4996 3820 5068 ἀμύ-

2318 5107 2468 5164 θητόν
2520 5123 2637 5156 τινα
2694 5101 2934 5176 βασάνων
2976 5107 3157 5173 πεῖραν
3223 5107 3478 5175 καρτερῶς
3530 5093 3813 5167 διαφέροντες·

2312 5193 2335 5214 ’
2364 5201 2508 5248 Ησαν
2540 5189 2598 5246 δε
2643 5191 2692 5245 οἳ
2738 5191 2840 5244 κάκ
2891 5195 3096 5264 πρώτης
3142 5191 3300 5262 νάρκη
3347 5187 3527 5261 ψυχῆς
3574 5183 3817 5270 ademi“?

2311 5303 2414 5347 τες,
2458 5285 2784 5354 ὑπεχώρουν.
2828 5282 3057 5353 Διάφορα
3095 5276 3154 5332 δὲ
3191 5278 3540 5350 κολαστηρίων
3578 5269 3676 5330 εἴδη
3717 5269 3815 5338 πρτέ

2313 5371 2577 5440 ϐίϐληντο,
2634 5371 2694 5425 Ὀ
2732 5374 2821 5443 μὲν
2859 5373 2960 5445 γὰρ
3017 5371 3282 5443 μάστιγας
3333 5368 3448 5422 καθ’
3499 5367 3608 5420 ὅλου
3646 5366 3720 5415 τοῦ
3754 5373 3811 5407 σν·

657 5511 708 5576 t)
735 5509 820 5564 Al.
849 5508 1355 5566 Maximinianum
1387 5513 1621 5566 vocant.

652 5581 707 5652 2)
735 5583 804 5638 Ut
827 5581 941 5637 hoc
967 5581 1178 5638 eodem
1205 5586 1472 5653 tempore
1501 5580 1659 5638 feriis
1685 5579 2069 5639 Paschalibus
2095 5581 2317 5656 ubique
2337 5578 2523 5650 ﬁeret,
2550 5579 2887 5638 institutum
2920 5577 3394 5651 mandatumque
3416 5575 3617 5634 fuerat.
