4028 6294
153 308 284 364 1213

1208 301 1776 360 ΕΟΟΙΕΞΙΑΞΤΙΟἉΕ
1815 299 2179 356 HISTORLE
2218 299 2354 356 LIB.
2398 300 2510 355 VII.

3361 294 3502 353 12M

146 453 297 506 ματος
321 436 488 507 ἔφερεν
522 451 534 464 ·
571 433 596 484 ὀ
647 430 695 486 δ’
753 430 1108 506 ἐστρεϐλοῦτο,
1163 436 1251 482 καὶ
1287 439 1396 493 τοῖς
1425 431 1634 502 ξεσμοῖς
1683 430 1724 491 ἐς

1842 426 2083 498 ﬂagella
2099 442 2346 498 corpore
2362 431 2484 484 tota
2515 427 2870 500 perferebat,
2893 425 2987 483 ille
3019 429 3216 481 autem
3251 424 3498 481 constri-

147 521 298 595 βάθος
346 519 623 581 διήκουσιν
676 525 955 595 ἐκαρτέρει.
1010 523 1089 574 Ἐν
1130 522 1206 582 οἷς
1255 517 1388 578 ἦσαν
1445 522 1492 572 οἱ
1536 523 1625 570 καὶ
1674 524 1732 569 τό

142 620 230 664 τοῦ
280 611 398 684 βίου
431 617 590 686 πέρας
641 611 944 684 ἐλάμϐανον.
978 610 1159 662 Ἀλλοι
1208 607 1258 662 δ’
1315 609 1479 669 οἴλλως
1537 605 1732 678 διηγω-

141 706 353 764 νίζοντο.
409 701 468 753 Ὀ
514 705 603 772 μὲν
657 705 757 776 γάρ
831 721 911 760 τις
1149 701 1553 769 συνωθούμενος,
1619 704 1734 758 ταῖς

142 791 374 862 ἀνάγνοις
437 793 642 852 θυσίαις
711 796 1024 865 προσήγετο,
1103 794 1191 840 καὶ
1265 793 1336 859 μὴ
1411 790 1592 851 θύσας,
1669 787 1733 845 ὡς

140 883 359 940 τεθυκὼς
399 879 695 936 ἀπήλλακτο
730 901 742 912 ·
785 879 936 939 ἄλλος
975 875 1112 949 μηδὲ
1168 880 1234 930 τὰ
1284 876 1436 948 ἐναγῆ
1479 871 1728 941 κατιδὼν,

139 974 285 1041 μόνον
339 971 419 1021 ὃτι
462 969 614 1030 ἄλλος
666 972 837 1040 εἴρηκε
888 970 1174 1031 τεθυκέναῖ,
1238 974 1361 1038 σιγῇ
1415 969 1510 1023 τὴν
1573 983 1733 1016 συκο-

140 1064 345 1130 φαντίαν
408 1063 568 1132 φέρων
617 1057 774 1130 ἀπῄει
804 1075 815 1086 ·
869 1054 970 1108 ὅδ’
1015 1055 1250 1128 ἀπαίρων
1309 1058 1406 1122 ἔτι,
1445 1057 1510 1116 ὡς
1557 1055 1733 1110 τεθνη-

135 1153 239 1209 κὼς
285 1150 554 1200 παντάπαν
596 1146 886 1221 ἑρῥίπτετο·
943 1145 1088 1197 ἄλλοι
1129 1142 1178 1197 δ’
1235 1147 1421 1196 ἐκεῖνον
1478 1150 1584 1195 τοῖν
1642 1162 1732 1194 πο-

139 1235 245 1289 δεῖν
297 1239 555 1308 σύροντες,
613 1236 800 1302 εἷλκον,
841 1238 904 1295 ὡς
951 1233 1183 1286 κάκεῖνον
1241 1231 1731 1306 συμπαραλαϐόντες

137 1334 247 1386 τοῖς
287 1329 531 1397 θύμασιν.
593 1324 775 1386 Ἀλλος
836 1328 969 1395 μέγα
1013 1323 1239 1396 κραξων,
1323 1327 1416 1380 τὴν
1476 1340 1728 1392 συκοφαν-

135 1420 246 1466 τίαν
299 1413 615 1487 ἀπετρίϐετο,
672 1418 742 1484 μὴ
810 1415 969 1464 θῦσαι
1027 1409 1431 1482 διατεινόμενος.
1496 1409 1591 1480 ’Τῷ
1650 1407 1727 1478 δὲ,

134 1507 448 1578 Χριστιανός
491 1503 616 1574 εἰμι,
660 1507 792 1573 μέγα
851 1501 1000 1573 βοᾴν,
1038 1507 1230 1572 κόσμος
1264 1502 1346 1558 ἦν.
1400 1499 1607 1563 ”Αλλος,
1641 1502 1727 1563 ὡς,

133 1594 192 1646 ού
255 1595 468 1655 θύσειεν,
520 1589 644 1644 οὐδέ
694 1611 753 1661 γε
804 1593 977 1643 θύσειν
1027 1596 1229 1642 πώποτε
1283 1589 1505 1663 στερρῶς
1549 1585 1730 1640 διετείο

134 1701 258 1734 νετο.
292 1682 430 1736 Ἀλλ’
470 1678 593 1733 οὐδὲ
630 1681 774 1734 οὖτοι
815 1679 1084 1752 ἀπείρατοι
1125 1677 1303 1732 δεινῶν
1354 1677 1487 1738 ἦσαν
1517 1697 1529 1708 ·
1579 1698 1730 1749 στρα-

1843 522 1971 572 ctus
2000 515 2409 588 torquebatur,
2440 523 2495 572 et
2526 518 2780 586 ungulas
2813 516 2926 572 alte
2951 520 3326 588 penetrantes
3359 513 3500 570 tole-

1842 605 2142 662 rabat.Cui
2166 606 2460 678 supplicio
2490 606 2740 679 quidam
2763 606 2940 662 etiam
2978 604 3495 668 immoriebantur,

1844 702 1899 750 et
1930 696 2025 751 alii
2055 696 2222 750 aliter
2251 711 2386 749 cum
2412 695 2771 751 cruciatibus
2794 695 3196 750 luctabantur.
3241 693 3496 758 Quidam

1842 785 2019 839 etiam
2043 801 2147 856 per
2170 784 2513 840 violentiam
2535 787 2836 856 protracti,
2866 790 2920 839 et
2951 784 3026 838 ad
3059 784 3297 854 impura
3321 781 3499 837 sacri-

1841 872 1980 928 ﬁcia
2022 872 2284 934 adducti.
2338 889 2474 928 cum
2520 889 2638 928 uon
2671 871 3121 935 sacriﬁcassent,
3155 870 3261 926 sed
3298 875 3497 926 tamen

1843 961 2020 1017 veluti
2055 963 2508 1027 sacriﬁcassent,
2541 961 2709 1016 liberi
2739 961 3209 1016 dimittebantur.
3239 959 3501 1014 Invenie-

1841 1050 2062 1106 bantur
2083 1067 2346 1122 quoque,
2373 1051 2472 1122 qui
2490 1051 2858 1106 exsecranda
2877 1066 3047 1105 sacra
3062 1065 3135 1105 ne
3153 1048 3501 1120 conspexis-

1842 1148 1970 1194 sent
1999 1140 2240 1212 quidem
2264 1156 2276 1195 :
2296 1141 2398 1194 sed
2421 1139 2586 1212 quod
2603 1139 2680 1196 ab
2720 1139 2852 1194 aliis
2885 1137 3391 1208 sacriﬁcassejam
3414 1136 3500 1192 di-

1842 1235 2131 1292 cereutur,
2159 1229 2388 1284 silentio
2412 1229 2683 1284 fraudem
2743 1245 2877 1284 eam
2925 1234 2982 1283 et
3038 1226 3498 1300 sycophantiam

1843 1325 2103 1388 tegentes
2121 1317 2622 1390 abibant.Aliquis
2641 1317 2837 1373 adhuc
2851 1318 3084 1389 spirans
3102 1316 3498 1372 etdecedens-

1842 1411 2130 1479 tauquam
2152 1407 2278 1478 jam
2311 1413 2579 1462 mortuus
2614 1408 2863 1462 omnino
2899 1405 3325 1478 projiciebatur
3354 1421 3365 1460 :
3409 1409 3497 1460 at-

1840 1511 1957 1568 que
1983 1513 2120 1551 cum
2140 1497 2336 1566 ipsum
2364 1496 2458 1552 alii
2482 1496 2736 1567 pedibus
2763 1493 3290 1566 tractum,perinde
3317 1499 3497 1565 atque

1842 1601 1977 1640 cum
2011 1585 2139 1640 aliis
2169 1588 2640 1642 sacriﬁcaturum
2672 1585 3092 1656 corripiebant.
3125 1583 3352 1656 Aliquis
3374 1597 3500 1638 rur-

1842 1690 1974 1729 sum
1991 1677 2211 1743 ingenti
2235 1674 2494 1730 clamore
2515 1673 2872 1740 vociferans,
2905 1673 3232 1746 dolumque
3253 1679 3308 1727 et
3328 1687 3500 1744 syco-

129 1779 337 1843 τιωτικῇ
374 1767 433 1824 δε
479 1776 625 1844 χειρὶ
671 1774 804 1823 κατά
857 1777 1028 1842 στόμα
1064 1774 1355 1840 παιόμενοι,
1389 1769 1491 1831 πύξ
1530 1787 1582 1820 τε
1635 1787 1724 1820 πα-

1842 1765 2150 1837 phantiam
2183 1783 2219 1822 a
2276 1781 2337 1821 se
2386 1765 2698 1834 amoliens,
2736 1766 2981 1820 minime
3025 1780 3086 1818 se
3132 1763 3498 1818 sacrificasse

129 1867 287 1935 ρειαῖς
339 1866 427 1912 καὶ
493 1866 752 1934 πρόσωπα
807 1863 1154 1931 ἐντεινόμενοι,
1224 1858 1556 1921 ἐξηλαύνοντο
1624 1861 1727 1909 ἑπι-

129 1953 427 2021 τρεπόμενοι
469 1953 563 2006 τὴν
615 1955 791 2019 σιγήν.
848 1949 1028 2010 Οὖτως
1081 1949 1139 1999 ού
1196 1954 1348 2019 μόνον
1397 1949 1454 1997 τό
1511 1947 1728 2018 πρᾶξαι,

129 2037 258 2089 ἀλλά
310 2041 368 2089 τό
419 2034 570 2100 δόξαι
625 2037 815 2089 ἀνύσαι
866 2043 986 2111 περὶ
1039 2037 1280 2088 πλείστου
1348 2039 1627 2093 πεποίηντο
1683 2037 1730 2086 οἱ

126 2125 423 2201 ἀλάστορες,
489 2127 626 2180 ³Δλλ’
711 2127 769 2178 ού
825 2129 959 2179 κατὰ
1018 2135 1113 2178 τῶν
1172 2125 1375 2184 ἀληθῶν
1443 2133 1535 2184 τῆς
1590 2123 1730 2176 εύσε-

128 2214 272 2276 ϐείας
312 2214 608 2286 ἀγωνιστῶν
651 2221 832 2288 χώραν
876 2214 987 2286 εἶχε
1041 2222 1208 2266 ταυτα
1249 2218 1341 2265 καὶ
1386 2211 1681 2286 παρρησίαν
1710 2229 1723 2242 ·

124 2305 191 2355 ὧν
247 2309 343 2363 τὴν
397 2303 582 2376 ἀκριϐῆ
645 2307 780 2356 κατά
835 2308 984 2379 μέρος
1033 2300 1281 2375 διήγησιν
1337 2310 1485 2364 ποῖος
1537 2303 1596 2352 οἶν
1640 2300 1729 2375 ἀρ-

122 2413 282 2446 κασοι
307 2400 569 2466 παριστᾲν
599 2393 779 2464 λόγοςς

1841 1853 2140 1910 afﬁrmare
2164 1855 2598 1926 perseverabat.
2643 1854 2918 1910 Nonnulli
2959 1857 3313 1909 ornamento
3351 1857 3496 1916 erat,

1839 1944 1998 2015 quod
2016 1944 2414 1999 Christianum
2432 1961 2492 1998 se
2515 1960 2643 1999 esse
2669 1943 3002 1999 acclamare
3016 1941 3320 2014 pergebat.
3336 1941 3500 1996 Alius

1839 2049 1901 2086 se
1937 2048 2130 2105 neque
2161 2033 2551 2098 sacriﬁcasse,
2586 2049 2779 2105 neque
2828 2048 3094 2104 unquam
3131 2031 3496 2086 sacriﬁcatu-

1839 2135 1972 2177 rum
2013 2139 2162 2187 esse,
2213 2128 2552 2178 constanter
2592 2122 3010 2178 contendebat.
3046 2123 3260 2176 Verum
3308 2135 3382 2174 ne
3415 2119 3497 2174 illi

1838 2211 2084 2281 quidem
2118 2211 2416 2266 malorum
2444 2218 2715 2283 expertes
2746 2216 2912 2266 erant
2941 2226 2952 2263 :
2985 2209 3198 2265 milites
3219 2209 3496 2279 enimjpu-

1841 2300 1971 2369 guis
2000 2317 2088 2365 os,
2142 2299 2415 2355 maxillas
2467 2306 2522 2356 et
2571 2300 2750 2356 facies
2808 2315 3015 2355 eorum
3052 2297 3493 2362 diverbeantes,

1841 2388 2180 2460 pulsabant,
2211 2393 2390 2461 atque
2405 2405 2507 2444 eos
2532 2389 2700 2444 silere
2718 2390 2920 2458 jussos
2941 2386 3497 2458 repellebant.Adeo

120 2499 243 2538 non
279 2484 470 2538 solum
505 2485 550 2536 si
583 2484 744 2554 quod
773 2481 1054 2538 volebant
1085 2481 1494 2553 perfecissent,
1526 2479 1631 2535 sed
1663 2479 1894 2535 etiamsi
1924 2477 1982 2532 id
2025 2478 2341 2550 perfecisse
2383 2479 2941 2548 viderentur,pestes
2971 2475 3084 2532 illm
3117 2475 3356 2547 plurimi
3379 2475 3496 2530 du-

119 2572 483 2628 cebant.Sed
510 2573 637 2627 haec
667 2573 960 2627 adversus
1013 2587 1184 2625 veros
1214 2575 1271 2625 et
1319 2585 1640 2638 germanos
1694 2568 1928 2640 pietatis
1989 2577 2467 2638 propugnatores
2500 2573 2678 2640 atque
2705 2569 3102 2621 decertatores
3135 2565 3328 2620 locum
3373 2579 3494 2619 non

115 2661 428 2717 habebant
462 2678 473 2715 :
517 2677 775 2732 quorum
799 2661 1146 2715 constantiae
1173 2666 1229 2714 et
1257 2657 1620 2714 fortitudinis
1673 2664 2017 2713 accuratam
2071 2657 2435 2729 plenamque
2476 2655 3112 2712 commemorationem
3165 2653 3328 2710 nulla
3358 2669 3494 2724 pro-

121 2749 280 2806 fecto
304 2754 496 2822 potest
537 2751 778 2822 exsequi
812 2749 1021 2804 oratio.

759 2868 1000 2919 ΚΕΦΑΛ.
1031 2864 1104 2917 Ε’.

759 2868 1000 2919 ΚΕΦΑΛ.
1031 2864 1104 2917 Ε’.
1761 2863 1801 2919 C

122 2958 281 3026 Περὶ⁹
340 2963 450 3007 τοῦ
515 2957 582 3006 τὸ
643 2951 957 3014 δυσσεϐὲς
1015 2957 1405 3024 πρόσταγμα
1463 2949 1726 3027 διαρ’ἠ-

191 3027 426 3090 ξαντος
466 3025 522 3078 ἐν
556 3024 981 3097 Νικομηδείᾳ,
1017 3032 1122 3077 καὶ
1162 3035 1278 3077 τῶν
1319 3026 1438 3077 ἀπὸ
1478 3033 1588 3086 τῆς
1622 2972 1725 3097 βαι

191 3024 426 3090 ξαντος
466 3025 522 3078 ἐν
556 3024 981 3098 Νικομηδείᾳ,
1017 3032 1122 3077 καὶ
1162 3035 1278 3077 τῶν
1319 3026 1438 3077 ἀπὸ
1478 3024 1588 3086 τῆς

192 3099 460 3160 σιλικῆς
499 3099 712 3160 οἰκίας
749 3101 1332 3172 μαρτυρησάντων.

192 3212 409 3280 Πρῶτος
465 3209 632 3258 τοίνυν
672 3214 768 3258 τῶν
826 3203 1096 3275 ἐπισήμων
1145 3204 1273 3278 ἀνήρ
1332 3223 1428 3266 τις,
1478 3208 1568 3256 καὶ
1625 3210 1724 3256 τῶν

102 3295 468 3367 νομιζομένων
548 3298 596 3348 ἓν
678 3297 1060 3366 ὕπερεχούσαις
1135 3292 1327 3366 ἀρχαῖς
1411 3289 1722 3365 διαπρέψαι,

107 3387 235 3457 ἅμα
283 3393 356 3454 τῷ
414 3389 506 3442 τὴν
558 3388 763 3455 γραφὴν
825 3386 960 3435 κατά
1007 3391 1097 3442 τῆς
1149 3381 1410 3442 εὐσεϐείας
1469 3381 1723 3453 ἀναγινώ-

107 3476 346 3528 σκεσθαι
394 3477 528 3526 κοιτά
584 3470 963 3544 Νικομήδειαν,
1013 3472 1152 3542 ζήλῳ
1205 3473 1320 3542 θείῳ
1351 3473 1591 3545 ῥωσθεὶς,
1635 3477 1723 3525 καὶ

103 3568 203 3621 τὴν
264 3559 486 3633 καρδίαν
534 3562 905 3637 πυρποληθεὶς,
969 3564 1038 3621 ὡς
1091 3563 1244 3630 ἐναγῆ
1306 3579 1359 3612 τε
1409 3566 1498 3612 καὶ
1546 3561 1720 3631 ἑξάγιο

108 3657 249 3705 στὸν
303 3655 387 3704 ἰπὶ
445 3655 606 3721 μέσου
661 3648 728 3709 δὴ
779 3655 1120 3722 προκειμένην
1176 3649 1365 3717 λαϐὼν,
1429 3650 1500 3711 εἰς
1563 3650 1722 3702 λεπτά

105 3739 409 3812 διατέμνων
441 3740 731 3814 ἐσπαραττε
763 3760 774 3772 ·
832 3746 922 3792 καὶ
959 3747 1126 3791 ταῦτα
1165 3744 1254 3792 καὶ
1288 3747 1388 3790 τῶν
1433 3736 1530 3791 δύο
1563 3737 1718 3812 βασι-

101 3831 241 3883 λέων
288 3840 349 3903 τῇ
401 3831 543 3882 πόλει
601 3826 1012 3901 ἐπιδημούντων.
1059 3836 1223 3881 Τοῦτο
1283 3833 1446 3880 τοίννν
1492 3824 1716 3900 δράσας,

101 3926 204 3974 καὶ
260 3924 329 3982 ὡς
368 3920 450 3972 ἐπὶ
480 3925 712 3992 μεγίστῳ
744 3919 1058 3990 τολμήματι,
1111 3914 1196 3969 οἶα
1223 3918 1283 3975 ἧν
1325 3917 1477 3978 εἰκός,
1519 3919 1716 3984 παθὼν,

102 4011 252 4082 ἀῖχρι
292 4006 360 4067 δὴ
399 4015 489 4060 καὶ
536 4008 606 4070 εἰς
645 4011 875 4079 ἔσχατον
911 4014 1170 4066 ἀναπνοῆς
1210 4009 1268 4058 τό
1316 4013 1544 4076 γενναῖον
1583 4013 1721 4080 πρω-

101 4119 211 4159 τως
266 4104 355 4150 καὶ
402 4101 702 4170 καρτερικὸν
761 4099 808 4148 ἔν
857 4116 909 4148 τε
960 4096 1233 4170 παρρησία
1279 4100 1368 4146 καὶ
1418 4095 1585 4146 οἶθλων
1636 4095 1721 4146 ἀλ-

102 4189 354 4248 λοκότοις
405 4190 673 4260 ἂπιφοραῖς
746 4186 993 4257 λαμπρῶς
1047 4181 1370 4244 ἀνεδείζατο.
1428 4187 1572 4236 Μετὰ

100 4286 296 4330 τοῦτον
342 4279 391 4328 οἱ
430 4280 566 4328 κατά
607 4279 727 4336 τοὺς
771 4273 1072 4347 βασιλικοὺς
1120 4277 1315 4338 οἴκους,
1357 4275 1406 4325 οἱ
1455 4279 1568 4346 περὶ
1628 4278 1719 4326 Πέ-

99 4388 235 4440 τρον
287 4371 419 4438 φημὶ
472 4371 561 4418 καὶ
617 4367 890 4439 Δωρόθεον,
943 4360 1240 4434 Μυγδόνιόν
1286 4383 1339 4414 τε
1389 4367 1474 4415 καὶ
1536 4368 1722 4436 Γοργό-

99 4476 241 4523 νιον,
291 4464 391 4507 τῶν
452 4461 659 4507 πώποτε
714 4457 1166 4524 μνημονευομένων
1215 4455 1263 4504 ἓν
1315 4471 1369 4503 τε
1436 4449 1721 4524 βαρϐάροις

97 4551 200 4598 καὶ
258 4544 502 4602 Ἕλλησιν
556 4543 632 4596 ἐπ’
686 4539 882 4616 ἀνδρίᾷ
925 4544 1170 4613 γεγόνασι
1221 4538 1515 4598 διαϐόητοι.
1561 4542 1720 4604 Δόξης

95 4637 212 4708 γὰρ
271 4633 562 4706 ἀρκούντως
603 4639 708 4692 τοῖς
763 4629 1045 4692 δεσπόταις
1095 4631 1388 4702 ἠξιωμένοι,
1442 4632 1506 4689 ὡς
1553 4628 1718 4701 μηδὲν

94 4721 278 4777 ἐνδεῖν
339 4730 436 4774 τῶν
483 4726 711 4793 γνησίων
760 4717 964 4773 παίδων
999 4723 1120 4772 ὅσον
1164 4723 1228 4771 τά
1277 4718 1324 4780 ἐς
1365 4717 1623 4786 διάθεσιν,
1672 4719 1718 4771 ἐν

95 4809 287 4865 οὐδενὶ
320 4820 480 4864 ταῦτα
519 4817 608 4864 καὶ
647 4815 740 4868 την
784 4810 940 4867 οἰλλην
997 4818 1088 4862 τοῦ
1131 4809 1252 4882 βίον
1305 4813 1498 4866 σκηνὴν
1555 4808 1722 4880 ἐλογί-

100 4916 318 4954 σαντο⁶
401 4905 470 4962 ὡς
516 4905 573 4953 τό
631 4901 756 4974 ὑπὲρ
811 4906 1046 4972 Χριστοῦ
1095 4901 1274 4951 παθεῖν
1355 4897 1578 4966 ἑλέσθαι,
1631 4903 1718 4950 καὶ

96 4995 243 5066 πρὸς
291 4994 358 5043 τὰ
412 4993 566 5042 καινά
624 4997 722 5043 τῶν
783 4987 1028 5061 βασάνων
1085 4993 1268 5046 καινὴν
1320 4983 1719 5040 ἐπιδείκνυσθαι

96 5087 198 5134 καὶ
257 5085 353 5139 τὴν
399 5082 715 5152 προθυμίαν.
765 5086 843 5138 Ὠς
893 5081 994 5150 γὰρ
1051 5076 1288 5152 ἐφωράθη
1350 5082 1559 5150 Πέτρος,
1622 5077 1716 5128 εἶλ-

98 5189 226 5222 κετο
282 5167 376 5221 διὰ
422 5174 589 5240 μέσης
641 5177 732 5230 τῆς
787 5163 1159 5237 Νικομηδείας.
1218 5167 1359 5219 Ἐπεὶ
1419 5164 1467 5218 δ’
1520 5165 1719 5236 ἀπηγο-

98 5278 226 5334 ρευε
277 5261 436 5323 θύειν,
484 5262 680 5330 γυμνός
728 5259 1000 5329 μετάρσιος
1058 5259 1278 5328 αἰρεται,
1342 5260 1430 5307 καὶ
1494 5253 1718 5324 ἀφειδῶς

99 5349 440 5412 κατεξαίνετο
471 5367 482 5379 ·
537 5352 622 5399 ῖνα
663 5346 756 5399 κᾶν
805 5349 941 5398 οἴκων
981 5344 1294 5410 ἐκϐιασθεὶς,
1345 5345 1372 5396 ὅ
1429 5343 1718 5418 ἀπηγόρευε

103 5437 380 5514 δράσειεν.
446 5446 521 5500 Ως
572 5434 629 5490 δε
686 5441 774 5489 καὶ
815 5439 889 5489 ἔτι
922 5434 1200 5488 ἀνθίστατο
1243 5438 1591 5506 γενναιότερον
1618 5442 1716 5485 τῶν

2393 2861 2570 2935 445
2609 2862 2834 2918 CAPUT
2872 2862 2937 2915 v.

1839 2951 1918 3006 De
1947 2967 2010 3007 eo
2031 2953 2390 3016 Christiano,
2406 2953 2510 3023 qui
2532 2951 2890 3007 Nicomediae
2906 2950 3148 3021 impium
3178 2950 3495 3023 imperato-

1910 3024 1992 3077 ris
2022 3025 2270 3080 edictum
2300 3021 2630 3094 concerpsit
2653 3041 2668 3077 :
2690 3032 2743 3078 et
2770 3023 2842 3078 de
2872 3025 2948 3078 eis
2974 3023 3077 3092 qui
3105 3037 3179 3078 ex
3191 3021 3492 3090 ipsiusim-

1907 3097 2200 3164 peratoris
2221 3097 2362 3152 aula
2392 3095 2682 3166 martyrio
2715 3101 2850 3150 sunt
2872 3095 3206 3164 perfuncti.

1909 3206 1987 3258 Ex
2015 3203 2438 3260 celebrioribus
2471 3203 2607 3258 viris
2639 3202 3160 3274 quidam,magnis
3179 3200 3497 3256 defunctus

1836 3292 2190 3360 honoribus,
2210 3293 2305 3347 ubi
2329 3292 2677 3349 Nicomediae
2700 3291 2958 3347 edictum
2977 3298 3185 3346 contra
3214 3291 3495 3361 pietatem

1838 3381 1950 3450 legi
1991 3382 2277 3448 audisset,
2329 3381 2542 3438 ardore
2600 3381 2804 3436 divino
2857 3381 3272 3443 confirmatus,
3315 3384 3494 3450 atque

1836 3471 2214 3527 aemulatione
2233 3471 2568 3526 vehementi
2592 3472 2649 3525 in
2669 3471 2873 3525 animo
2897 3486 3006 3524 suo
3034 3470 3335 3533 incensus,
3355 3467 3494 3522 scri-

1834 3565 2002 3632 ptum
2037 3560 2116 3622 id,
2144 3567 2204 3614 ut
2229 3561 2426 3615 dirum
2456 3566 2512 3615 et
2547 3559 3004 3624 exsecrandum,
3040 3557 3213 3611 sicuti
3258 3555 3493 3627 publica

1835 3651 2209 3721 propositum
2264 3657 2405 3718 erat,
2444 3650 2714 3720 arripuit,
2742 3654 2923 3719 atque
2968 3648 3026 3702 in
3049 3645 3491 3702 minutissimas

1835 3745 2034 3809 partes
2064 3738 2371 3802 conscidit,
2405 3754 2540 3792 cum
2591 3737 2836 3808 quidem
2868 3753 2940 3792 ea
2966 3737 3024 3791 in
3071 3734 3216 3790 urbe
3245 3740 3490 3805 uterque

1834 3826 2148 3898 imperator
2174 3827 2566 3892 adesset.Quo
2593 3827 2920 3882 commisso
2953 3823 3490 3895 facinore,perinde

1835 3923 1931 3987 atq
1945 3932 2013 3970 ue
2028 3917 2084 3970 in
2099 3916 2507 3971 audacissimo
2522 3922 2700 3987 atque
2716 3916 2982 3970 maximo
2995 3912 3491 3982 crimine,gravis-

1835 4007 2018 4062 simas
2037 4005 2245 4076 quales
2271 4005 2582 4060 verisimile
2604 4010 2726 4060 erat
2753 4020 2890 4059 eum
2921 4003 3262 4058 subiturum
3282 4017 3491 4074 pmuas

1832 4094 2300 4167 pendens(t),ad
2327 4100 2648 4149 extremum
2666 4109 2853 4164 usque
2869 4091 3488 4164 spiritum,propalam

1663 4181 1721 4237 δὲ
1756 4209 1800 4264 D
1833 4185 1892 4239 in
1918 4185 2170 4238 summis
2197 4183 2796 4254 exquisitissimisque
2824 4183 3193 4238 cruciatuum
3236 4187 3491 4236 tormen-

1835 4274 1925 4337 tis,
1975 4273 2230 4328 liberum
2287 4273 2451 4327 illum
2492 4287 2672 4344 quem
2734 4272 2898 4343 prius
2964 4270 3275 4334 habuerat,
3309 4284 3489 4338 gene—

1831 4377 2162 4433 rosumque
2183 4367 2239 4417 et
2264 4367 2635 4416 constantem
2663 4361 2935 4416 animum
2963 4357 3488 4428 magniﬁceosteu-

1829 4451 1936 4506 dit.
1997 4449 2339 4506 Secundum
2387 4450 2568 4515 hunc,
2610 4451 3037 4521 imperatorum
3091 4447 3401 4503 domestici
3431 4450 3490 4501 et.

1830 4540 2173 4605 familiares,
2202 4542 2422 4607 Petrus,
2458 4537 3174 4608 Dorotheus,.\lygdonius
3195 4543 3249 4590 et
3273 4538 3490 4606 Gorgo-

1829 4631 1986 4694 nius,
2017 4630 2289 4685 omnium
2305 4629 2692 4700 quiunquam
2708 4628 2869 4698 apud
2903 4626 3141 4682 Graecos
3173 4631 3228 4681 et
3266 4625 3487 4680 Barba—

1829 4734 1925 4774 ros
2001 4718 2280 4774 celebrati
2355 4723 2511 4780 sunt,
2562 4716 2922 4772 fortitudinis
2987 4715 3166 4771 laude
3224 4714 3486 4769 maxime

1829 4811 2194 4879 praestantes,
2234 4822 2373 4862 cum
2422 4805 2664 4860 abunde
2705 4806 2895 4875 gratia
2945 4809 3001 4858 et
3052 4803 3486 4859 existimatione

1828 4896 1990 4968 apud
2017 4897 2191 4952 heros
2243 4911 2383 4950 suos
2438 4895 2521 4950 ita
2548 4895 2858 4965 pollerent,
2903 4899 2964 4948 ut
2995 4893 3104 4948 illis
3131 4908 3251 4947 non
3284 4891 3483 4946 minus

1827 5003 2014 5059 quam
2045 4985 2314 5057 germani
2341 4985 2441 5039 filii
2471 4985 2632 5040 chari
2675 4990 2890 5048 essent,
2925 4999 3034 5054 pro
3067 4982 3252 5037 nihilo
3282 4987 3484 5037 tamen

1829 5092 1900 5131 ea
1929 5076 2134 5130 omnia
2161 5073 2574 5147 reliquamque
2601 5073 2732 5128 vitae
2756 5073 2936 5143 hujus
2967 5087 3210 5127 scenam
3237 5070 3480 5138 duxere,

1829 5181 1952 5237 prae
1978 5181 2048 5219 eo
2076 5170 2137 5219 ut
2165 5179 2269 5234 pro
2303 5163 2529 5220 Christo
2562 5167 2920 5234 paterentur,
2945 5167 3001 5216 et
3031 5161 3110 5216 ad
3147 5176 3338 5216 novos
3361 5175 3484 5216 car-

1830 5254 2071 5309 niﬁcum
2088 5254 2384 5308 cruciatus
2403 5268 2623 5307 novam
2643 5250 2819 5306 etiam
2845 5251 3184 5306 animorum
3204 5249 3485 5305 afferrent

1831 5343 2366 5414 promptitudinem
2410 5347 2464 5396 et
2514 5340 2902 5396 alacritatem.
2961 5343 3164 5395 Petrus
3218 5353 3482 5411 namque

1832 5432 2436 5505 comprehensus,per
2451 5429 2690 5487 mediam
2703 5429 3095 5489 Nicomediam
3109 5433 3434 5485 esttractus
3465 5446 3478 5484 :

182 5589 266 5662 (1)
299 5595 530 5643 Τοιαῦτα
551 5586 634 5642 οἶα
662 5591 753 5641 καὶ
784 5587 918 5649 εἰκός
948 5583 1008 5646 ἧν
1030 5587 1329 5658 ὑπομείνας.
1363 5583 1574 5641 Euseb.
1604 5583 1706 5642 lib.

1845 5626 1859 5652 ,
1892 5599 2026 5658 cap.
2058 5587 2111 5639 5.
