4028 6294
578 246 718 302 1215

1929 244 2317 303 NICEPHORI
2355 244 2672 302 CALLISTI
3713 263 3788 319 liii

584 374 766 443 atque
795 370 898 426 ubi
921 369 1258 427 simulacris
1291 386 1464 428 sacra
1494 370 1706 428 oﬂerre
1736 370 1947 436 renuit,
1969 370 2237 427 denuda-

2356 372 2547 424 ὀστέων
2615 367 3026 444 διαφαινομένων
3081 369 3188 432 ήδη
3251 373 3408 445 αύτῷ,
3473 378 3562 440 ὄξος
3607 386 3675 433 σὺν
3712 385 3782 440 i‘m

587 467 701 525 tus,
735 465 912 532 atque
943 459 1003 515 in
1051 460 1307 516 sublime
1343 476 1697 531 suspensus,
1721 459 2128 516 crudelissime
2153 465 2242 516 est

585 550 1018 616 diverberatus,
1075 556 1136 607 ut
1195 551 1284 606 vel
1333 551 1574 615 invitus,
1609 556 1666 606 et
1713 551 1889 606 tantis
1934 550 2243 605 tormentis

581 639 854 704 adactus,
883 640 1049 712 quod
1069 645 1477 705 recusaverat,
1512 638 1705 695 facere
1761 644 2092 708 cogeretur.
2127 638 2243 694 Sed

586 727 747 784 enim
779 744 917 784 cum
953 729 1129 784 etiam
1155 735 1280 784 tum
1312 728 1537 784 fortiter
1567 731 1624 783 in
1647 728 1937 785 sententia
1970 730 2238 800 persiste-

581 821 686 882 ret,
720 823 777 872 et
799 817 930 888 jam
956 832 1100 874 Ossa
1130 816 1458 886 ﬂagrorum
1492 815 1861 890 fustiumque
1883 817 2100 874 ictibus
2133 833 2239 872 uu-

584 905 726 962 data
757 913 1134 977 apparerent,
1169 906 1355 962 salem
1404 912 1574 963 aceto
1617 907 1857 962 mistum
1908 911 2156 963 tortores
2183 905 2240 961 in

586 995 861 1051 membra
901 994 1236 1051 difﬂuentia
1273 995 1620 1052 infuderunt
1645 1001 1823 1067 atque
1853 994 2233 1052 intriverunt.

588 1085 702 1140 Sed
733 1090 789 1140 et
834 1085 948 1141 hoc
993 1091 1356 1141 tormentum
1388 1102 1524 1142 cum
1569 1085 1662 1141 ille
1694 1091 2056 1156 superasset,
2088 1085 2243 1156 ignis

584 1177 678 1229 est
699 1179 1054 1239 constratas,
1087 1181 1144 1230 et
1174 1175 1462 1230 craticula
1494 1174 1682 1246 posita
1714 1191 1727 1229 :
1753 1189 1932 1245 super
1963 1174 2120 1230 hanc
2149 1173 2243 1230 ille

583 1261 908 1318 collocatus
944 1279 958 1317 :
995 1263 1078 1318 sic
1096 1279 1305 1319 carnes
1324 1265 1528 1336 ipsius,
1554 1263 1808 1319 aliarum
1836 1263 2098 1318 edulium
2119 1279 2244 1319 car-

583 1351 752 1407 nium
779 1352 984 1416 instar,
1015 1352 1304 1424 paulatim
1336 1353 1455 1424 igni
1491 1359 1657 1409 tostas
1678 1360 1855 1424 atque
1885 1351 2048 1408 {rixas
2071 1357 2234 1408 sunt.

584 1443 651 1496 Et
668 1440 980 1496 carniﬁces
1000 1457 1121 1497 non
1153 1443 1317 1514 prius
1341 1459 1401 1496 se
1425 1457 1783 1497 remissuros
1811 1443 2147 1514 quidquam
2168 1441 2243 1498 de

583 1529 763 1586 tantis
796 1530 1124 1602 suppliciis,
1157 1547 1342 1603 quam
1373 1531 1464 1586 ille
1491 1532 1788 1603 imperata
1822 1532 2072 1596 fecisset,
2107 1546 2244 1586 con-

583 1618 931 1675 ﬁrmabant.
966 1621 1065 1675 Ille
1096 1625 1297 1676 autem
1331 1637 1468 1676 cum
1507 1626 1660 1676 totus
1689 1621 1748 1676 in
1791 1637 1860 1676 eo
1909 1627 2089 1684 esset,
2131 1620 2244 1676 far-

583 1707 714 1763 titer
759 1707 872 1762 illis
914 1709 1230 1775 resisteret,
1262 1710 1322 1765 in
1370 1711 1517 1780 ipsis
1559 1711 1733 1766 tantis
1764 1709 2126 1765 cruciatibus
2157 1710 2244 1765 vi-

586 1796 788 1853 ctoriae
831 1813 1055 1854 corona
1103 1803 1350 1855 ornatus
1389 1798 1668 1854 decessit.
1724 1805 1804 1854 Ac
1857 1798 1954 1854 ille
2000 1799 2244 1872 quidem

2352 460 2613 531 μίξαντες,
2693 465 2829 514 κατὰ
2902 470 3002 513 τῶν
3067 458 3421 516 διασαπέντων
3471 467 3600 538 μελῶν
3659 469 3783 542 ﬁlim;

2353 548 2635 623 ἀνέτριϐον.
2689 549 2774 611 Ὠς
2823 547 2882 603 δι
2947 556 3036 604 καὶ
3089 554 3281 604 τούτων
3344 555 3585 629 ὑπέρτερος
3624 560 3684 628 ἦν,
3734 567 3787 616 ἀει.

2354 657 2555 713 στρωτο
2609 647 2735 713 πῦρ,
2775 645 2861 692 καὶ
2918 641 3127 716 έσχάρα
3178 661 3249 712 τῳ
3294 647 3417 714 πυρὶ
3468 643 3684 700 ἐπετίθετο.
3712 649 3792 706 Ὀὅε
3885 671 3888 674 ‘

2352 727 2542 780 ἄνωθεν
2593 728 2800 787 ἣπλωτο
2835 746 2846 758 ⁸
2882 734 3072 800 καὶτῷ
3133 736 3259 804 πυρὶ
3289 735 3420 784 κατά
3461 732 3616 806 βραχύ
3660 740 3796 808 οἰσέτω,

2353 814 2512 875 δίκην
2557 814 2832 890 ἐδωδίμων
2888 827 3047 893 κρεῶν
3120 819 3597 893 ἁποτηγανιζόμεναι
3649 822 3801 881 Julian
3885 849 3892 893 f.

2355 910 2420 959 Oi
2473 904 2532 960 δὲ
2561 912 2650 960 καὶ
2687 910 2820 980 μετὰ
2857 914 3092 960 τοσαῦτα
3135 909 3194 960 ού
3248 915 3366 983 πρὶν
3417 911 3587 964 ἀνεῖναι
3621 911 3804 969 timum

2353 999 2545 1070 μέχρις
2583 995 2643 1048 ἃν
2700 1001 2757 1049 τὸ
2801 999 3139 1069 προσταχθὲν
3185 999 3470 1056 ἐκτελέσειε.
3521 1006 3604 1054 Καί
3633 1003 3670 1072 γ’
3705 1003 3808 1067 inin;

2351 1085 2466 1146 ὅλος
2506 1093 2598 1148 τῆς
2641 1086 2933 1148 ἔνστάσεως
2981 1088 3069 1153 ὧν,
3120 1086 3198 1139 ἔπ’
3237 1087 3420 1150 αὐταῖς
3473 1087 3685 1162 βασάνοις
3711 1113 3811 1164 stist-

2351 1180 2493 1235 νίτης
2551 1172 2826 1248 ἀνέδραμε.
2881 1183 3124 1228 Τοιοῦτον
3173 1179 3263 1248 μεν
3319 1174 3404 1230 οὖν
3447 1182 3594 1249 τούτῳ
3630 1185 3674 1231 τὸ
3711 1183 3809 1243 τεὶις·
3901 1183 3903 1200 ⁵

2352 1265 2410 1316 ού
2442 1271 2584 1336 μεῖον
2625 1261 2674 1317 δ’
2727 1268 2853 1326 ἴσως
2901 1270 2991 1318 καὶ
3041 1274 3150 1328 τοῖς
3197 1267 3395 1329 λοιποῖς
3423 1285 3434 1297 ·
3483 1268 3515 1320 οἱ
3551 1269 3679 1339 λόγου
3710 1290 3808 1341 mp-

2352 1358 2504 1425 τρίας
2560 1349 2855 1426 φειδόμενοι
2906 1355 3310 1426 παραλείψομεν,
3357 1365 3505 1409 τοῦτο
3561 1363 3687 1428 μόνον
3725 1360 3806 1410 tita-

2351 1461 2434 1502 τες
2478 1444 2547 1504 ὡς
2612 1442 2794 1496 ἐκεῖνοι
2845 1446 2976 1516 μετὰ
3026 1443 3218 1506 πολλὰς
3282 1450 3372 1497 καὶ
3438 1445 3806 1518 ἀφορήτους

2351 1550 2470 1592 νους
2500 1529 2689 1604 βρόχῳ
2720 1539 2811 1584 τοῦ
2852 1532 2947 1604 ζῇν
2980 1530 3378 1604 ἀπηλλάγησαν.
3423 1535 3489 1586 Οἱ
3536 1531 3595 1593 δή
3633 1538 3807 1596 irai-nm;

2351 1624 2730 1695 προσηκούσης
2799 1620 2950 1682 ὁσίας
3019 1626 3286 1693 τυχόντες,
3339 1624 3492 1675 ἔπειτ’
3558 1623 3812 1696 ἁνορυχθὸτις,

2351 1718 2552 1782 μυχοῖς
2598 1709 2890 1770 θαλλατίοις
2933 1710 3395 1786 έναπορῥίπτονται
3428 1729 3441 1741 ⁶
3485 1715 3549 1773 ὡς
3591 1712 3641 1764 ἂν
3663 1733 3818 1784 757m,

2352 1803 2422 1870 μὴ
2457 1797 2505 1850 έν
2536 1803 2778 1870 μνήμασι
2802 1802 3049 1870 κείμενοι.
3079 1801 3183 1852 θεοὶ
3207 1802 3513 1872 νομισθεῖεν.

3889 540 3893 616 ⁴

3889 874 3901 1046 ἦ

3905 1318 3907 1384 ι

588 1887 876 1958 martyrio
906 1887 986 1943 ita
1024 1891 1116 1943 est
1138 1888 1474 1944 defunctus.
1509 1888 1734 1960 Reliqui
1755 1894 1954 1944 autem
1989 1904 2108 1944 non
2138 1889 2337 1943 minus
2373 1886 2627 1943 fortasse
2669 1894 3104 1943 tormentorum
3133 1889 3448 1960 pertulere,
3487 1906 3612 1962 quas
3639 1890 3830 1945 brevitatis

583 1991 770 2031 causa
792 1977 1298 2046 pemtermittimus
1330 1994 1340 2032 :
1371 1977 1586 2034 etillud
1629 1977 1922 2034 duntaxat
1953 1977 2269 2048 adjicimus
2307 1992 2410 2032 eos
2444 1982 2580 2048 post
2612 1976 2828 2032 multos
2869 1977 3473 2050 insustentabilesque
3515 1979 3754 2034 cruciatus
3777 1994 3834 2050 ιο

586 2071 808 2120 stremo
838 2065 1054 2138 laqueo
1095 2068 1219 2122 vint
1271 2067 1514 2124 ﬁniisse.
1549 2067 1728 2142 446
1772 2069 1882 2134 Qui
1946 2083 2156 2122 omnes
2205 2066 2619 2138 exsequiarum
2668 2065 2917 2138 quidem
2957 2073 3012 2122 et
3055 2067 3372 2138 sepultura:
3410 2068 3569 2139 justa
3622 2067 3835 2126 consecuti.

583 2153 800 2209 deinde
828 2170 968 2212 vero
997 2153 1213 2222 effossi,
1248 2157 1311 2212 in
1347 2173 1510 2213 mare
1537 2166 1677 2213 sunt
1708 2156 1959 2228 conjecti
1987 2174 2001 2211 :
2038 2161 2096 2212 ut
2135 2170 2229 2222 ne,
2271 2155 2442 2211 sicuti
2498 2155 2828 2221 dicebatur,
2862 2156 2923 2210 in
2954 2155 3245 2228 sepulcris
3290 2156 3492 2228 positi,
3525 2156 3599 2212 dii
3623 2156 3830 2226 essejudi-

590 2249 885 2300 carentur.

1230 2367 1460 2424 CAPUT
1496 2367 1584 2423 VI.

589 2473 675 2528 De
699 2475 862 2530 beato
888 2474 1051 2530 obitu
1078 2475 1290 2546 viginti
1325 2475 1581 2532 millium
1621 2475 1686 2531 in
1719 2474 2061 2531 Nicomedia
2086 2488 2245 2530 mar-

666 2549 866 2616 tyrum
899 2564 918 2602 :
944 2551 999 2603 et
1039 2547 1112 2603 de
1156 2547 1305 2604 Inde
1330 2548 1624 2614 eunucho,
1648 2555 1700 2604 et
1742 2548 1984 2610 Damna,
2014 2549 2245 2615 marty-

661 2617 846 2674 ribus.

663 2726 797 2778 Post
829 2724 941 2780 hoc
975 2726 1206 2781 Domna
1224 2725 1414 2794 virgo,
1446 2730 1503 2781 et
1531 2724 1706 2780 lndes
1738 2723 2147 2780 cunuchorum
2179 2723 2244 2778 ﬁ-

589 2812 958 2878 delissimus,
987 2813 1046 2868 in
1072 2813 1366 2884 judicium
1410 2823 1549 2869 sunt
1587 2813 1881 2885 producti.
1917 2813 2242 2885 Postquam

589 2902 750 2959 enim
779 2903 1039 2958 Antbimi
1095 2903 1457 2959 Nicomediae
1505 2904 1768 2976 episcopi
1796 2903 2156 2958 institutione
2189 2907 2243 2956 et

590 3006 776 3060 opera
796 2992 1061 3048 divinam
1085 2993 1386 3048 consecuti
1412 2993 1646 3048 fuerant
1663 2990 2240 3064 gratiam,quidquid

587 3079 997 3136 habuerautin
1026 3082 1316 3152 imperiali
1347 3081 1484 3137 aula
1501 3081 1806 3144 favoris,id
1831 3097 2012 3136 omne
2035 3081 2237 3135 foven-

589 3168 682 3224 dis
702 3169 1107 3242 curandisque
1137 3171 1504 3242 pauperibus
1535 3171 2070 3241 insumpseruntEt
2101 3185 2238 3224 cum

592 3257 986 3314 Diocletianus
1034 3260 1472 3330 expeditionem
1519 3259 1791 3315 bellicam
1833 3259 2120 3314 adversus
2161 3260 2240 3330 (1)

587 3346 892 3419 ιΕὼὶορθε
918 3349 1292 3419 suscepisset,
1325 3348 1637 3420 praefectus
1667 3348 2103 3415 cunuchorum,
2145 3347 2239 3402 cui

590 3438 843 3492 civitatis
873 3453 1017 3492 cura
1049 3439 1330 3493 mandata
1353 3437 1562 3504 fuerat,
1593 3439 1830 3507 cognita
1855 3439 1914 3491 in
1942 3437 2239 3493 Christum

586 3527 726 3582 ﬁdei
749 3525 1114 3597 professione
1137 3528 1292 3582 ludas
1323 3532 1380 3582 et
1402 3531 1665 3592 Domum,
1685 3543 1817 3598 quae
1849 3528 1906 3581 in
1921 3526 2059 3582 aula
2080 3526 2239 3596 prin-

589 3617 793 3687 cipum
815 3618 1094 3672 sacerdos
1122 3616 1420 3672 idolorum
1469 3616 1678 3678 fuerat,
1722 3617 1780 3671 in
1806 3631 2103 3670 carcerem
2137 3630 2240 3670 eos

588 3705 845 3763 demisit.
877 3705 1217 3761 lbiDomna
1271 3706 1434 3761 vultu
1494 3705 1555 3760 in
1600 3706 1859 3777 speciem
1893 3705 2163 3768 distorto,
2205 3719 2240 3758 a

589 3792 889 3848 daemonio
903 3811 964 3849 se
981 3801 1315 3865 correptam
1338 3810 1470 3849 esse
1499 3793 1870 3849 assimulavit
1894 3800 1977 3848 :et
2002 3793 2081 3848 ob
2104 3807 2239 3847 eam

590 3896 839 3938 causam
861 3883 1140 3938 Anthimo
1153 3883 1557 3955 episcopo,cuj
1569 3900 1633 3937 us
1647 3883 1868 3938 eximia
1889 3887 2013 3938 erat
2038 3883 2240 3951 ingen-

590 3971 660 4026 tis
687 3971 976 4027 adversus
1003 3972 1310 4028 dmmones
1334 3973 1638 4044 potestatis
1664 3973 1843 4035 fama,
1876 3973 2090 4028 tradita
2128 3978 2237 4027 est.

591 4061 880 4115 Reversus
906 4076 976 4115 eo
1015 4061 1356 4132 imperator,
1392 4062 1491 4116 ubi
1521 4077 1654 4116 eam
1685 4077 1809 4116 rem
1835 4061 2241 4130 cognovit,eu-

588 4149 856 4204 nuchum
886 4151 1084 4206 statim
1123 4151 1314 4204 securi
1349 4149 1577 4221 percuti
1609 4150 1822 4220 jussit:
1858 4150 2241 4221 furoremque

592 4254 768 4293 suum
790 4254 1030 4294 omnem
1055 4245 1260 4294 contra
1282 4240 1567 4294 asceteria
1595 4239 2242 4310 emisit,etpersecutio-

591 4343 732 4382 nem
759 4327 837 4383 ab
863 4328 1028 4382 omni
1052 4328 1419 4383 humanitate
1445 4327 1875 4383 alienissimam
1893 4329 1952 4382 in
1976 4343 2084 4383 nos
2103 4343 2242 4383 con-

592 4417 812 4472 citavit.
847 4417 976 4482 Quo
1018 4424 1282 4487 tempore
1324 4417 1535 4488 puellm
1594 4416 1812 4485 multre,
1841 4433 1976 4487 quas
2005 4417 2088 4472 ibi
2125 4418 2240 4487 piis

591 4505 801 4560 studiis
828 4505 1226 4575 Virginitatem
1256 4522 1608 4562 conservare
1627 4505 1963 4572 studebant,
1995 4507 2055 4561 in
2088 4522 2242 4561 mar-

591 4594 723 4667 tyrii
756 4595 949 4650 stadio
981 4593 1453 4650 constantissime
1483 4595 1890 4651 decurrerunt.
1926 4598 2074 4652 Cum
2113 4596 2242 4668 qui-

588 4683 705 4739 bus
731 4687 787 4738 et
812 4682 1141 4756 Glycerius,
1164 4685 1316 4740 inter
1347 4684 1725 4756 presbyteros
1755 4685 1979 4755 primas
2009 4689 2238 4750 tenens,

589 4789 728 4829 cum
758 4773 923 4827 varia
954 4779 1246 4829 tormenta
1285 4775 1518 4843 egregie
1562 4775 1811 4839 vicisset,
1836 4779 2077 4846 totoque
2113 4790 2244 4829 cor-

592 4878 735 4935 pore
765 4863 957 4917 nervis
982 4861 1226 4918 bubulis
1267 4864 1541 4918 concisus
1584 4863 1805 4932 fuisset,
1835 4863 1956 4933 igni
1998 4863 2240 4919 tandem

592 4957 682 5008 est
711 4958 973 5008 exustus.
1047 4952 1323 5007 Permulti
1380 4968 1622 5024 quoque
1676 4957 2002 5018 senatores,
2045 4957 2100 5007 et
2137 4953 2241 5025 qui

594 5040 951 5096 militaribus
976 5042 1290 5097 ordinibus
1316 5042 1509 5098 allecti
1540 5041 1792 5102 fuerant,
1822 5041 2094 5112 praeclari
2113 5042 2241 5108 viri,

594 5136 732 5185 sunt
779 5130 1075 5202 jugulati:
1109 5131 1328 5203 quibus
1367 5131 1652 5187 omnibus
1693 5147 1814 5186 non
1846 5131 2006 5186 aliud
2057 5147 2242 5204 quam

591 5236 749 5276 verte
789 5222 1024 5292 pietatis
1063 5222 1287 5277 crimen
1343 5227 1428 5276 est
1466 5221 1788 5292 objectum.
1822 5221 2043 5276 Verum
2085 5221 2245 5276 enim

593 5325 733 5366 vero
782 5325 918 5365 cum
985 5310 1198 5366 natalis
1264 5310 1479 5366 Christi
1541 5309 1724 5364 festus
1795 5309 2032 5366 adesset
2095 5310 2242 5374 dies,

2955 2367 3197 2420 ΚΕΦΑΛ.
3231 2363 3333 2448 ς’,

2355 2475 2506 2542 Περὶ
2543 2477 2653 2524 τοῦ
2688 2475 3016 2544 μακαρίου
3057 2471 3281 2544 τέλᾼους
3315 2479 3441 2523 τῶν
3479 2471 3661 2542 ἁγίων
3695 2467 3836 2544 69:3:-

2423 2525 2575 2616 βίων
2614 2525 2733 2594 niis
2773 2542 2830 2594 ἐν
2869 2525 3324 2616 Νικομηδείᾴ·
3393 2549 3503 2596 καὶ
3531 2525 3676 2617 ’περὶ
3717 2525 3832 2596 "his:

2424 2619 2533 2666 καὶ
2588 2617 2853 2687 Δόμνας.

2425 2723 2562 2794 Πρὸς
2618 2723 2822 2782 τούτοις
2876 2721 2906 2778 ή
2979 2721 3226 2792 παρθένος
3282 2721 3460 2792 Δὸμνα
3517 2725 3600 2774 καὶ
3653 2715 3845 2781 Ἰνδηςη

2351 2818 2452 2863 τῶν
2503 2809 2764 2882 ἑύνούχων
2822 2814 3153 2874 πιστότατος,
3215 2806 3551 2882 δικαστηρίῳ
3611 2815 3852 2882 παρέστω.

2353 2903 2485 2971 Πρὸς
2539 2901 2638 2972 γὰρ
2695 2900 2948 2971 Ἀνθίμου
3003 2905 3094 2950 τοῦ
3150 2905 3247 2959 τῆς
3307 2896 3662 2971 Νικομηδείας
3706 2905 3852 2967 tota»;

2351 2987 2652 3050 ἀξιωθέντες
2692 2995 2786 3050 τῆς
2821 2990 3065 3060 χάριτος,
3115 2995 3177 3060 τῇ
3256 2997 3354 3039 τῶν
3400 2997 3624 3061 πτωχῶν
3671 2987 3850 3058 Emathis,

2351 3078 2452 3129 ὅσα
2508 3074 2574 3135 δή
2618 3075 2902 3150 βασιλικῆς
2960 3078 3188 3149 χάριτος
3233 3075 3367 3135 ἦσαν
3412 3077 3606 3143 αὐτοῖς,
3655 3076 3853 3132 civilis-xm.

2351 3166 2680 3238 Μαξιμιανοῦ
2735 3162 2795 3218 δὲ
2842 3167 2956 3218 κατ’
3014 3167 3273 3219 Αἰθιόπων
3331 3170 3708 3240 στρατεύοντος,
3751 3166 3768 3216 ὁ

2349 3263 2669 3327 χιευνοῡχος
2706 3259 2800 3313 τήν
2855 3253 3137 3329 ἐπιτροπήν
3189 3263 3285 3316 τῆς
3339 3256 3541 3319 πόλεως
3575 3258 3714 3328 ἔχων,
3754 3254 3864 3325 μύω

2348 3348 2415 3396 τὰ
2461 3347 2598 3397 κατὰ
2645 3347 2731 3396 τὸν
2769 3340 2949 3402 Ἰνδην
2991 3349 3080 3396 καὶ
3135 3349 3354 3415 Δὸμναν,
3419 3347 3600 3419 ἱέρειαν
3650 3340 3778 3396 οὖσαν
3808 3347 3868 3390 7'3!

2348 3434 2462 3486 κατ’
2503 3431 2641 3486 οἶκον
2690 3441 2763 3504 τῷ
2827 3431 3038 3506 βασιλεῖ
3087 3435 3229 3498 θεῶν,
3281 3434 3514 3506 εἱρκταῖς
3551 3429 3862 3507 περιεῖργεν.Ἦ

2351 3520 2410 3576 δέ
2453 3528 2624 3594 Δόμνα
2665 3525 2713 3575 ἐν
2767 3523 3042 3596 ὑποκρίσει
3099 3519 3500 3597 διαστρέφουσα
3545 3529 3601 3576 τὸ
3655 3528 3859 3593 πρόσωπον.

2350 3609 2604 3684 δαιμονᾷν
2657 3614 2954 3685 ὑπεκρίνετο
2985 3630 2998 3643 ο
3055 3619 3143 3664 καὶ
3191 3609 3286 3664 διὰ
3331 3620 3488 3666 τοῦτο
3547 3622 3614 3682 τῷ
3662 3611 3854 3666 ἐπισκοπεῖ

2350 3701 2601 3774 ’Ἄνθιμος
2655 3698 2704 3753 δ’
2759 3701 2906 3761 οὗτος
2959 3697 3042 3764 ἦν,
3091 3701 3436 3754 ἀπαλλάττειν
3483 3699 3705 3765 ἐδίδοτο,
3746 3715 3860 3770 aspri-

2348 3793 2593 3863 ρούμενος
2643 3792 2778 3842 κατὰ
2829 3794 3022 3842 τούτων
3081 3787 3148 3848 δή
3201 3791 3390 3848 πολλὴν
3440 3793 3720 3850 κεκτῆσθαι
3757 3789 3864 3856 ἰσχύι.

2346 3881 2436 3942 Ὧς
2487 3877 2538 3933 δ’
2578 3883 2845 3938 ἐπανήκων
2889 3881 2915 3931 ὁ
2970 3877 3210 3952 βασιλεὺς
3257 3882 3418 3941 μάθοι
3474 3884 3542 3933 τὰ
3586 3879 3692 3931 κατ’
3738 3875 3865 3929 αἰπὺς.

2351 3975 2436 4022 τὸν
2492 3972 2580 4040 μὲν
2640 3965 3025 4042 ἀρχιευνοῦχον
3075 3969 3228 4030 εὐθὺς
3279 3971 3427 4042 ἔργον
3479 3969 3690 4022 έποιεῖτο
3736 3967 3869 4038 pulsi-

2349 4078 2443 4133 ρας
2485 4079 2498 4092 ·
2539 4063 2632 4116 τὴν
2683 4054 2741 4110 δι
2772 4062 2958 4129 μανίαν
3011 4059 3131 4116 ὅλην
3184 4061 3319 4110 κατὰ
3371 4066 3475 4110 τῶν
3507 4058 3802 4129 ἀσκητηρίων
3831 4050 3869 4100 ἓν·

2352 4153 2593 4206 σκήπτει.
2646 4152 2742 4200 Καὶ
2787 4145 3021 4218 διωγμὸν
3075 4145 3420 4219 ἀπάνθρωπον
3457 4150 3583 4201 καθ’
3618 4150 3746 4219 ήμῶν
3786 4146 3872 4209 ἤγει-

2349 4257 2453 4312 ρεν,
2515 4238 2595 4289 ὅτι
2659 4233 2726 4295 δὴ
2781 4242 2871 4288 καὶ
2933 4236 3115 4288 πολλαὶ
3167 4245 3264 4288 τῶν
3345 4239 3628 4310 παρθενίαν
3686 4238 3871 4307 ᾐρημσν

2351 4327 2527 4380 ἀσκεῖν
2552 4329 2610 4378 τὸ
2641 4331 2734 4378 τοῦ
2772 4327 3062 4400 μαρτυρίου
3119 4323 3336 4378 στάδιον
3373 4332 3618 4396 γενναίως
3654 4321 3874 4389 dcimam.

2350 4417 2476 4470 Μεθ’
2513 4417 2580 4466 ὧν
2620 4420 2710 4467 καὶ
2766 4416 3043 4482 Γλυκέριος
3093 4414 3117 4466 ὀ
3165 4422 3256 4467 τοῦ
3296 4414 3670 4488 πρεσϐυτερίου
3705 4414 3758 4465 τὰ
3792 4411 3877 4476 spti-

2348 4525 2412 4558 τα
2464 4509 2622 4578 φέρων
2656 4521 2668 4534 °
2729 4506 2782 4556 ὅν
2841 4507 2970 4576 μετά
3037 4504 3193 4556 πολὺν
3249 4505 3483 4575 ἔλεγχον,
3559 4501 3685 4576 βοῶν
3739 4500 3875 4567 ντόροις

2353 4593 2562 4667 σύμπαν
2618 4592 3002 4656 καταξανθέντα
3045 4596 3104 4645 τὸ
3169 4601 3338 4665 σῶμα,
3389 4595 3578 4646 ἔπειτα
3627 4599 3718 4663 πῦρ
3757 4580 3882 4639 imii-

2350 4703 2499 4756 χετο.
2561 4683 2744 4736 Πολλοὶ
2793 4680 2852 4736 δὲ
2899 4687 2988 4735 καὶ
3042 4691 3142 4735 τῶν
3194 4691 3290 4743 τῆς
3343 4683 3645 4755 συγκλήτου
3676 4684 3752 4733 καὶ
3786 4672 3880 4728 illi!

2350 4782 2449 4826 τῶν
2504 4777 2750 4846 στρατείᾳ
2805 4771 3202 4844 κατειλεγμένων
3251 4771 3543 4844 ἐφθείροντο
3576 4790 3589 4802 ·
3643 4768 3714 4830 οἷς
3757 4762 3881 4834 ἤδη·

2350 4883 2425 4935 μα
2483 4865 2509 4921 ἡ
2572 4860 2824 4917 εὐσέϐεια.
2872 4861 3012 4915 Ἐπεὶ
3061 4859 3119 4914 δὲ
3166 4865 3197 4920 ἡ
3249 4869 3348 4914 τῶν
3407 4869 3640 4938 Χριστοῦ
3683 4853 3878 4930 γενεθλίων

2352 4951 2589 5004 ἐνίστατο
2642 4951 2814 5025 ἑορτή,
2865 4957 2953 5003 καὶ
3017 4953 3226 5022 σύμπαν
3256 4955 3312 5002 τὸ
3354 4957 3718 5026 Χριστὼνυμον
3745 4943 3876 5001 alii”?

2353 5040 2408 5093 ἐκ
2465 5043 2640 5103 πάσης
2693 5041 2901 5103 ἡλικίας
2953 5048 3024 5111 τῷ
3075 5040 3238 5093 έκεῖσε
3276 5049 3369 5112 νεῷ
3419 5042 3666 5116 ἤθροιστο
3715 5049 3877 5100 «m7?-

2353 5132 2584 5204 ρίςοντες
2630 5133 2696 5183 τὰ
2723 5130 2972 5202 γενέθλια,
3023 5129 3266 5204 ἁρπάσας
3301 5129 3485 5190 ἐκεῖνος
3530 5133 3598 5190 ὡς
3631 5130 3806 5203 ἕρμαιον
3828 5135 3877 5168 τη

2355 5224 2555 5294 καιρὸν,
2613 5221 2746 5272 ὥστε
2806 5225 2899 5278 τήν
2958 5219 3145 5272 ἑαυτοῦ
3190 5224 3380 5292 μανίαν
3432 5218 3704 5280 ἐκπλῆσαι,

2362 5309 2636 5377 συνέκλειε,
2678 5314 2766 5362 καὶ
2817 5309 3112 5384 περικύκλῳ
3153 5317 3256 5384 πῦρ
3309 5306 3531 5366 ἀνῆπτεν
3581 5307 3736 5366 εὐθύς.
3782 5301 3822 5350 Ὁ
3847 5289 3876 5344 δε

671 5461 747 5544 (1)
779 5464 1048 5544 Fortasse
1069 5461 1282 5544 legend
1295 5479 1415 5544 um,
1435 5463 1766 5535 Egyptios.
1787 5461 2112 5536 Egyptum
2126 5462 2287 5521 enim
2310 5462 2529 5522 invasit
2545 5461 2968 5532 Diocletianus,
2982 5465 3040 5519 et
3060 5459 3392 5519 Achilleum
3413 5460 3797 5518 incubatorem
3810 5450 3866 5504 im-

597 5533 746 5608 perii
771 5533 1141 5592 Alexandrim
1174 5534 1336 5594 vicit.
