  <div class='ocr_page' id='page_1' title='image "/cluster/home/n/w/nwhite01/storage/ocr_20150623/145/mdp.39015061167048/616.png"; bbox 0 0 4028 6294; ppageno 0'>
   <div class='ocr_carea' id='block_1_1' title="bbox 144 262 284 317">
    <p class='ocr_par' dir='ltr' id='par_1_1' title="bbox 144 262 284 317">
     <span class='ocr_line' id='line_1_1' title="bbox 144 262 284 317; baseline -0.007 0"><span class='ocrx_word' id='word_1_1' title='bbox 144 262 284 317; x_wconf 76' lang='grc'><strong>1217</strong></span> 
     </span>
    </p>
   </div>
   <div class='ocr_carea' id='block_1_2' title="bbox 1185 253 2480 315">
    <p class='ocr_par' dir='ltr' id='par_1_2' title="bbox 1185 253 2480 315">
     <span class='ocr_line' id='line_1_2' title="bbox 1185 253 2480 315; baseline -0.002 -2"><span class='ocrx_word' id='word_1_2' title='bbox 1185 255 1750 315; x_wconf 69' lang='lat' dir='ltr'><strong>ECCLESIASTICE</strong></span> <span class='ocrx_word' id='word_1_3' title='bbox 1789 253 2142 312; x_wconf 67' lang='lat' dir='ltr'><strong>HISTORIE</strong></span> <span class='ocrx_word' id='word_1_4' title='bbox 2183 254 2318 311; x_wconf 87' lang='lat' dir='ltr'><strong>LIB.</strong></span> <span class='ocrx_word' id='word_1_5' title='bbox 2364 254 2480 310; x_wconf 89' lang='lat' dir='ltr'>VII.</span> 
     </span>
    </p>
   </div>
   <div class='ocr_carea' id='block_1_3' title="bbox 3361 257 3496 311">
    <p class='ocr_par' dir='ltr' id='par_1_3' title="bbox 3361 257 3496 311">
     <span class='ocr_line' id='line_1_3' title="bbox 3361 257 3496 311; baseline 0 0"><span class='ocrx_word' id='word_1_6' title='bbox 3361 257 3496 311; x_wconf 81' lang='grc'><strong>1218</strong></span> 
     </span>
    </p>
   </div>
   <div class='ocr_carea' id='block_1_4' title="bbox 133 379 1749 462">
    <p class='ocr_par' dir='ltr' id='par_1_4' title="bbox 133 383 1738 462">
     <span class='ocr_line' id='line_1_4' title="bbox 133 383 1738 462; baseline -0.002 -24"><span class='ocrx_word' id='word_1_7' title='bbox 133 387 305 462; x_wconf 86' lang='grc' dir='ltr'><strong>κῆρυξ</strong></span> <span class='ocrx_word' id='word_1_8' title='bbox 350 395 650 462; x_wconf 82' lang='grc' dir='ltr'><strong>τρανο⁴τερον</strong></span> <span class='ocrx_word' id='word_1_9' title='bbox 697 385 1039 459; x_wconf 83' lang='grc' dir='ltr'><strong>ίωεκήρυττεν</strong></span> <span class='ocrx_word' id='word_1_10' title='bbox 1067 404 1080 418; x_wconf 79' lang='grc' dir='ltr'><strong>ο</strong></span> <span class='ocrx_word' id='word_1_11' title='bbox 1120 384 1193 457; x_wconf 72' lang='grc' dir='ltr'><strong>⁷ῼ.</strong></span> <span class='ocrx_word' id='word_1_12' title='bbox 1222 385 1317 457; x_wconf 76' lang='grc' dir='ltr'><strong>ζῇν</strong></span> <span class='ocrx_word' id='word_1_13' title='bbox 1362 385 1584 457; x_wconf 84' lang='grc' dir='ltr'><strong>αἱρετὸν,</strong></span> <span class='ocrx_word' id='word_1_14' title='bbox 1617 383 1738 445; x_wconf 82' lang='grc' dir='ltr'><strong>ἐξιέ-</strong></span> 
     </span>
    </p>
   </div>
   <div class='ocr_carea' id='block_1_5' title="bbox 1860 379 3494 462">
    <p class='ocr_par' dir='ltr' id='par_1_5' title="bbox 1860 379 3494 452">
     <span class='ocr_line' id='line_1_5' title="bbox 1860 379 3494 452; baseline 0.002 -16"><span class='ocrx_word' id='word_1_15' title='bbox 1860 384 1905 436; x_wconf 71' lang='lat' dir='ltr'><strong>at</strong></span> <span class='ocrx_word' id='word_1_16' title='bbox 1954 380 2270 436; x_wconf 80' lang='lat' dir='ltr'><strong>multitudo</strong></span> <span class='ocrx_word' id='word_1_17' title='bbox 2307 380 2494 436; x_wconf 65' lang='lat' dir='ltr'><strong>aetatis</strong></span> <span class='ocrx_word' id='word_1_18' title='bbox 2537 380 2758 446; x_wconf 89' lang='lat' dir='ltr'><strong>omnis,</strong></span> <span class='ocrx_word' id='word_1_19' title='bbox 2803 396 2939 452; x_wconf 62' lang='lat' dir='ltr'><strong>qua;</strong></span> <span class='ocrx_word' id='word_1_20' title='bbox 2989 379 3194 436; x_wconf 80' lang='lat' dir='ltr'><strong>Christi</strong></span> <span class='ocrx_word' id='word_1_21' title='bbox 3249 383 3494 440; x_wconf 86' lang='lat' dir='ltr'><strong>nomine</strong></span> 
     </span>
    </p>
   </div>
   <div class='ocr_carea' id='block_1_6' title="bbox 133 472 1738 550">
    <p class='ocr_par' dir='ltr' id='par_1_6' title="bbox 133 472 1738 550">
     <span class='ocr_line' id='line_1_6' title="bbox 133 472 1738 550; baseline -0.004 -21"><span class='ocrx_word' id='word_1_22' title='bbox 133 493 229 529; x_wconf 90' lang='grc' dir='ltr'><strong>τω·</strong></span> <span class='ocrx_word' id='word_1_23' title='bbox 281 482 371 529; x_wconf 78' lang='grc' dir='ltr'><strong>καὶ</strong></span> <span class='ocrx_word' id='word_1_24' title='bbox 413 478 484 547; x_wconf 87' lang='grc' dir='ltr'><em>τῷ</em></span> <span class='ocrx_word' id='word_1_25' title='bbox 530 481 889 550; x_wconf 77' lang='grc' dir='ltr'><strong>παρακειμένῳ</strong></span> <span class='ocrx_word' id='word_1_26' title='bbox 949 472 1108 549; x_wconf 80' lang='grc' dir='ltr'><strong>βωμῷ</strong></span> <span class='ocrx_word' id='word_1_27' title='bbox 1160 481 1251 527; x_wconf 90' lang='grc' dir='ltr'><strong>τοῦ</strong></span> <span class='ocrx_word' id='word_1_28' title='bbox 1303 477 1440 538; x_wconf 88' lang='grc' dir='ltr'><strong>Διὸς,</strong></span> <span class='ocrx_word' id='word_1_29' title='bbox 1483 475 1738 544; x_wconf 74' lang='grc' dir='ltr'><strong>ἱπαφιέτω</strong></span> 
     </span>
    </p>
   </div>
   <div class='ocr_carea' id='block_1_7' title="bbox 133 557 1740 636">
    <p class='ocr_par' dir='ltr' id='par_1_7' title="bbox 133 557 1740 636">
     <span class='ocr_line' id='line_1_7' title="bbox 133 557 1740 636; baseline -0.002 -19"><span class='ocrx_word' id='word_1_30' title='bbox 133 565 435 619; x_wconf 59' lang='grc' dir='ltr'><strong>λιϐανωτόν</strong></span> <span class='ocrx_word' id='word_1_31' title='bbox 479 567 524 618; x_wconf 85' lang='grc' dir='ltr'><strong>εἰ</strong></span> <span class='ocrx_word' id='word_1_32' title='bbox 562 563 611 619; x_wconf 79' lang='grc' dir='ltr'><strong>δ’</strong></span> <span class='ocrx_word' id='word_1_33' title='bbox 643 563 752 634; x_wconf 81' lang='grc' dir='ltr'><strong>οὖν,</strong></span> <span class='ocrx_word' id='word_1_34' title='bbox 789 570 882 618; x_wconf 86' lang='grc' dir='ltr'><strong>σύν</strong></span> <span class='ocrx_word' id='word_1_35' title='bbox 921 573 992 635; x_wconf 87' lang='grc' dir='ltr'><strong>τῷ</strong></span> <span class='ocrx_word' id='word_1_36' title='bbox 1026 564 1150 635; x_wconf 74' lang='grc' dir='ltr'><strong>οἴκῳ</strong></span> <span class='ocrx_word' id='word_1_37' title='bbox 1179 565 1345 634; x_wconf 79' lang='grc' dir='ltr'><strong>τούτῳ</strong></span> <span class='ocrx_word' id='word_1_38' title='bbox 1375 570 1447 633; x_wconf 83' lang='grc' dir='ltr'><strong>τῷ</strong></span> <span class='ocrx_word' id='word_1_39' title='bbox 1488 567 1614 636; x_wconf 85' lang='grc' dir='ltr'><strong>πυρὶ</strong></span> <span class='ocrx_word' id='word_1_40' title='bbox 1645 557 1740 614; x_wconf 81' lang='grc' dir='ltr'><strong>δα-</strong></span> 
     </span>
    </p>
   </div>
   <div class='ocr_carea' id='block_1_8' title="bbox 133 649 1739 728">
    <p class='ocr_par' dir='ltr' id='par_1_8' title="bbox 133 649 1739 728">
     <span class='ocr_line' id='line_1_8' title="bbox 133 649 1739 728; baseline -0.003 -20"><span class='ocrx_word' id='word_1_41' title='bbox 133 659 276 714; x_wconf 83' lang='grc' dir='ltr'><strong>πάνη</strong></span> <span class='ocrx_word' id='word_1_42' title='bbox 334 661 626 728; x_wconf 80' lang='grc' dir='ltr'><strong>γενήσεται.</strong></span> <span class='ocrx_word' id='word_1_43' title='bbox 668 661 796 709; x_wconf 86' lang='grc' dir='ltr'><strong>Τότε</strong></span> <span class='ocrx_word' id='word_1_44' title='bbox 850 652 917 712; x_wconf 81' lang='grc' dir='ltr'><strong>δή</strong></span> <span class='ocrx_word' id='word_1_45' title='bbox 980 674 1057 714; x_wconf 86' lang='grc' dir='ltr'><strong>τις</strong></span> <span class='ocrx_word' id='word_1_46' title='bbox 1094 662 1194 706; x_wconf 88' lang='grc' dir='ltr'><strong>τῶν</strong></span> <span class='ocrx_word' id='word_1_47' title='bbox 1251 649 1396 705; x_wconf 82' lang='grc' dir='ltr'><strong>ἔνδον</strong></span> <span class='ocrx_word' id='word_1_48' title='bbox 1464 657 1634 723; x_wconf 80' lang='grc' dir='ltr'><strong>στόμα</strong></span> <span class='ocrx_word' id='word_1_49' title='bbox 1669 660 1739 722; x_wconf 79' lang='grc' dir='ltr'><strong>τῷ</strong></span> 
     </span>
    </p>
   </div>
   <div class='ocr_carea' id='block_1_9' title="bbox 136 740 1740 818">
    <p class='ocr_par' dir='ltr' id='par_1_9' title="bbox 136 740 1740 818">
     <span class='ocr_line' id='line_1_9' title="bbox 136 740 1740 818; baseline -0.002 -22"><span class='ocrx_word' id='word_1_50' title='bbox 136 745 324 803; x_wconf 79' lang='grc' dir='ltr'><strong>πλήθει</strong></span> <span class='ocrx_word' id='word_1_51' title='bbox 391 752 678 818; x_wconf 86' lang='grc' dir='ltr'><strong>γενόμενος,</strong></span> <span class='ocrx_word' id='word_1_52' title='bbox 756 749 849 797; x_wconf 87' lang='grc' dir='ltr'><strong>σύν</strong></span> <span class='ocrx_word' id='word_1_53' title='bbox 924 742 1196 818; x_wconf 72' lang='grc' dir='ltr'><strong>παρρησίᾳ</strong></span> <span class='ocrx_word' id='word_1_54' title='bbox 1263 742 1504 815; x_wconf 77' lang='grc' dir='ltr'><strong>λαμπρὰν</strong></span> <span class='ocrx_word' id='word_1_55' title='bbox 1575 740 1740 812; x_wconf 81' lang='grc' dir='ltr'><strong>ἀφῆκε</strong></span> 
     </span>
    </p>
   </div>
   <div class='ocr_carea' id='block_1_10' title="bbox 133 829 1739 908">
    <p class='ocr_par' dir='ltr' id='par_1_10' title="bbox 133 829 1739 908">
     <span class='ocr_line' id='line_1_10' title="bbox 133 829 1739 908; baseline -0.004 -22"><span class='ocrx_word' id='word_1_56' title='bbox 133 841 351 906; x_wconf 81' lang='grc' dir='ltr'><strong>φωνήν”</strong></span> <span class='ocrx_word' id='word_1_57' title='bbox 412 839 723 908; x_wconf 81' lang='grc' dir='ltr'><strong>Χριστιανοὶ</strong></span> <span class='ocrx_word' id='word_1_58' title='bbox 773 837 956 895; x_wconf 84' lang='grc' dir='ltr'><strong>πάντες</strong></span> <span class='ocrx_word' id='word_1_59' title='bbox 1011 835 1196 905; x_wconf 81' lang='grc' dir='ltr'><strong>ἡμεῖς·</strong></span> <span class='ocrx_word' id='word_1_60' title='bbox 1251 834 1336 884; x_wconf 76' lang='grc' dir='ltr'><strong>ἕνα</strong></span> <span class='ocrx_word' id='word_1_61' title='bbox 1400 836 1551 904; x_wconf 82' lang='grc' dir='ltr'><strong>μόνον</strong></span> <span class='ocrx_word' id='word_1_62' title='bbox 1611 829 1739 884; x_wconf 87' lang='grc' dir='ltr'><strong>Θεὸν</strong></span> 
     </span>
    </p>
   </div>
   <div class='ocr_carea' id='block_1_11' title="bbox 131 919 1739 997">
    <p class='ocr_par' dir='ltr' id='par_1_11' title="bbox 131 919 1739 997">
     <span class='ocr_line' id='line_1_11' title="bbox 131 919 1739 997; baseline -0.002 -23"><span class='ocrx_word' id='word_1_63' title='bbox 131 929 229 976; x_wconf 82' lang='grc' dir='ltr'><strong>καὶ</strong></span> <span class='ocrx_word' id='word_1_64' title='bbox 285 922 507 997; x_wconf 85' lang='grc' dir='ltr'><strong>βασιλέα</strong></span> <span class='ocrx_word' id='word_1_65' title='bbox 556 926 866 995; x_wconf 74' lang='grc' dir='ltr'><strong>πιστεύομεν</strong></span> <span class='ocrx_word' id='word_1_66' title='bbox 913 926 998 974; x_wconf 88' lang='grc' dir='ltr'><strong>τὸν</strong></span> <span class='ocrx_word' id='word_1_67' title='bbox 1052 926 1316 995; x_wconf 77' lang='grc' dir='ltr'><strong>Χριστόνο</strong></span> <span class='ocrx_word' id='word_1_68' title='bbox 1349 925 1438 972; x_wconf 88' lang='grc' dir='ltr'><strong>καὶ</strong></span> <span class='ocrx_word' id='word_1_69' title='bbox 1487 939 1546 992; x_wconf 88' lang='grc' dir='ltr'><strong>γε</strong></span> <span class='ocrx_word' id='word_1_70' title='bbox 1599 919 1739 988; x_wconf 85' lang='grc' dir='ltr'><strong>αύτῷ</strong></span> 
     </span>
    </p>
   </div>
   <div class='ocr_carea' id='block_1_12' title="bbox 134 1012 1739 1086">
    <p class='ocr_par' dir='ltr' id='par_1_12' title="bbox 134 1012 1739 1086">
     <span class='ocr_line' id='line_1_12' title="bbox 134 1012 1739 1086; baseline -0.003 -20"><span class='ocrx_word' id='word_1_71' title='bbox 134 1015 378 1079; x_wconf 83' lang='grc' dir='ltr'><strong>θύεσθαι,</strong></span> <span class='ocrx_word' id='word_1_72' title='bbox 425 1017 511 1066; x_wconf 79' lang='grc' dir='ltr'><strong>καὶ</strong></span> <span class='ocrx_word' id='word_1_73' title='bbox 549 1022 619 1084; x_wconf 84' lang='grc' dir='ltr'><strong>τῷ</strong></span> <span class='ocrx_word' id='word_1_74' title='bbox 671 1017 831 1086; x_wconf 85' lang='grc' dir='ltr'><strong>Πατρὶ</strong></span> <span class='ocrx_word' id='word_1_75' title='bbox 864 1012 1046 1077; x_wconf 85' lang='grc' dir='ltr'><strong>αύτοῡ,</strong></span> <span class='ocrx_word' id='word_1_76' title='bbox 1078 1015 1167 1062; x_wconf 81' lang='grc' dir='ltr'><strong>καὶ</strong></span> <span class='ocrx_word' id='word_1_77' title='bbox 1196 1019 1268 1081; x_wconf 83' lang='grc' dir='ltr'><strong>τῷ</strong></span> <span class='ocrx_word' id='word_1_78' title='bbox 1305 1015 1544 1080; x_wconf 85' lang='grc' dir='ltr'><strong>παναγίῳ</strong></span> <span class='ocrx_word' id='word_1_79' title='bbox 1588 1012 1739 1062; x_wconf 85' lang='grc' dir='ltr'><strong>Πνεύ·</strong></span> 
     </span>
    </p>
   </div>
   <div class='ocr_carea' id='block_1_13' title="bbox 130 1094 1742 1174">
    <p class='ocr_par' dir='ltr' id='par_1_13' title="bbox 130 1094 1742 1174">
     <span class='ocr_line' id='line_1_13' title="bbox 130 1094 1742 1174; baseline -0.004 -19"><span class='ocrx_word' id='word_1_80' title='bbox 130 1122 269 1174; x_wconf 84' lang='grc' dir='ltr'><strong>ματι</strong></span> <span class='ocrx_word' id='word_1_81' title='bbox 333 1101 754 1174; x_wconf 85' lang='grc' dir='ltr'><strong>ὀλοκαρποῦσθαι</strong></span> <span class='ocrx_word' id='word_1_82' title='bbox 812 1105 1041 1174; x_wconf 85' lang='grc' dir='ltr'><strong>εύχερώς</strong></span> <span class='ocrx_word' id='word_1_83' title='bbox 1099 1103 1308 1172; x_wconf 84' lang='grc' dir='ltr'><strong>ἔχομεν.</strong></span> <span class='ocrx_word' id='word_1_84' title='bbox 1355 1097 1499 1170; x_wconf 78' lang='grc' dir='ltr'><strong>Ἀμα</strong></span> <span class='ocrx_word' id='word_1_85' title='bbox 1556 1095 1614 1150; x_wconf 67' lang='grc' dir='ltr'><strong>δι</strong></span> <span class='ocrx_word' id='word_1_86' title='bbox 1669 1094 1742 1167; x_wconf 81' lang='grc' dir='ltr'><em>τῷ</em></span> 
     </span>
    </p>
   </div>
   <div class='ocr_carea' id='block_1_14' title="bbox 127 1183 1742 1263">
    <p class='ocr_par' dir='ltr' id='par_1_14' title="bbox 127 1183 1742 1263">
     <span class='ocr_line' id='line_1_14' title="bbox 127 1183 1742 1263; baseline -0.003 -20"><span class='ocrx_word' id='word_1_87' title='bbox 127 1190 274 1263; x_wconf 84' lang='grc' dir='ltr'><strong>λόγῳ</strong></span> <span class='ocrx_word' id='word_1_88' title='bbox 321 1196 411 1244; x_wconf 83' lang='grc' dir='ltr'><strong>καὶ</strong></span> <span class='ocrx_word' id='word_1_89' title='bbox 465 1195 523 1244; x_wconf 88' lang='grc' dir='ltr'><strong>τὸ</strong></span> <span class='ocrx_word' id='word_1_90' title='bbox 572 1199 675 1263; x_wconf 90' lang='grc' dir='ltr'><strong>πῦρ</strong></span> <span class='ocrx_word' id='word_1_91' title='bbox 728 1189 1002 1248; x_wconf 72' lang='grc' dir='ltr'><strong>ἀνήπτετο.</strong></span> <span class='ocrx_word' id='word_1_92' title='bbox 1063 1189 1244 1259; x_wconf 76' lang='grc' dir='ltr'><strong>Κύκλῳ</strong></span> <span class='ocrx_word' id='word_1_93' title='bbox 1275 1184 1334 1240; x_wconf 73' lang='grc' dir='ltr'><strong>δὲ</strong></span> <span class='ocrx_word' id='word_1_94' title='bbox 1363 1183 1742 1261; x_wconf 82' lang='grc' dir='ltr'><strong>περιδραξάμε-</strong></span> 
     </span>
    </p>
   </div>
   <div class='ocr_carea' id='block_1_15' title="bbox 126 1276 1740 1351">
    <p class='ocr_par' dir='ltr' id='par_1_15' title="bbox 126 1276 1740 1351">
     <span class='ocr_line' id='line_1_15' title="bbox 126 1276 1740 1351; baseline -0.002 -20"><span class='ocrx_word' id='word_1_95' title='bbox 126 1299 223 1332; x_wconf 89' lang='grc' dir='ltr'><strong>νον</strong></span> <span class='ocrx_word' id='word_1_96' title='bbox 299 1284 384 1333; x_wconf 89' lang='grc' dir='ltr'><strong>τὸν</strong></span> <span class='ocrx_word' id='word_1_97' title='bbox 460 1285 603 1348; x_wconf 87' lang='grc' dir='ltr'><strong>νεὼν,</strong></span> <span class='ocrx_word' id='word_1_98' title='bbox 684 1279 918 1340; x_wconf 77' lang='grc' dir='ltr'><strong>ἅπαντας</strong></span> <span class='ocrx_word' id='word_1_99' title='bbox 991 1281 1039 1330; x_wconf 73' lang='grc' dir='ltr'><strong>ἓν</strong></span> <span class='ocrx_word' id='word_1_100' title='bbox 1100 1277 1281 1351; x_wconf 84' lang='grc' dir='ltr'><strong>ἀκαρεὶ</strong></span> <span class='ocrx_word' id='word_1_101' title='bbox 1355 1276 1740 1349; x_wconf 68' lang='grc' dir='ltr'><strong>κατῃθάλωσεν,</strong></span> 
     </span>
    </p>
   </div>
   <div class='ocr_carea' id='block_1_16' title="bbox 127 1361 1737 1441">
    <p class='ocr_par' dir='ltr' id='par_1_16' title="bbox 127 1361 1737 1441">
     <span class='ocr_line' id='line_1_16' title="bbox 127 1361 1737 1441; baseline -0.004 -20"><span class='ocrx_word' id='word_1_102' title='bbox 127 1371 265 1421; x_wconf 82' lang='grc' dir='ltr'><strong>ὡσεὶ</strong></span> <span class='ocrx_word' id='word_1_103' title='bbox 322 1365 639 1441; x_wconf 77' lang='grc' dir='ltr'><strong>δισμυρίους</strong></span> <span class='ocrx_word' id='word_1_104' title='bbox 691 1373 842 1428; x_wconf 79' lang='grc' dir='ltr'><strong>ὄντας</strong></span> <span class='ocrx_word' id='word_1_105' title='bbox 896 1371 984 1419; x_wconf 81' lang='grc' dir='ltr'><strong>τὸν</strong></span> <span class='ocrx_word' id='word_1_106' title='bbox 1033 1367 1272 1440; x_wconf 85' lang='grc' dir='ltr'><strong>ἀριθμόν.</strong></span> <span class='ocrx_word' id='word_1_107' title='bbox 1327 1365 1542 1417; x_wconf 80' lang='grc' dir='ltr'><strong>Ἔπειτα</strong></span> <span class='ocrx_word' id='word_1_108' title='bbox 1597 1361 1655 1416; x_wconf 71' lang='grc' dir='ltr'><strong>δὲ</strong></span> <span class='ocrx_word' id='word_1_109' title='bbox 1708 1365 1737 1422; x_wconf 81' lang='grc' dir='ltr'>ἡ</span> 
     </span>
    </p>
   </div>
   <div class='ocr_carea' id='block_1_17' title="bbox 127 1451 1738 1532">
    <p class='ocr_par' dir='ltr' id='par_1_17' title="bbox 127 1451 1738 1532">
     <span class='ocr_line' id='line_1_17' title="bbox 127 1451 1738 1532; baseline -0.003 -22"><span class='ocrx_word' id='word_1_110' title='bbox 127 1465 375 1532; x_wconf 88' lang='grc' dir='ltr'><strong>μακαρία</strong></span> <span class='ocrx_word' id='word_1_111' title='bbox 413 1463 581 1531; x_wconf 86' lang='grc' dir='ltr'><strong>Δόμνα</strong></span> <span class='ocrx_word' id='word_1_112' title='bbox 633 1457 836 1518; x_wconf 76' lang='grc' dir='ltr'><strong>πολλοῖς</strong></span> <span class='ocrx_word' id='word_1_113' title='bbox 888 1455 1320 1530; x_wconf 78' lang='grc' dir='ltr'><strong>ἐγκαρτερήσασα</strong></span> <span class='ocrx_word' id='word_1_114' title='bbox 1372 1461 1480 1516; x_wconf 90' lang='grc' dir='ltr'><strong>τοῖς</strong></span> <span class='ocrx_word' id='word_1_115' title='bbox 1532 1451 1738 1518; x_wconf 91' lang='grc' dir='ltr'><strong>δεινοῖς,</strong></span> 
     </span>
    </p>
   </div>
   <div class='ocr_carea' id='block_1_18' title="bbox 128 1539 1740 1620">
    <p class='ocr_par' dir='ltr' id='par_1_18' title="bbox 128 1539 1740 1620">
     <span class='ocr_line' id='line_1_18' title="bbox 128 1539 1740 1620; baseline -0.002 -22"><span class='ocrx_word' id='word_1_116' title='bbox 128 1547 273 1620; x_wconf 83' lang='grc' dir='ltr'><strong>ξίφει</strong></span> <span class='ocrx_word' id='word_1_117' title='bbox 325 1553 418 1606; x_wconf 80' lang='grc' dir='ltr'><strong>τὴν</strong></span> <span class='ocrx_word' id='word_1_118' title='bbox 476 1547 700 1618; x_wconf 80' lang='grc' dir='ltr'><strong>κεφαλὴν</strong></span> <span class='ocrx_word' id='word_1_119' title='bbox 758 1546 1078 1620; x_wconf 82' lang='grc' dir='ltr'><strong>ἀφαιρεῖται.</strong></span> <span class='ocrx_word' id='word_1_120' title='bbox 1144 1549 1242 1598; x_wconf 84' lang='grc' dir='ltr'><strong>Καὶ</strong></span> <span class='ocrx_word' id='word_1_121' title='bbox 1305 1543 1557 1615; x_wconf 78' lang='grc' dir='ltr'><strong>Ἀνθιμος</strong></span> <span class='ocrx_word' id='word_1_122' title='bbox 1603 1539 1662 1594; x_wconf 75' lang='grc' dir='ltr'><strong>δε</strong></span> <span class='ocrx_word' id='word_1_123' title='bbox 1715 1544 1740 1594; x_wconf 87' lang='grc' dir='ltr'><strong><em>ὁ</em></strong></span> 
     </span>
    </p>
   </div>
   <div class='ocr_carea' id='block_1_19' title="bbox 132 1627 1738 1709">
    <p class='ocr_par' dir='ltr' id='par_1_19' title="bbox 132 1627 1738 1709">
     <span class='ocr_line' id='line_1_19' title="bbox 132 1627 1738 1709; baseline -0.004 -21"><span class='ocrx_word' id='word_1_124' title='bbox 132 1638 412 1698; x_wconf 77' lang='grc' dir='ltr'><strong>Θεσπέσιος</strong></span> <span class='ocrx_word' id='word_1_125' title='bbox 481 1645 679 1709; x_wconf 88' lang='grc' dir='ltr'><strong>πρῶτον</strong></span> <span class='ocrx_word' id='word_1_126' title='bbox 745 1640 834 1708; x_wconf 75' lang='grc' dir='ltr'><strong>μὲν</strong></span> <span class='ocrx_word' id='word_1_127' title='bbox 907 1634 1118 1694; x_wconf 79' lang='grc' dir='ltr'><strong>ἀπηνῶς</strong></span> <span class='ocrx_word' id='word_1_128' title='bbox 1176 1633 1403 1696; x_wconf 64' lang='lat' dir='ltr'><strong>Earini-au</strong></span> <span class='ocrx_word' id='word_1_129' title='bbox 1436 1650 1447 1661; x_wconf 82' lang='lat'>&#39;</span> <span class='ocrx_word' id='word_1_130' title='bbox 1505 1636 1624 1693; x_wconf 86' lang='grc' dir='ltr'><strong>τοὺς</strong></span> <span class='ocrx_word' id='word_1_131' title='bbox 1690 1627 1738 1682; x_wconf 85' lang='grc' dir='ltr'><strong>δ’</strong></span> 
     </span>
    </p>
   </div>
   <div class='ocr_carea' id='block_1_20' title="bbox 1847 468 3498 540">
    <p class='ocr_par' dir='ltr' id='par_1_20' title="bbox 1847 468 3498 540">
     <span class='ocr_line' id='line_1_20' title="bbox 1847 468 3498 540; baseline 0.002 -15"><span class='ocrx_word' id='word_1_132' title='bbox 1847 476 2138 532; x_wconf 86' lang='lat' dir='ltr'><strong>censetur,</strong></span> <span class='ocrx_word' id='word_1_133' title='bbox 2167 471 2226 524; x_wconf 92' lang='lat' dir='ltr'><strong>in</strong></span> <span class='ocrx_word' id='word_1_134' title='bbox 2255 469 2477 540; x_wconf 91' lang='lat' dir='ltr'><strong>templo</strong></span> <span class='ocrx_word' id='word_1_135' title='bbox 2505 468 2766 525; x_wconf 82' lang='lat' dir='ltr'><strong>natalem</strong></span> <span class='ocrx_word' id='word_1_136' title='bbox 2798 485 2934 524; x_wconf 90' lang='lat' dir='ltr'><strong>eum</strong></span> <span class='ocrx_word' id='word_1_137' title='bbox 2958 469 3327 526; x_wconf 89' lang='lat' dir='ltr'><strong>celebratura</strong></span> <span class='ocrx_word' id='word_1_138' title='bbox 3348 487 3498 528; x_wconf 89' lang='lat' dir='ltr'><strong>con-</strong></span> 
     </span>
    </p>
   </div>
   <div class='ocr_carea' id='block_1_21' title="bbox 1849 558 3501 632">
    <p class='ocr_par' dir='ltr' id='par_1_21' title="bbox 1849 558 3501 632">
     <span class='ocr_line' id='line_1_21' title="bbox 1849 558 3501 632; baseline 0.002 -18"><span class='ocrx_word' id='word_1_139' title='bbox 1849 559 2126 624; x_wconf 86' lang='lat' dir='ltr'><strong>venisset,</strong></span> <span class='ocrx_word' id='word_1_140' title='bbox 2160 565 2450 631; x_wconf 82' lang='lat' dir='ltr'><strong>tyrannus</strong></span> <span class='ocrx_word' id='word_1_141' title='bbox 2495 558 2672 614; x_wconf 89' lang='lat' dir='ltr'><strong>veluti</strong></span> <span class='ocrx_word' id='word_1_142' title='bbox 2709 564 3116 630; x_wconf 88' lang='lat' dir='ltr'><strong>opportunum</strong></span> <span class='ocrx_word' id='word_1_143' title='bbox 3149 563 3387 632; x_wconf 85' lang='lat' dir='ltr'><strong>tempus</strong></span> <span class='ocrx_word' id='word_1_144' title='bbox 3441 566 3501 617; x_wconf 87' lang='lat' dir='ltr'><strong>et</strong></span> 
     </span>
    </p>
   </div>
   <div class='ocr_carea' id='block_1_22' title="bbox 1844 648 3500 720">
    <p class='ocr_par' dir='ltr' id='par_1_22' title="bbox 1844 648 3500 720">
     <span class='ocr_line' id='line_1_22' title="bbox 1844 648 3500 720; baseline 0.001 -15"><span class='ocrx_word' id='word_1_145' title='bbox 1844 649 2146 705; x_wconf 89' lang='lat' dir='ltr'><strong>lucrosam</strong></span> <span class='ocrx_word' id='word_1_146' title='bbox 2173 648 2552 705; x_wconf 82' lang='lat' dir='ltr'><strong>occasionem</strong></span> <span class='ocrx_word' id='word_1_147' title='bbox 2584 653 2821 713; x_wconf 83' lang='lat' dir='ltr'><strong>nactus,</strong></span> <span class='ocrx_word' id='word_1_148' title='bbox 2849 664 2952 718; x_wconf 92' lang='lat' dir='ltr'><strong>per</strong></span> <span class='ocrx_word' id='word_1_149' title='bbox 2977 663 3159 720; x_wconf 89' lang='lat' dir='ltr'><strong>quam</strong></span> <span class='ocrx_word' id='word_1_150' title='bbox 3189 652 3500 707; x_wconf 86' lang='lat' dir='ltr'><strong>vesaniam</strong></span> 
     </span>
    </p>
   </div>
   <div class='ocr_carea' id='block_1_23' title="bbox 1849 736 3497 810">
    <p class='ocr_par' dir='ltr' id='par_1_23' title="bbox 1849 736 3497 810">
     <span class='ocr_line' id='line_1_23' title="bbox 1849 736 3497 810; baseline 0.002 -19"><span class='ocrx_word' id='word_1_151' title='bbox 1849 743 1903 792; x_wconf 90' lang='lat' dir='ltr'><strong>et</strong></span> <span class='ocrx_word' id='word_1_152' title='bbox 1921 737 2178 792; x_wconf 89' lang='lat' dir='ltr'><strong>furorem</strong></span> <span class='ocrx_word' id='word_1_153' title='bbox 2206 753 2380 792; x_wconf 90' lang='lat' dir='ltr'><strong>suum</strong></span> <span class='ocrx_word' id='word_1_154' title='bbox 2407 736 2777 806; x_wconf 88' lang='lat' dir='ltr'><strong>adimpleret,</strong></span> <span class='ocrx_word' id='word_1_155' title='bbox 2805 737 3052 792; x_wconf 91' lang='lat' dir='ltr'><strong>misiteo</strong></span> <span class='ocrx_word' id='word_1_156' title='bbox 3074 739 3174 808; x_wconf 88' lang='lat' dir='ltr'><strong>qui</strong></span> <span class='ocrx_word' id='word_1_157' title='bbox 3206 738 3497 810; x_wconf 87' lang='lat' dir='ltr'><strong>templum</strong></span> 
     </span>
    </p>
   </div>
   <div class='ocr_carea' id='block_1_24' title="bbox 1849 825 3498 895">
    <p class='ocr_par' dir='ltr' id='par_1_24' title="bbox 1849 825 3498 895">
     <span class='ocr_line' id='line_1_24' title="bbox 1849 825 3498 895; baseline 0.002 -15"><span class='ocrx_word' id='word_1_158' title='bbox 1849 827 2210 891; x_wconf 87' lang='lat' dir='ltr'><strong>clauderent,</strong></span> <span class='ocrx_word' id='word_1_159' title='bbox 2239 831 2295 882; x_wconf 82' lang='lat' dir='ltr'><strong>et</strong></span> <span class='ocrx_word' id='word_1_160' title='bbox 2317 827 2518 895; x_wconf 85' lang='lat' dir='ltr'><strong>ignem</strong></span> <span class='ocrx_word' id='word_1_161' title='bbox 2535 825 2922 881; x_wconf 84' lang='lat' dir='ltr'><strong>circumcirca</strong></span> <span class='ocrx_word' id='word_1_162' title='bbox 2945 827 3356 883; x_wconf 86' lang='lat' dir='ltr'><strong>accenderent.</strong></span> <span class='ocrx_word' id='word_1_163' title='bbox 3383 829 3498 884; x_wconf 85' lang='lat' dir='ltr'><strong>Ad-</strong></span> 
     </span>
    </p>
   </div>
   <div class='ocr_carea' id='block_1_25' title="bbox 1849 915 3494 987">
    <p class='ocr_par' dir='ltr' id='par_1_25' title="bbox 1849 915 3494 987">
     <span class='ocr_line' id='line_1_25' title="bbox 1849 915 3494 987; baseline 0.002 -17"><span class='ocrx_word' id='word_1_164' title='bbox 1849 921 1973 971; x_wconf 89' lang='lat' dir='ltr'><strong>erat</strong></span> <span class='ocrx_word' id='word_1_165' title='bbox 2001 915 2082 970; x_wconf 92' lang='lat' dir='ltr'><strong>ibi</strong></span> <span class='ocrx_word' id='word_1_166' title='bbox 2113 930 2330 986; x_wconf 70' lang='lat' dir='ltr'><strong>praaco,</strong></span> <span class='ocrx_word' id='word_1_167' title='bbox 2361 916 2462 986; x_wconf 87' lang='lat' dir='ltr'><strong>qui</strong></span> <span class='ocrx_word' id='word_1_168' title='bbox 2497 931 2639 970; x_wconf 92' lang='lat' dir='ltr'><strong>voce</strong></span> <span class='ocrx_word' id='word_1_169' title='bbox 2669 915 2918 970; x_wconf 90' lang='lat' dir='ltr'><strong>clariore</strong></span> <span class='ocrx_word' id='word_1_170' title='bbox 2951 917 3396 987; x_wconf 83' lang='lat' dir='ltr'><strong>promulgabat,</strong></span> <span class='ocrx_word' id='word_1_171' title='bbox 3429 922 3494 973; x_wconf 89' lang='lat' dir='ltr'><strong>ut</strong></span> 
     </span>
    </p>
   </div>
   <div class='ocr_carea' id='block_1_26' title="bbox 1849 1003 3502 1077">
    <p class='ocr_par' dir='ltr' id='par_1_26' title="bbox 1849 1003 3502 1077">
     <span class='ocr_line' id='line_1_26' title="bbox 1849 1003 3502 1077; baseline 0.003 -19"><span class='ocrx_word' id='word_1_172' title='bbox 1849 1005 1954 1077; x_wconf 89' lang='lat' dir='ltr'><strong>qui</strong></span> <span class='ocrx_word' id='word_1_173' title='bbox 1987 1005 2182 1059; x_wconf 89' lang='lat' dir='ltr'><strong>vivere</strong></span> <span class='ocrx_word' id='word_1_174' title='bbox 2219 1003 2410 1069; x_wconf 90' lang='lat' dir='ltr'><strong>vellet,</strong></span> <span class='ocrx_word' id='word_1_175' title='bbox 2442 1020 2516 1059; x_wconf 87' lang='lat' dir='ltr'><strong>ex</strong></span> <span class='ocrx_word' id='word_1_176' title='bbox 2558 1003 2778 1075; x_wconf 91' lang='lat' dir='ltr'><strong>templo</strong></span> <span class='ocrx_word' id='word_1_177' title='bbox 2808 1005 3008 1070; x_wconf 82' lang='lat' dir='ltr'><strong>exiret,</strong></span> <span class='ocrx_word' id='word_1_178' title='bbox 3039 1012 3093 1060; x_wconf 92' lang='lat' dir='ltr'><strong>et</strong></span> <span class='ocrx_word' id='word_1_179' title='bbox 3133 1005 3190 1060; x_wconf 92' lang='lat' dir='ltr'><strong>in</strong></span> <span class='ocrx_word' id='word_1_180' title='bbox 3225 1007 3502 1077; x_wconf 87' lang='lat' dir='ltr'><strong>proxima</strong></span> 
     </span>
    </p>
   </div>
   <div class='ocr_carea' id='block_1_27' title="bbox 1849 1092 3497 1166">
    <p class='ocr_par' dir='ltr' id='par_1_27' title="bbox 1849 1092 3497 1166">
     <span class='ocr_line' id='line_1_27' title="bbox 1849 1092 3497 1166; baseline 0.002 -18"><span class='ocrx_word' id='word_1_181' title='bbox 1849 1093 2009 1150; x_wconf 82' lang='lat' dir='ltr'><strong>Jovis</strong></span> <span class='ocrx_word' id='word_1_182' title='bbox 2034 1109 2138 1148; x_wconf 90' lang='lat' dir='ltr'><strong>ara</strong></span> <span class='ocrx_word' id='word_1_183' title='bbox 2171 1093 2345 1148; x_wconf 89' lang='lat' dir='ltr'><strong>thura</strong></span> <span class='ocrx_word' id='word_1_184' title='bbox 2383 1092 2668 1161; x_wconf 83' lang='lat' dir='ltr'><strong>adoleret,</strong></span> <span class='ocrx_word' id='word_1_185' title='bbox 2696 1092 2919 1166; x_wconf 90' lang='lat' dir='ltr'><strong>alioqui</strong></span> <span class='ocrx_word' id='word_1_186' title='bbox 2951 1094 3062 1148; x_wconf 90' lang='lat' dir='ltr'><strong>nisi</strong></span> <span class='ocrx_word' id='word_1_187' title='bbox 3093 1094 3208 1149; x_wconf 89' lang='lat' dir='ltr'><strong>hoc</strong></span> <span class='ocrx_word' id='word_1_188' title='bbox 3239 1095 3497 1162; x_wconf 81' lang='lat' dir='ltr'><strong>fecisset,</strong></span> 
     </span>
    </p>
   </div>
   <div class='ocr_carea' id='block_1_28' title="bbox 1855 1181 3497 1254">
    <p class='ocr_par' dir='ltr' id='par_1_28' title="bbox 1855 1181 3497 1254">
     <span class='ocr_line' id='line_1_28' title="bbox 1855 1181 3497 1254; baseline 0.001 -16"><span class='ocrx_word' id='word_1_189' title='bbox 1855 1199 1974 1238; x_wconf 89' lang='lat' dir='ltr'><strong>una</strong></span> <span class='ocrx_word' id='word_1_190' title='bbox 2001 1199 2137 1237; x_wconf 90' lang='lat' dir='ltr'><strong>cum</strong></span> <span class='ocrx_word' id='word_1_191' title='bbox 2169 1181 2352 1237; x_wconf 87' lang='lat' dir='ltr'><strong>domo</strong></span> <span class='ocrx_word' id='word_1_192' title='bbox 2384 1181 2518 1254; x_wconf 88' lang='lat' dir='ltr'><strong>ipsa</strong></span> <span class='ocrx_word' id='word_1_193' title='bbox 2547 1182 3050 1252; x_wconf 89' lang='lat' dir='ltr'><strong>conﬂagraturus.</strong></span> <span class='ocrx_word' id='word_1_194' title='bbox 3092 1186 3237 1239; x_wconf 91' lang='lat' dir='ltr'><strong>Tum</strong></span> <span class='ocrx_word' id='word_1_195' title='bbox 3269 1201 3409 1240; x_wconf 92' lang='lat' dir='ltr'><strong>vero</strong></span> <span class='ocrx_word' id='word_1_196' title='bbox 3437 1185 3497 1240; x_wconf 92' lang='lat' dir='ltr'><strong>in</strong></span> 
     </span>
    </p>
   </div>
   <div class='ocr_carea' id='block_1_29' title="bbox 1852 1270 3500 1343">
    <p class='ocr_par' dir='ltr' id='par_1_29' title="bbox 1852 1270 3500 1343">
     <span class='ocr_line' id='line_1_29' title="bbox 1852 1270 3500 1343; baseline 0.002 -16"><span class='ocrx_word' id='word_1_197' title='bbox 1852 1271 2071 1343; x_wconf 88' lang='lat' dir='ltr'><strong>templo</strong></span> <span class='ocrx_word' id='word_1_198' title='bbox 2099 1271 2228 1342; x_wconf 89' lang='lat' dir='ltr'><strong>ipso</strong></span> <span class='ocrx_word' id='word_1_199' title='bbox 2242 1271 2492 1342; x_wconf 83' lang='lat' dir='ltr'><strong>quidam</strong></span> <span class='ocrx_word' id='word_1_200' title='bbox 2519 1287 2625 1342; x_wconf 93' lang='lat' dir='ltr'><strong>pro</strong></span> <span class='ocrx_word' id='word_1_201' title='bbox 2653 1270 3030 1326; x_wconf 89' lang='lat' dir='ltr'><strong>multitudine</strong></span> <span class='ocrx_word' id='word_1_202' title='bbox 3058 1287 3129 1327; x_wconf 93' lang='lat' dir='ltr'><strong>ea</strong></span> <span class='ocrx_word' id='word_1_203' title='bbox 3149 1272 3338 1339; x_wconf 90' lang='lat' dir='ltr'><strong>omni,</strong></span> <span class='ocrx_word' id='word_1_204' title='bbox 3359 1290 3500 1330; x_wconf 84' lang='lat' dir='ltr'><strong>cum</strong></span> 
     </span>
    </p>
   </div>
   <div class='ocr_carea' id='block_1_30' title="bbox 1849 1359 3507 1433">
    <p class='ocr_par' dir='ltr' id='par_1_30' title="bbox 1849 1359 3507 1433">
     <span class='ocr_line' id='line_1_30' title="bbox 1849 1359 3507 1433; baseline 0.001 -17"><span class='ocrx_word' id='word_1_205' title='bbox 1849 1361 2116 1416; x_wconf 87' lang='lat' dir='ltr'><strong>libertate</strong></span> <span class='ocrx_word' id='word_1_206' title='bbox 2139 1359 2356 1429; x_wconf 83' lang='lat' dir='ltr'><strong>insigni</strong></span> <span class='ocrx_word' id='word_1_207' title='bbox 2390 1360 2704 1432; x_wconf 91' lang='lat' dir='ltr'><strong>propalam</strong></span> <span class='ocrx_word' id='word_1_208' title='bbox 2731 1361 3060 1428; x_wconf 86' lang='lat' dir='ltr'><strong>respondit,</strong></span> <span class='ocrx_word' id='word_1_209' title='bbox 3101 1367 3158 1416; x_wconf 91' lang='lat' dir='ltr'><strong>et</strong></span> <span class='ocrx_word' id='word_1_210' title='bbox 3181 1361 3507 1433; x_wconf 81' lang='lat' dir='ltr'><strong>pulcherri—</strong></span> 
     </span>
    </p>
   </div>
   <div class='ocr_carea' id='block_1_31' title="bbox 1852 1448 3503 1521">
    <p class='ocr_par' dir='ltr' id='par_1_31' title="bbox 1852 1448 3503 1521">
     <span class='ocr_line' id='line_1_31' title="bbox 1852 1448 3503 1521; baseline 0.001 -16"><span class='ocrx_word' id='word_1_211' title='bbox 1852 1466 2012 1506; x_wconf 85' lang='lat' dir='ltr'><strong>mam</strong></span> <span class='ocrx_word' id='word_1_212' title='bbox 2042 1449 2206 1505; x_wconf 88' lang='lat' dir='ltr'><strong>illam</strong></span> <span class='ocrx_word' id='word_1_213' title='bbox 2236 1448 2420 1504; x_wconf 89' lang='lat' dir='ltr'><strong>edidit</strong></span> <span class='ocrx_word' id='word_1_214' title='bbox 2449 1465 2691 1508; x_wconf 90' lang='lat' dir='ltr'><strong>vocem:</strong></span> <span class='ocrx_word' id='word_1_215' title='bbox 2724 1448 2896 1521; x_wconf 70' lang='grc'><strong>447</strong></span> <span class='ocrx_word' id='word_1_216' title='bbox 2932 1451 3149 1506; x_wconf 89' lang='lat' dir='ltr'><strong>Omnes</strong></span> <span class='ocrx_word' id='word_1_217' title='bbox 3193 1466 3302 1506; x_wconf 90' lang='lat' dir='ltr'><strong>nos</strong></span> <span class='ocrx_word' id='word_1_218' title='bbox 3335 1451 3503 1507; x_wconf 84' lang='lat' dir='ltr'><strong>Chri-</strong></span> 
     </span>
    </p>
   </div>
   <div class='ocr_carea' id='block_1_32' title="bbox 1852 1539 3498 1612">
    <p class='ocr_par' dir='ltr' id='par_1_32' title="bbox 1852 1539 3498 1612">
     <span class='ocr_line' id='line_1_32' title="bbox 1852 1539 3498 1612; baseline 0.001 -18"><span class='ocrx_word' id='word_1_219' title='bbox 1852 1539 2028 1594; x_wconf 87' lang='lat' dir='ltr'><strong>stiani</strong></span> <span class='ocrx_word' id='word_1_220' title='bbox 2045 1555 2278 1602; x_wconf 89' lang='lat' dir='ltr'><strong>sumus,</strong></span> <span class='ocrx_word' id='word_1_221' title='bbox 2313 1555 2501 1594; x_wconf 89' lang='lat' dir='ltr'><strong>unum</strong></span> <span class='ocrx_word' id='word_1_222' title='bbox 2527 1555 2787 1610; x_wconf 90' lang='lat' dir='ltr'><strong>eumque</strong></span> <span class='ocrx_word' id='word_1_223' title='bbox 2803 1540 2996 1594; x_wconf 91' lang='lat' dir='ltr'><strong>solum</strong></span> <span class='ocrx_word' id='word_1_224' title='bbox 3013 1540 3200 1596; x_wconf 90' lang='lat' dir='ltr'><strong>Deum</strong></span> <span class='ocrx_word' id='word_1_225' title='bbox 3219 1547 3275 1596; x_wconf 92' lang='lat' dir='ltr'><strong>et</strong></span> <span class='ocrx_word' id='word_1_226' title='bbox 3297 1557 3498 1612; x_wconf 85' lang='lat' dir='ltr'><strong>regem</strong></span> 
     </span>
    </p>
   </div>
   <div class='ocr_carea' id='block_1_33' title="bbox 1849 1629 3503 1702">
    <p class='ocr_par' dir='ltr' id='par_1_33' title="bbox 1849 1629 3503 1702">
     <span class='ocr_line' id='line_1_33' title="bbox 1849 1629 3503 1702; baseline 0.002 -18"><span class='ocrx_word' id='word_1_227' title='bbox 1849 1629 2147 1684; x_wconf 84' lang='lat' dir='ltr'><strong>credimus</strong></span> <span class='ocrx_word' id='word_1_228' title='bbox 2176 1644 2310 1683; x_wconf 90' lang='lat' dir='ltr'><strong>esse</strong></span> <span class='ocrx_word' id='word_1_229' title='bbox 2343 1629 2639 1684; x_wconf 84' lang='lat' dir='ltr'><strong>Christum</strong></span> <span class='ocrx_word' id='word_1_230' title='bbox 2674 1644 2686 1682; x_wconf 92' lang='lat'>:</span> <span class='ocrx_word' id='word_1_231' title='bbox 2721 1629 2932 1700; x_wconf 87' lang='lat' dir='ltr'><strong>etipsi,</strong></span> <span class='ocrx_word' id='word_1_232' title='bbox 2970 1630 3240 1702; x_wconf 87' lang='lat' dir='ltr'><strong>Patrique</strong></span> <span class='ocrx_word' id='word_1_233' title='bbox 3267 1630 3414 1702; x_wconf 88' lang='lat' dir='ltr'><strong>ejus,</strong></span> <span class='ocrx_word' id='word_1_234' title='bbox 3445 1635 3503 1687; x_wconf 89' lang='lat' dir='ltr'><strong>et</strong></span> 
     </span>
    </p>
   </div>
   <div class='ocr_carea' id='block_1_34' title="bbox 131 1716 1749 1810">
    <p class='ocr_par' dir='ltr' id='par_1_34' title="bbox 131 1719 1736 1800">
     <span class='ocr_line' id='line_1_34' title="bbox 131 1719 1736 1800; baseline -0.002 -22"><span class='ocrx_word' id='word_1_235' title='bbox 131 1725 506 1800; x_wconf 75' lang='grc' dir='ltr'><strong>ἀστραγάλους</strong></span> <span class='ocrx_word' id='word_1_236' title='bbox 547 1725 794 1786; x_wconf 82' lang='grc' dir='ltr'><strong>σούϐ).αις</strong></span> <span class='ocrx_word' id='word_1_237' title='bbox 851 1727 1015 1798; x_wconf 87' lang='grc' dir='ltr'><strong>πυρὸς</strong></span> <span class='ocrx_word' id='word_1_238' title='bbox 1083 1729 1297 1795; x_wconf 86' lang='grc' dir='ltr'><strong>μεσταῖς</strong></span> <span class='ocrx_word' id='word_1_239' title='bbox 1349 1719 1736 1793; x_wconf 84' lang='grc' dir='ltr'><strong>διαπερονᾶται.</strong></span> 
     </span>
    </p>
   </div>
   <div class='ocr_carea' id='block_1_35' title="bbox 1860 1716 3506 1810">
    <p class='ocr_par' dir='ltr' id='par_1_35' title="bbox 1860 1716 3506 1790">
     <span class='ocr_line' id='line_1_35' title="bbox 1860 1716 3506 1790; baseline 0.001 -15"><span class='ocrx_word' id='word_1_240' title='bbox 1860 1717 2093 1788; x_wconf 84' lang='lat' dir='ltr'><strong>Spiritui</strong></span> <span class='ocrx_word' id='word_1_241' title='bbox 2125 1724 2334 1773; x_wconf 83' lang='lat' dir='ltr'><strong>sancto</strong></span> <span class='ocrx_word' id='word_1_242' title='bbox 2380 1716 2736 1784; x_wconf 90' lang='lat' dir='ltr'><strong>sacriﬁcare,</strong></span> <span class='ocrx_word' id='word_1_243' title='bbox 2770 1723 2949 1790; x_wconf 89' lang='lat' dir='ltr'><strong>atque</strong></span> <span class='ocrx_word' id='word_1_244' title='bbox 2980 1733 3089 1773; x_wconf 90' lang='lat' dir='ltr'><strong>nos</strong></span> <span class='ocrx_word' id='word_1_245' title='bbox 3136 1735 3348 1775; x_wconf 88' lang='lat' dir='ltr'><strong>omnes</strong></span> <span class='ocrx_word' id='word_1_246' title='bbox 3383 1735 3506 1776; x_wconf 89' lang='lat' dir='ltr'><strong>una.</strong></span> 
     </span>
    </p>
   </div>
   <div class='ocr_carea' id='block_1_36' title="bbox 131 1809 1737 1890">
    <p class='ocr_par' dir='ltr' id='par_1_36' title="bbox 131 1809 1737 1890">
     <span class='ocr_line' id='line_1_36' title="bbox 131 1809 1737 1890; baseline -0.005 -20"><span class='ocrx_word' id='word_1_247' title='bbox 131 1812 248 1870; x_wconf 81' lang='grc' dir='ltr'><strong>Εἶτ’</strong></span> <span class='ocrx_word' id='word_1_248' title='bbox 293 1814 368 1867; x_wconf 70' lang='grc' dir='ltr'><strong>ἐπ’</strong></span> <span class='ocrx_word' id='word_1_249' title='bbox 431 1814 709 1890; x_wconf 76' lang='grc' dir='ltr'><strong>ὀστράκοις</strong></span> <span class='ocrx_word' id='word_1_250' title='bbox 760 1814 988 1879; x_wconf 81' lang='grc' dir='ltr'><strong>ἧπλωτο,</strong></span> <span class='ocrx_word' id='word_1_251' title='bbox 1051 1811 1259 1886; x_wconf 84' lang='grc' dir='ltr'><strong>βάκ).οις</strong></span> <span class='ocrx_word' id='word_1_252' title='bbox 1324 1831 1377 1864; x_wconf 92' lang='grc' dir='ltr'><strong>τε</strong></span> <span class='ocrx_word' id='word_1_253' title='bbox 1427 1809 1737 1884; x_wconf 79' lang='grc' dir='ltr'><strong>συντριϐεὶς,</strong></span> 
     </span>
    </p>
   </div>
   <div class='ocr_carea' id='block_1_37' title="bbox 128 1901 1739 1980">
    <p class='ocr_par' dir='ltr' id='par_1_37' title="bbox 128 1901 1739 1980">
     <span class='ocr_line' id='line_1_37' title="bbox 128 1901 1739 1980; baseline -0.004 -23"><span class='ocrx_word' id='word_1_254' title='bbox 128 1901 408 1980; x_wconf 75' lang='grc' dir='ltr'><strong>κρηπῖδας</strong></span> <span class='ocrx_word' id='word_1_255' title='bbox 479 1905 685 1977; x_wconf 81' lang='grc' dir='ltr'><strong>χαλκοῦ</strong></span> <span class='ocrx_word' id='word_1_256' title='bbox 765 1906 1132 1976; x_wconf 76' lang='grc' dir='ltr'><strong>πεποιημένας,</strong></span> <span class='ocrx_word' id='word_1_257' title='bbox 1206 1907 1334 1975; x_wconf 85' lang='grc' dir='ltr'><strong>πυρὶ</strong></span> <span class='ocrx_word' id='word_1_258' title='bbox 1413 1903 1739 1972; x_wconf 81' lang='grc' dir='ltr'><strong>συνημμένας</strong></span> 
     </span>
    </p>
   </div>
   <div class='ocr_carea' id='block_1_38' title="bbox 129 1989 1741 2068">
    <p class='ocr_par' dir='ltr' id='par_1_38' title="bbox 129 1989 1741 2068">
     <span class='ocr_line' id='line_1_38' title="bbox 129 1989 1741 2068; baseline -0.002 -22"><span class='ocrx_word' id='word_1_259' title='bbox 129 1990 504 2046; x_wconf 79' lang='grc' dir='ltr'><strong>ὑποδέδεται·</strong></span> <span class='ocrx_word' id='word_1_260' title='bbox 552 1997 745 2068; x_wconf 89' lang='grc' dir='ltr'><strong>τροχὸν</strong></span> <span class='ocrx_word' id='word_1_261' title='bbox 799 1995 1083 2066; x_wconf 70' lang='grc' dir='ltr'><strong>ὑφίσταται</strong></span> <span class='ocrx_word' id='word_1_262' title='bbox 1116 2009 1128 2021; x_wconf 80' lang='grc'><strong><em>⁸</em></strong></span> <span class='ocrx_word' id='word_1_263' title='bbox 1188 1991 1429 2063; x_wconf 77' lang='grc' dir='ltr'><strong>λαμπάσι</strong></span> <span class='ocrx_word' id='word_1_264' title='bbox 1492 1989 1741 2062; x_wconf 82' lang='grc' dir='ltr'><strong>κατάφλε-</strong></span> 
     </span>
    </p>
   </div>
   <div class='ocr_carea' id='block_1_39' title="bbox 129 2076 1735 2159">
    <p class='ocr_par' dir='ltr' id='par_1_39' title="bbox 129 2076 1735 2159">
     <span class='ocr_line' id='line_1_39' title="bbox 129 2076 1735 2159; baseline -0.004 -23"><span class='ocrx_word' id='word_1_265' title='bbox 129 2102 263 2146; x_wconf 87' lang='grc' dir='ltr'><strong>κτος</strong></span> <span class='ocrx_word' id='word_1_266' title='bbox 312 2088 506 2154; x_wconf 89' lang='grc' dir='ltr'><strong>γίνεται</strong></span> <span class='ocrx_word' id='word_1_267' title='bbox 539 2103 550 2112; x_wconf 93' lang='grc'>·</span> <span class='ocrx_word' id='word_1_268' title='bbox 605 2090 695 2136; x_wconf 83' lang='grc' dir='ltr'><strong>καὶ</strong></span> <span class='ocrx_word' id='word_1_269' title='bbox 747 2088 907 2159; x_wconf 78' lang='grc' dir='ltr'><strong>πέρας</strong></span> <span class='ocrx_word' id='word_1_270' title='bbox 967 2089 1058 2134; x_wconf 90' lang='grc' dir='ltr'><strong>τοῦ</strong></span> <span class='ocrx_word' id='word_1_271' title='bbox 1123 2079 1240 2155; x_wconf 87' lang='grc' dir='ltr'><strong>βίου</strong></span> <span class='ocrx_word' id='word_1_272' title='bbox 1285 2077 1501 2154; x_wconf 88' lang='grc' dir='ltr'><strong>σίδηρος</strong></span> <span class='ocrx_word' id='word_1_273' title='bbox 1553 2076 1614 2137; x_wconf 80' lang='grc' dir='ltr'><strong>ἧν</strong></span> <span class='ocrx_word' id='word_1_274' title='bbox 1661 2078 1735 2131; x_wconf 72' lang='grc' dir='ltr'><strong>ἐκ·</strong></span> 
     </span>
    </p>
   </div>
   <div class='ocr_carea' id='block_1_40' title="bbox 128 2171 744 2245">
    <p class='ocr_par' dir='ltr' id='par_1_40' title="bbox 128 2171 744 2245">
     <span class='ocr_line' id='line_1_40' title="bbox 128 2171 744 2245; baseline -0.005 -20"><span class='ocrx_word' id='word_1_275' title='bbox 128 2175 335 2244; x_wconf 79' lang='grc' dir='ltr'><strong>τέμνων</strong></span> <span class='ocrx_word' id='word_1_276' title='bbox 373 2177 466 2231; x_wconf 80' lang='grc' dir='ltr'><strong>τὴν</strong></span> <span class='ocrx_word' id='word_1_277' title='bbox 496 2171 744 2245; x_wconf 82' lang='grc' dir='ltr'><strong>κεφαλήν.</strong></span> 
     </span>
    </p>
   </div>
   <div class='ocr_carea' id='block_1_41' title="bbox 1849 1807 3501 1882">
    <p class='ocr_par' dir='ltr' id='par_1_41' title="bbox 1849 1807 3501 1882">
     <span class='ocr_line' id='line_1_41' title="bbox 1849 1807 3501 1882; baseline 0.001 -18"><span class='ocrx_word' id='word_1_278' title='bbox 1849 1808 2061 1864; x_wconf 74' lang='lat' dir='ltr'><strong>offerre</strong></span> <span class='ocrx_word' id='word_1_279' title='bbox 2096 1807 2263 1864; x_wconf 86' lang='lat' dir='ltr'><strong>facile</strong></span> <span class='ocrx_word' id='word_1_280' title='bbox 2307 1809 2502 1879; x_wconf 85' lang='lat' dir='ltr'><strong>parati</strong></span> <span class='ocrx_word' id='word_1_281' title='bbox 2535 1824 2762 1863; x_wconf 88' lang='lat' dir='ltr'><strong>sumus.</strong></span> <span class='ocrx_word' id='word_1_282' title='bbox 2800 1810 2902 1862; x_wconf 90' lang='lat' dir='ltr'><strong>Vix</strong></span> <span class='ocrx_word' id='word_1_283' title='bbox 2934 1808 3062 1864; x_wconf 71' lang='lat' dir='ltr'><strong>haec</strong></span> <span class='ocrx_word' id='word_1_284' title='bbox 3105 1808 3198 1864; x_wconf 91' lang='lat' dir='ltr'><strong>ille</strong></span> <span class='ocrx_word' id='word_1_285' title='bbox 3250 1810 3501 1882; x_wconf 81' lang='lat' dir='ltr'><strong>dixerat,</strong></span> 
     </span>
    </p>
   </div>
   <div class='ocr_carea' id='block_1_42' title="bbox 1850 1897 3510 1968">
    <p class='ocr_par' dir='ltr' id='par_1_42' title="bbox 1850 1897 3510 1968">
     <span class='ocr_line' id='line_1_42' title="bbox 1850 1897 3510 1968; baseline 0.001 -15"><span class='ocrx_word' id='word_1_286' title='bbox 1850 1903 1905 1954; x_wconf 91' lang='lat' dir='ltr'><strong>et</strong></span> <span class='ocrx_word' id='word_1_287' title='bbox 1947 1897 2102 1966; x_wconf 89' lang='lat' dir='ltr'><strong>ignis</strong></span> <span class='ocrx_word' id='word_1_288' title='bbox 2141 1903 2228 1952; x_wconf 92' lang='lat' dir='ltr'><strong>est</strong></span> <span class='ocrx_word' id='word_1_289' title='bbox 2267 1913 2576 1962; x_wconf 89' lang='lat' dir='ltr'><strong>accensus,</strong></span> <span class='ocrx_word' id='word_1_290' title='bbox 2605 1899 2707 1968; x_wconf 90' lang='lat' dir='ltr'><strong>qui</strong></span> <span class='ocrx_word' id='word_1_291' title='bbox 2750 1898 2807 1952; x_wconf 92' lang='lat' dir='ltr'><strong>in</strong></span> <span class='ocrx_word' id='word_1_292' title='bbox 2831 1899 3118 1968; x_wconf 91' lang='lat' dir='ltr'><strong>temporis</strong></span> <span class='ocrx_word' id='word_1_293' title='bbox 3148 1897 3327 1954; x_wconf 86' lang='lat' dir='ltr'><strong>veluti</strong></span> <span class='ocrx_word' id='word_1_294' title='bbox 3380 1915 3510 1955; x_wconf 93' lang='lat' dir='ltr'><strong>mo-</strong></span> 
     </span>
    </p>
   </div>
   <div class='ocr_carea' id='block_1_43' title="bbox 1854 1985 3506 2052">
    <p class='ocr_par' dir='ltr' id='par_1_43' title="bbox 1854 1985 3506 2052">
     <span class='ocr_line' id='line_1_43' title="bbox 1854 1985 3506 2052; baseline 0.001 -10"><span class='ocrx_word' id='word_1_295' title='bbox 1854 1992 2055 2042; x_wconf 90' lang='lat' dir='ltr'><strong>mento</strong></span> <span class='ocrx_word' id='word_1_296' title='bbox 2093 1986 2408 2042; x_wconf 90' lang='lat' dir='ltr'><strong>ecclesiam</strong></span> <span class='ocrx_word' id='word_1_297' title='bbox 2439 2001 2682 2042; x_wconf 88' lang='lat' dir='ltr'><strong>omnem</strong></span> <span class='ocrx_word' id='word_1_298' title='bbox 2715 1985 3087 2052; x_wconf 64' lang='lat' dir='ltr'><strong>complexus,</strong></span> <span class='ocrx_word' id='word_1_299' title='bbox 3123 1986 3250 2043; x_wconf 73' lang='lat' dir='ltr'><strong>illos</strong></span> <span class='ocrx_word' id='word_1_300' title='bbox 3290 2003 3506 2044; x_wconf 90' lang='lat' dir='ltr'><strong>omnes</strong></span> 
     </span>
    </p>
   </div>
   <div class='ocr_carea' id='block_1_44' title="bbox 1850 2075 3504 2148">
    <p class='ocr_par' dir='ltr' id='par_1_44' title="bbox 1850 2075 3504 2148">
     <span class='ocr_line' id='line_1_44' title="bbox 1850 2075 3504 2148; baseline 0.002 -16"><span class='ocrx_word' id='word_1_301' title='bbox 1850 2077 2080 2132; x_wconf 90' lang='lat' dir='ltr'><strong>circiter</strong></span> <span class='ocrx_word' id='word_1_302' title='bbox 2128 2076 2335 2147; x_wconf 88' lang='lat' dir='ltr'><strong>viginti</strong></span> <span class='ocrx_word' id='word_1_303' title='bbox 2385 2075 2635 2130; x_wconf 88' lang='lat' dir='ltr'><strong>millium</strong></span> <span class='ocrx_word' id='word_1_304' title='bbox 2701 2091 3020 2131; x_wconf 89' lang='lat' dir='ltr'><strong>numerum</strong></span> <span class='ocrx_word' id='word_1_305' title='bbox 3063 2077 3388 2148; x_wconf 81' lang='lat' dir='ltr'><strong>explentes,</strong></span> <span class='ocrx_word' id='word_1_306' title='bbox 3442 2079 3504 2135; x_wconf 92' lang='lat' dir='ltr'><strong>in</strong></span> 
     </span>
    </p>
   </div>
   <div class='ocr_carea' id='block_1_45' title="bbox 1851 2165 3521 2240">
    <p class='ocr_par' dir='ltr' id='par_1_45' title="bbox 1851 2165 3521 2240">
     <span class='ocr_line' id='line_1_45' title="bbox 1851 2165 3521 2240; baseline 0.001 -20"><span class='ocrx_word' id='word_1_307' title='bbox 1851 2165 2109 2220; x_wconf 91' lang='lat' dir='ltr'><strong>cinerem</strong></span> <span class='ocrx_word' id='word_1_308' title='bbox 2136 2165 2382 2235; x_wconf 87' lang='lat' dir='ltr'><strong>redegit.</strong></span> <span class='ocrx_word' id='word_1_309' title='bbox 2412 2165 2629 2220; x_wconf 90' lang='lat' dir='ltr'><strong>Deinde</strong></span> <span class='ocrx_word' id='word_1_310' title='bbox 2650 2165 2833 2221; x_wconf 90' lang='lat' dir='ltr'><strong>etiam</strong></span> <span class='ocrx_word' id='word_1_311' title='bbox 2861 2165 3048 2221; x_wconf 72' lang='lat' dir='ltr'><strong>beatae</strong></span> <span class='ocrx_word' id='word_1_312' title='bbox 3081 2169 3346 2231; x_wconf 67' lang='lat' dir='ltr'><strong>Domnaa,</strong></span> <span class='ocrx_word' id='word_1_313' title='bbox 3372 2177 3521 2240; x_wconf 82' lang='lat' dir='ltr'><strong>post</strong></span> 
     </span>
    </p>
   </div>
   <div class='ocr_carea' id='block_1_46' title="bbox 131 2255 3490 2333">
    <p class='ocr_par' dir='ltr' id='par_1_46' title="bbox 131 2255 3490 2333">
     <span class='ocr_line' id='line_1_46' title="bbox 131 2255 3490 2333; baseline -0.001 -15"><span class='ocrx_word' id='word_1_314' title='bbox 131 2261 437 2333; x_wconf 80' lang='lat' dir='ltr'><strong>supplicia</strong></span> <span class='ocrx_word' id='word_1_315' title='bbox 469 2263 654 2317; x_wconf 91' lang='lat' dir='ltr'><strong>multa</strong></span> <span class='ocrx_word' id='word_1_316' title='bbox 687 2261 909 2317; x_wconf 82' lang='lat' dir='ltr'><strong>fortiter</strong></span> <span class='ocrx_word' id='word_1_317' title='bbox 948 2259 1218 2324; x_wconf 84' lang='lat' dir='ltr'><strong>tolerata,</strong></span> <span class='ocrx_word' id='word_1_318' title='bbox 1261 2257 1461 2328; x_wconf 83' lang='lat' dir='ltr'><strong>gladio</strong></span> <span class='ocrx_word' id='word_1_319' title='bbox 1505 2261 1683 2329; x_wconf 88' lang='lat' dir='ltr'><strong>caput</strong></span> <span class='ocrx_word' id='word_1_320' title='bbox 1717 2263 2036 2310; x_wconf 84' lang='lat' dir='ltr'><strong>resecatur.</strong></span> <span class='ocrx_word' id='word_1_321' title='bbox 2075 2256 2316 2310; x_wconf 88' lang='lat' dir='ltr'><strong>Divinus</strong></span> <span class='ocrx_word' id='word_1_322' title='bbox 2353 2259 2554 2310; x_wconf 87' lang='lat' dir='ltr'><strong>autem</strong></span> <span class='ocrx_word' id='word_1_323' title='bbox 2586 2255 2900 2310; x_wconf 78' lang='lat' dir='ltr'><strong>Anthimus</strong></span> <span class='ocrx_word' id='word_1_324' title='bbox 2937 2255 3199 2327; x_wconf 89' lang='lat' dir='ltr'><strong>primum</strong></span> <span class='ocrx_word' id='word_1_325' title='bbox 3243 2257 3490 2328; x_wconf 89' lang='lat' dir='ltr'><strong>quidem</strong></span> 
     </span>
    </p>
   </div>
   <div class='ocr_carea' id='block_1_47' title="bbox 126 2343 3514 2418">
    <p class='ocr_par' dir='ltr' id='par_1_47' title="bbox 126 2343 3514 2418">
     <span class='ocr_line' id='line_1_47' title="bbox 126 2343 3514 2418; baseline -0.001 -14"><span class='ocrx_word' id='word_1_326' title='bbox 126 2350 546 2406; x_wconf 86' lang='lat' dir='ltr'><strong>crudelissime</strong></span> <span class='ocrx_word' id='word_1_327' title='bbox 594 2350 862 2416; x_wconf 65' lang='lat' dir='ltr'><strong>caeditur,</strong></span> <span class='ocrx_word' id='word_1_328' title='bbox 913 2348 1145 2404; x_wconf 88' lang='lat' dir='ltr'><strong>subulis</strong></span> <span class='ocrx_word' id='word_1_329' title='bbox 1193 2349 1330 2417; x_wconf 89' lang='lat' dir='ltr'><strong>igne</strong></span> <span class='ocrx_word' id='word_1_330' title='bbox 1387 2346 1785 2402; x_wconf 87' lang='lat' dir='ltr'><strong>candentibus</strong></span> <span class='ocrx_word' id='word_1_331' title='bbox 1838 2343 1986 2399; x_wconf 88' lang='lat' dir='ltr'><strong>talos</strong></span> <span class='ocrx_word' id='word_1_332' title='bbox 2028 2344 2384 2415; x_wconf 86' lang='lat' dir='ltr'><strong>perforatur,</strong></span> <span class='ocrx_word' id='word_1_333' title='bbox 2441 2359 2624 2414; x_wconf 87' lang='lat' dir='ltr'><strong>super</strong></span> <span class='ocrx_word' id='word_1_334' title='bbox 2691 2344 2885 2400; x_wconf 86' lang='lat' dir='ltr'><strong>fractis</strong></span> <span class='ocrx_word' id='word_1_335' title='bbox 2945 2345 3110 2400; x_wconf 89' lang='lat' dir='ltr'><strong>testis</strong></span> <span class='ocrx_word' id='word_1_336' title='bbox 3166 2347 3514 2418; x_wconf 84' lang='lat' dir='ltr'><strong>reponitur,</strong></span> 
     </span>
    </p>
   </div>
   <div class='ocr_carea' id='block_1_48' title="bbox 126 2432 3506 2508">
    <p class='ocr_par' dir='ltr' id='par_1_48' title="bbox 126 2432 3506 2508">
     <span class='ocr_line' id='line_1_48' title="bbox 126 2432 3506 2508; baseline -0.001 -12"><span class='ocrx_word' id='word_1_337' title='bbox 126 2438 366 2496; x_wconf 78' lang='lat' dir='ltr'><strong>baculis</strong></span> <span class='ocrx_word' id='word_1_338' title='bbox 427 2441 912 2504; x_wconf 87' lang='lat' dir='ltr'><strong>converberatur,</strong></span> <span class='ocrx_word' id='word_1_339' title='bbox 963 2437 1239 2508; x_wconf 88' lang='lat' dir='ltr'><strong>crepidas</strong></span> <span class='ocrx_word' id='word_1_340' title='bbox 1293 2450 1478 2491; x_wconf 71' lang='lat' dir='ltr'><strong>aereas</strong></span> <span class='ocrx_word' id='word_1_341' title='bbox 1543 2435 1758 2504; x_wconf 82' lang='lat' dir='ltr'><strong>ignitas</strong></span> <span class='ocrx_word' id='word_1_342' title='bbox 1817 2433 2105 2499; x_wconf 89' lang='lat' dir='ltr'><strong>induitur,</strong></span> <span class='ocrx_word' id='word_1_343' title='bbox 2159 2433 2414 2487; x_wconf 86' lang='lat' dir='ltr'><strong>fidiculis</strong></span> <span class='ocrx_word' id='word_1_344' title='bbox 2468 2432 2720 2505; x_wconf 85' lang='lat' dir='ltr'><strong>aliisque</strong></span> <span class='ocrx_word' id='word_1_345' title='bbox 2781 2439 3217 2490; x_wconf 87' lang='lat' dir='ltr'><strong>tormentorum</strong></span> <span class='ocrx_word' id='word_1_346' title='bbox 3281 2436 3506 2492; x_wconf 77' lang='lat' dir='ltr'><strong>instru~</strong></span> 
     </span>
    </p>
   </div>
   <div class='ocr_carea' id='block_1_49' title="bbox 138 2522 2567 2596">
    <p class='ocr_par' dir='ltr' id='par_1_49' title="bbox 138 2522 2567 2596">
     <span class='ocr_line' id='line_1_49' title="bbox 138 2522 2567 2596; baseline -0.004 -11"><span class='ocrx_word' id='word_1_347' title='bbox 138 2530 360 2585; x_wconf 87' lang='lat' dir='ltr'><strong>mentis</strong></span> <span class='ocrx_word' id='word_1_348' title='bbox 391 2528 786 2593; x_wconf 87' lang='lat' dir='ltr'><strong>excruciatur,</strong></span> <span class='ocrx_word' id='word_1_349' title='bbox 822 2526 1054 2582; x_wconf 86' lang='lat' dir='ltr'><strong>facibus</strong></span> <span class='ocrx_word' id='word_1_350' title='bbox 1088 2525 1377 2588; x_wconf 90' lang='lat' dir='ltr'><strong>aduritur,</strong></span> <span class='ocrx_word' id='word_1_351' title='bbox 1405 2529 1461 2579; x_wconf 92' lang='lat' dir='ltr'><strong>et</strong></span> <span class='ocrx_word' id='word_1_352' title='bbox 1492 2523 1569 2580; x_wconf 89' lang='lat' dir='ltr'><strong>ad</strong></span> <span class='ocrx_word' id='word_1_353' title='bbox 1593 2526 1964 2596; x_wconf 90' lang='lat' dir='ltr'><strong>postremum</strong></span> <span class='ocrx_word' id='word_1_354' title='bbox 1998 2522 2188 2578; x_wconf 88' lang='lat' dir='ltr'><strong>securi</strong></span> <span class='ocrx_word' id='word_1_355' title='bbox 2214 2522 2567 2594; x_wconf 90' lang='lat' dir='ltr'><strong>percutitur.</strong></span> 
     </span>
    </p>
   </div>
   <div class='ocr_carea' id='block_1_50' title="bbox 770 2652 1121 2706">
    <p class='ocr_par' dir='ltr' id='par_1_50' title="bbox 770 2652 1121 2706">
     <span class='ocr_line' id='line_1_50' title="bbox 770 2652 1121 2706; baseline -0.006 0"><span class='ocrx_word' id='word_1_356' title='bbox 770 2653 1014 2706; x_wconf 73' lang='grc' dir='ltr'><strong>ΚΕΦΑΛ.</strong></span> <span class='ocrx_word' id='word_1_357' title='bbox 1047 2652 1121 2704; x_wconf 89' lang='lat' dir='ltr'><strong>Z’.</strong></span> 
     </span>
    </p>
   </div>
   <div class='ocr_carea' id='block_1_51' title="bbox 153 2756 1749 2833">
    <p class='ocr_par' dir='ltr' id='par_1_51' title="bbox 153 2756 1749 2833">
     <span class='ocr_line' id='line_1_51' title="bbox 153 2756 1749 2833; baseline -0.004 -21"><span class='ocrx_word' id='word_1_358' title='bbox 153 2764 301 2833; x_wconf 84' lang='grc' dir='ltr'><strong>Περὶ</strong></span> <span class='ocrx_word' id='word_1_359' title='bbox 336 2767 455 2813; x_wconf 85' lang='grc' dir='ltr'><strong>τῶν</strong></span> <span class='ocrx_word' id='word_1_360' title='bbox 493 2758 550 2811; x_wconf 79' lang='grc' dir='ltr'><strong>έν</strong></span> <span class='ocrx_word' id='word_1_361' title='bbox 589 2759 924 2831; x_wconf 77' lang='grc' dir='ltr'><strong>Μελιτινῇ,</strong></span> <span class='ocrx_word' id='word_1_362' title='bbox 967 2758 1267 2828; x_wconf 82' lang='grc' dir='ltr'><strong>Αἰγύπτῳ</strong></span> <span class='ocrx_word' id='word_1_363' title='bbox 1314 2775 1379 2808; x_wconf 85' lang='grc' dir='ltr'><strong>τε</strong></span> <span class='ocrx_word' id='word_1_364' title='bbox 1424 2760 1532 2807; x_wconf 83' lang='grc' dir='ltr'><strong>καὶ</strong></span> <span class='ocrx_word' id='word_1_365' title='bbox 1569 2756 1749 2826; x_wconf 83' lang='grc' dir='ltr'><strong>Τύρῳ</strong></span> 
     </span>
    </p>
   </div>
   <div class='ocr_carea' id='block_1_52' title="bbox 425 2848 1462 2921">
    <p class='ocr_par' dir='ltr' id='par_1_52' title="bbox 425 2848 1462 2921">
     <span class='ocr_line' id='line_1_52' title="bbox 425 2848 1462 2921; baseline -0.001 -21"><span class='ocrx_word' id='word_1_366' title='bbox 425 2852 534 2902; x_wconf 79' lang='grc' dir='ltr'><strong>καὶ</strong></span> <span class='ocrx_word' id='word_1_367' title='bbox 574 2853 840 2921; x_wconf 79' lang='grc' dir='ltr'><strong>Φοινίκη</strong></span> <span class='ocrx_word' id='word_1_368' title='bbox 882 2848 1462 2920; x_wconf 78' lang='grc' dir='ltr'><strong>μαρτυρησάντων.</strong></span> 
     </span>
    </p>
   </div>
   <div class='ocr_carea' id='block_1_53' title="bbox 219 2949 1751 3027">
    <p class='ocr_par' dir='ltr' id='par_1_53' title="bbox 219 2949 1751 3027">
     <span class='ocr_line' id='line_1_53' title="bbox 219 2949 1751 3027; baseline -0.005 -18"><span class='ocrx_word' id='word_1_369' title='bbox 219 2962 450 3010; x_wconf 86' lang='grc' dir='ltr'><strong>Τοιαῦτα</strong></span> <span class='ocrx_word' id='word_1_370' title='bbox 517 2957 609 3027; x_wconf 71' lang='grc' dir='ltr'><strong>μεν</strong></span> <span class='ocrx_word' id='word_1_371' title='bbox 661 2957 798 3007; x_wconf 88' lang='grc' dir='ltr'><strong>κατά</strong></span> <span class='ocrx_word' id='word_1_372' title='bbox 852 2949 1210 3026; x_wconf 79' lang='grc' dir='ltr'><strong>Νικομήδειαν</strong></span> <span class='ocrx_word' id='word_1_373' title='bbox 1277 2951 1324 3004; x_wconf 76' lang='grc' dir='ltr'><strong>ἔν</strong></span> <span class='ocrx_word' id='word_1_374' title='bbox 1381 2959 1490 3011; x_wconf 87' lang='grc' dir='ltr'><strong>ταῖς</strong></span> <span class='ocrx_word' id='word_1_375' title='bbox 1555 2949 1751 3022; x_wconf 80' lang='grc' dir='ltr'><strong>ἀρχαῖς</strong></span> 
     </span>
    </p>
   </div>
   <div class='ocr_carea' id='block_1_54' title="bbox 2479 2647 2862 2703">
    <p class='ocr_par' dir='ltr' id='par_1_54' title="bbox 2479 2647 2862 2703">
     <span class='ocr_line' id='line_1_54' title="bbox 2479 2647 2862 2703; baseline -0.003 0"><span class='ocrx_word' id='word_1_376' title='bbox 2479 2648 2702 2703; x_wconf 82' lang='lat' dir='ltr'><strong>CAPUT</strong></span> <span class='ocrx_word' id='word_1_377' title='bbox 2743 2647 2862 2702; x_wconf 85' lang='lat' dir='ltr'><strong>VII.</strong></span> 
     </span>
    </p>
   </div>
   <div class='ocr_carea' id='block_1_55' title="bbox 1857 2754 3504 2825">
    <p class='ocr_par' dir='ltr' id='par_1_55' title="bbox 1857 2754 3504 2825">
     <span class='ocr_line' id='line_1_55' title="bbox 1857 2754 3504 2825; baseline 0.003 -15"><span class='ocrx_word' id='word_1_378' title='bbox 1857 2756 1944 2812; x_wconf 89' lang='lat' dir='ltr'><strong>De</strong></span> <span class='ocrx_word' id='word_1_379' title='bbox 1957 2754 2434 2812; x_wconf 78' lang='lat' dir='ltr'><strong>Melitinensibus</strong></span> <span class='ocrx_word' id='word_1_380' title='bbox 2449 2754 2769 2825; x_wconf 65' lang='lat' dir='ltr'><strong>Egypliis,</strong></span> <span class='ocrx_word' id='word_1_381' title='bbox 2798 2755 3014 2825; x_wconf 78' lang='lat' dir='ltr'><strong>Tyriis,</strong></span> <span class='ocrx_word' id='word_1_382' title='bbox 3043 2762 3098 2812; x_wconf 82' lang='lat' dir='ltr'><strong>et</strong></span> <span class='ocrx_word' id='word_1_383' title='bbox 3126 2755 3504 2815; x_wconf 67' lang='lat' dir='ltr'><strong>Phanicibus</strong></span> 
     </span>
    </p>
   </div>
   <div class='ocr_carea' id='block_1_56' title="bbox 2499 2827 2889 2896">
    <p class='ocr_par' dir='ltr' id='par_1_56' title="bbox 2499 2827 2889 2896">
     <span class='ocr_line' id='line_1_56' title="bbox 2499 2827 2889 2896; baseline -0.003 -13"><span class='ocrx_word' id='word_1_384' title='bbox 2499 2827 2889 2896; x_wconf 81' lang='lat' dir='ltr'><strong>martyribus.</strong></span> 
     </span>
    </p>
   </div>
   <div class='ocr_carea' id='block_1_57' title="bbox 1931 2934 3512 3007">
    <p class='ocr_par' dir='ltr' id='par_1_57' title="bbox 1931 2934 3512 3007">
     <span class='ocr_line' id='line_1_57' title="bbox 1931 2934 3512 3007; baseline 0.002 -18"><span class='ocrx_word' id='word_1_385' title='bbox 1931 2934 2067 2990; x_wconf 79' lang='lat' dir='ltr'><strong>Haec</strong></span> <span class='ocrx_word' id='word_1_386' title='bbox 2096 2935 2178 2990; x_wconf 91' lang='lat' dir='ltr'><strong>sic</strong></span> <span class='ocrx_word' id='word_1_387' title='bbox 2217 2935 2380 3007; x_wconf 91' lang='lat' dir='ltr'><strong>apud</strong></span> <span class='ocrx_word' id='word_1_388' title='bbox 2424 2935 2830 2990; x_wconf 88' lang='lat' dir='ltr'><strong>Nicomediam</strong></span> <span class='ocrx_word' id='word_1_389' title='bbox 2864 2936 2922 2990; x_wconf 90' lang='lat' dir='ltr'><strong>in</strong></span> <span class='ocrx_word' id='word_1_390' title='bbox 2952 2934 3118 2989; x_wconf 92' lang='lat' dir='ltr'><strong>initio</strong></span> <span class='ocrx_word' id='word_1_391' title='bbox 3151 2937 3512 3006; x_wconf 89' lang='lat' dir='ltr'><strong>persecutio-</strong></span> 
     </span>
    </p>
   </div>
   <div class='ocr_carea' id='block_1_58' title="bbox 141 3023 1749 3132">
    <p class='ocr_par' dir='ltr' id='par_1_58' title="bbox 141 3023 1749 3119">
     <span class='ocr_line' id='line_1_58' title="bbox 141 3023 1749 3119; baseline -0.005 -21"><span class='ocrx_word' id='word_1_392' title='bbox 141 3047 391 3119; x_wconf 80' lang='grc' dir='ltr'><strong>ἓπράχθη</strong></span> <span class='ocrx_word' id='word_1_393' title='bbox 444 3023 536 3097; x_wconf 87' lang='grc' dir='ltr'><strong>τοῦ</strong></span> <span class='ocrx_word' id='word_1_394' title='bbox 589 3041 849 3116; x_wconf 86' lang='grc' dir='ltr'><strong>διωγμοῦ.</strong></span> <span class='ocrx_word' id='word_1_395' title='bbox 897 3023 996 3097; x_wconf 78' lang='lat' dir='ltr'><strong>Kal</strong></span> <span class='ocrx_word' id='word_1_396' title='bbox 1041 3041 1090 3094; x_wconf 80' lang='grc' dir='ltr'><strong>έν</strong></span> <span class='ocrx_word' id='word_1_397' title='bbox 1138 3042 1380 3114; x_wconf 75' lang='grc' dir='ltr'><strong>Μελιτινῇ</strong></span> <span class='ocrx_word' id='word_1_398' title='bbox 1412 3037 1470 3093; x_wconf 76' lang='grc' dir='ltr'><strong>δε</strong></span> <span class='ocrx_word' id='word_1_399' title='bbox 1513 3046 1574 3111; x_wconf 78' lang='grc' dir='ltr'><strong>τῇ</strong></span> <span class='ocrx_word' id='word_1_400' title='bbox 1609 3039 1749 3091; x_wconf 84' lang='grc' dir='ltr'><strong>πόλει</strong></span> 
     </span>
    </p>
   </div>
   <div class='ocr_carea' id='block_1_59' title="bbox 1860 3023 3506 3132">
    <p class='ocr_par' dir='ltr' id='par_1_59' title="bbox 1861 3023 3506 3132">
     <span class='ocr_line' id='line_1_59' title="bbox 1861 3023 3506 3094; baseline 0.003 -16"><span class='ocrx_word' id='word_1_401' title='bbox 1861 3025 1951 3078; x_wconf 91' lang='lat' dir='ltr'><strong>nis</strong></span> <span class='ocrx_word' id='word_1_402' title='bbox 1983 3024 2358 3094; x_wconf 89' lang='lat' dir='ltr'><strong>gerebantur.</strong></span> <span class='ocrx_word' id='word_1_403' title='bbox 2393 3026 2518 3079; x_wconf 87' lang='lat' dir='ltr'><strong>Non</strong></span> <span class='ocrx_word' id='word_1_404' title='bbox 2549 3025 2747 3078; x_wconf 91' lang='lat' dir='ltr'><strong>minus</strong></span> <span class='ocrx_word' id='word_1_405' title='bbox 2766 3029 2964 3078; x_wconf 91' lang='lat' dir='ltr'><strong>autem</strong></span> <span class='ocrx_word' id='word_1_406' title='bbox 2989 3023 3047 3078; x_wconf 89' lang='lat' dir='ltr'><strong>in</strong></span> <span class='ocrx_word' id='word_1_407' title='bbox 3072 3024 3326 3080; x_wconf 89' lang='lat' dir='ltr'><strong>Melitina</strong></span> <span class='ocrx_word' id='word_1_408' title='bbox 3359 3025 3506 3083; x_wconf 90' lang='lat' dir='ltr'><strong>urbe</strong></span> 
     </span>
     <span class='ocr_line' id='line_1_60' title="bbox 1864 3113 3480 3132; baseline 0.002 0"><span class='ocrx_word' id='word_1_409' title='bbox 1971 3115 2224 3132; x_wconf 35' lang='lat' dir='ltr'><strong>.xuu-</strong></span> <span class='ocrx_word' id='word_1_410' title='bbox 2263 3113 2569 3132; x_wconf 30' lang='lat' dir='ltr'><strong>MU”.-.</strong></span> <span class='ocrx_word' id='word_1_411' title='bbox 2596 3129 2642 3132; x_wconf 56' lang='grc' dir='ltr'><strong>,μ</strong></span> <span class='ocrx_word' id='word_1_412' title='bbox 2881 3115 2930 3132; x_wconf 52' lang='lat'><strong>:_</strong></span> <span class='ocrx_word' id='word_1_413' title='bbox 2963 3114 3120 3132; x_wconf 34' lang='grc' dir='ltr'><strong>σε-.-</strong></span> <span class='ocrx_word' id='word_1_414' title='bbox 3389 3113 3480 3132; x_wconf 51' lang='lat' dir='ltr'><strong>m-</strong></span> 
     </span>
    </p>
   </div>
   <div class='ocr_carea' id='block_1_60' title="bbox 140 3128 1752 3207">
    <p class='ocr_par' dir='ltr' id='par_1_60' title="bbox 140 3128 1752 3207">
     <span class='ocr_line' id='line_1_61' title="bbox 140 3128 1752 3207; baseline -0.004 -21"><span class='ocrx_word' id='word_1_415' title='bbox 140 3135 240 3186; x_wconf 76' lang='grc' dir='ltr'><strong>οὐκ</strong></span> <span class='ocrx_word' id='word_1_416' title='bbox 297 3134 506 3187; x_wconf 74' lang='grc' dir='ltr'><strong>ἔλαττον</strong></span> <span class='ocrx_word' id='word_1_417' title='bbox 563 3129 948 3207; x_wconf 83' lang='grc' dir='ltr'><strong>διεπράττοντο.</strong></span> <span class='ocrx_word' id='word_1_418' title='bbox 1009 3135 1112 3187; x_wconf 83' lang='grc' dir='ltr'><strong>Καὶ</strong></span> <span class='ocrx_word' id='word_1_419' title='bbox 1169 3133 1218 3183; x_wconf 76' lang='grc' dir='ltr'><strong>ἓν</strong></span> <span class='ocrx_word' id='word_1_420' title='bbox 1271 3134 1430 3204; x_wconf 82' lang='grc' dir='ltr'><strong>Συρίᾳ</strong></span> <span class='ocrx_word' id='word_1_421' title='bbox 1487 3128 1637 3180; x_wconf 89' lang='grc' dir='ltr'><strong>πάλιν</strong></span> <span class='ocrx_word' id='word_1_422' title='bbox 1689 3131 1752 3180; x_wconf 84' lang='grc' dir='ltr'><strong>τὰ</strong></span> 
     </span>
    </p>
   </div>
   <div class='ocr_carea' id='block_1_61' title="bbox 138 3218 1752 3296">
    <p class='ocr_par' dir='ltr' id='par_1_61' title="bbox 138 3218 1752 3296">
     <span class='ocr_line' id='line_1_62' title="bbox 138 3218 1752 3296; baseline -0.004 -21"><span class='ocrx_word' id='word_1_423' title='bbox 138 3227 243 3276; x_wconf 82' lang='grc' dir='ltr'><strong>ἶσα</strong></span> <span class='ocrx_word' id='word_1_424' title='bbox 291 3232 394 3282; x_wconf 87' lang='grc' dir='ltr'><strong>ῆν·</strong></span> <span class='ocrx_word' id='word_1_425' title='bbox 447 3225 734 3296; x_wconf 88' lang='grc' dir='ltr'><strong>γράμματα</strong></span> <span class='ocrx_word' id='word_1_426' title='bbox 783 3225 884 3296; x_wconf 87' lang='grc' dir='ltr'><strong>γάρ</strong></span> <span class='ocrx_word' id='word_1_427' title='bbox 961 3220 1133 3294; x_wconf 84' lang='grc' dir='ltr'><strong>έφοίτα</strong></span> <span class='ocrx_word' id='word_1_428' title='bbox 1191 3218 1466 3290; x_wconf 81' lang='grc' dir='ltr'><strong>βασιλικὰ,</strong></span> <span class='ocrx_word' id='word_1_429' title='bbox 1528 3219 1752 3292; x_wconf 82' lang='grc' dir='ltr'><strong>εἱρκταῖς</strong></span> 
     </span>
    </p>
   </div>
   <div class='ocr_carea' id='block_1_62' title="bbox 136 3301 1752 3382">
    <p class='ocr_par' dir='ltr' id='par_1_62' title="bbox 136 3301 1752 3382">
     <span class='ocr_line' id='line_1_63' title="bbox 136 3301 1752 3382; baseline -0.006 -17"><span class='ocrx_word' id='word_1_430' title='bbox 136 3316 267 3374; x_wconf 86' lang='grc' dir='ltr'><strong>τούς</strong></span> <span class='ocrx_word' id='word_1_431' title='bbox 314 3320 412 3364; x_wconf 89' lang='grc' dir='ltr'><strong>τῶν</strong></span> <span class='ocrx_word' id='word_1_432' title='bbox 469 3311 754 3369; x_wconf 72' lang='grc' dir='ltr'><strong>ἐκκλησιῶν</strong></span> <span class='ocrx_word' id='word_1_433' title='bbox 816 3314 1063 3382; x_wconf 78' lang='grc' dir='ltr'><strong>ποιμένας</strong></span> <span class='ocrx_word' id='word_1_434' title='bbox 1118 3307 1460 3360; x_wconf 85' lang='grc' dir='ltr'><strong>κατακλείειν.</strong></span> <span class='ocrx_word' id='word_1_435' title='bbox 1524 3311 1624 3360; x_wconf 80' lang='grc' dir='ltr'><strong>Καὶ</strong></span> <span class='ocrx_word' id='word_1_436' title='bbox 1691 3301 1752 3364; x_wconf 80' lang='grc' dir='ltr'><strong>ἦν</strong></span> 
     </span>
    </p>
   </div>
   <div class='ocr_carea' id='block_1_63' title="bbox 143 3395 1749 3472">
    <p class='ocr_par' dir='ltr' id='par_1_63' title="bbox 143 3395 1749 3472">
     <span class='ocr_line' id='line_1_64' title="bbox 143 3395 1749 3472; baseline -0.004 -19"><span class='ocrx_word' id='word_1_437' title='bbox 143 3404 175 3462; x_wconf 70' lang='grc' dir='ltr'><strong>ὃ</strong></span> <span class='ocrx_word' id='word_1_438' title='bbox 236 3403 327 3453; x_wconf 86' lang='grc' dir='ltr'><strong>θέα</strong></span> <span class='ocrx_word' id='word_1_439' title='bbox 368 3409 468 3453; x_wconf 86' lang='grc' dir='ltr'><strong>τῶν</strong></span> <span class='ocrx_word' id='word_1_440' title='bbox 517 3403 791 3472; x_wconf 71' lang='grc' dir='ltr'><strong>γινομένων</strong></span> <span class='ocrx_word' id='word_1_441' title='bbox 839 3401 980 3472; x_wconf 89' lang='grc' dir='ltr'><strong>μάλα</strong></span> <span class='ocrx_word' id='word_1_442' title='bbox 1023 3397 1187 3464; x_wconf 80' lang='grc' dir='ltr'><strong>δεινὴ,</strong></span> <span class='ocrx_word' id='word_1_443' title='bbox 1223 3401 1441 3470; x_wconf 85' lang='grc' dir='ltr'><strong>μυρίων,</strong></span> <span class='ocrx_word' id='word_1_444' title='bbox 1474 3399 1541 3457; x_wconf 87' lang='grc' dir='ltr'><strong>ὡς</strong></span> <span class='ocrx_word' id='word_1_445' title='bbox 1571 3395 1749 3460; x_wconf 88' lang='grc' dir='ltr'><strong>εἰπεῖν,</strong></span> 
     </span>
    </p>
   </div>
   <div class='ocr_carea' id='block_1_64' title="bbox 141 3486 1754 3563">
    <p class='ocr_par' dir='ltr' id='par_1_64' title="bbox 141 3486 1754 3563">
     <span class='ocr_line' id='line_1_65' title="bbox 141 3486 1754 3563; baseline -0.006 -19"><span class='ocrx_word' id='word_1_446' title='bbox 141 3491 460 3562; x_wconf 83' lang='grc' dir='ltr'><strong>ἁπανταχοῦ</strong></span> <span class='ocrx_word' id='word_1_447' title='bbox 503 3494 796 3563; x_wconf 83' lang='grc' dir='ltr'><strong>συρομένων</strong></span> <span class='ocrx_word' id='word_1_448' title='bbox 857 3495 945 3542; x_wconf 84' lang='grc' dir='ltr'><strong>καὶ</strong></span> <span class='ocrx_word' id='word_1_449' title='bbox 1003 3490 1468 3562; x_wconf 86' lang='grc' dir='ltr'><strong>σπαρασσομένων.</strong></span> <span class='ocrx_word' id='word_1_450' title='bbox 1531 3489 1631 3537; x_wconf 77' lang='grc' dir='ltr'><strong>Καὶ</strong></span> <span class='ocrx_word' id='word_1_451' title='bbox 1687 3486 1754 3536; x_wconf 80' lang='grc' dir='ltr'><strong>τὰ</strong></span> 
     </span>
    </p>
   </div>
   <div class='ocr_carea' id='block_1_65' title="bbox 141 3576 1754 3654">
    <p class='ocr_par' dir='ltr' id='par_1_65' title="bbox 141 3576 1754 3654">
     <span class='ocr_line' id='line_1_66' title="bbox 141 3576 1754 3654; baseline -0.005 -22"><span class='ocrx_word' id='word_1_452' title='bbox 141 3584 272 3651; x_wconf 81' lang='grc' dir='ltr'><strong>πρὶν</strong></span> <span class='ocrx_word' id='word_1_453' title='bbox 329 3576 667 3654; x_wconf 80' lang='grc' dir='ltr'><strong>ἀνδροφόνοις</strong></span> <span class='ocrx_word' id='word_1_454' title='bbox 718 3584 805 3632; x_wconf 70' lang='grc' dir='ltr'><strong>καὶ</strong></span> <span class='ocrx_word' id='word_1_455' title='bbox 868 3577 1244 3652; x_wconf 84' lang='grc' dir='ltr'><strong>τυμϐωρύχοις</strong></span> <span class='ocrx_word' id='word_1_456' title='bbox 1293 3576 1754 3644; x_wconf 89' lang='grc' dir='ltr'><strong>κατεσκευασμένα</strong></span> 
     </span>
    </p>
   </div>
   <div class='ocr_carea' id='block_1_66' title="bbox 139 3662 1752 3743">
    <p class='ocr_par' dir='ltr' id='par_1_66' title="bbox 139 3662 1752 3743">
     <span class='ocr_line' id='line_1_67' title="bbox 139 3662 1752 3743; baseline -0.005 -23"><span class='ocrx_word' id='word_1_457' title='bbox 139 3671 315 3742; x_wconf 83' lang='grc' dir='ltr'><strong>χορὸς</strong></span> <span class='ocrx_word' id='word_1_458' title='bbox 355 3665 578 3742; x_wconf 73' lang='grc' dir='ltr'><strong>ἕπλὸρου</strong></span> <span class='ocrx_word' id='word_1_459' title='bbox 631 3666 992 3743; x_wconf 74' lang='grc' dir='ltr'><strong>πρεσϐυτέρων</strong></span> <span class='ocrx_word' id='word_1_460' title='bbox 1032 3671 1122 3718; x_wconf 84' lang='grc' dir='ltr'><strong>καὶ</strong></span> <span class='ocrx_word' id='word_1_461' title='bbox 1162 3662 1438 3729; x_wconf 83' lang='grc' dir='ltr'><strong>διακόνων,</strong></span> <span class='ocrx_word' id='word_1_462' title='bbox 1494 3667 1584 3713; x_wconf 86' lang='grc' dir='ltr'><strong>καὶ</strong></span> <span class='ocrx_word' id='word_1_463' title='bbox 1635 3662 1752 3713; x_wconf 86' lang='grc' dir='ltr'><strong>ὅσοι</strong></span> 
     </span>
    </p>
   </div>
   <div class='ocr_carea' id='block_1_67' title="bbox 144 3750 1751 3828">
    <p class='ocr_par' dir='ltr' id='par_1_67' title="bbox 144 3750 1751 3828">
     <span class='ocr_line' id='line_1_68' title="bbox 144 3750 1751 3828; baseline -0.006 -18"><span class='ocrx_word' id='word_1_464' title='bbox 144 3755 222 3816; x_wconf 78' lang='grc' dir='ltr'><strong>δὴ</strong></span> <span class='ocrx_word' id='word_1_465' title='bbox 277 3763 368 3810; x_wconf 89' lang='grc' dir='ltr'><strong>τοῦ</strong></span> <span class='ocrx_word' id='word_1_466' title='bbox 414 3759 653 3810; x_wconf 89' lang='grc' dir='ltr'><strong>τοιούτου</strong></span> <span class='ocrx_word' id='word_1_467' title='bbox 710 3757 1071 3828; x_wconf 79' lang='grc' dir='ltr'><strong>συντάγματος</strong></span> <span class='ocrx_word' id='word_1_468' title='bbox 1100 3772 1112 3786; x_wconf 78' lang='grc'><strong><em>⁸</em></strong></span> <span class='ocrx_word' id='word_1_469' title='bbox 1164 3757 1229 3816; x_wconf 84' lang='grc' dir='ltr'><strong>ὡς</strong></span> <span class='ocrx_word' id='word_1_470' title='bbox 1257 3750 1388 3826; x_wconf 87' lang='grc' dir='ltr'><strong>μηδ’</strong></span> <span class='ocrx_word' id='word_1_471' title='bbox 1432 3754 1612 3804; x_wconf 71' lang='grc' dir='ltr'><strong>ἐνεῖναι</strong></span> <span class='ocrx_word' id='word_1_472' title='bbox 1642 3755 1751 3822; x_wconf 88' lang='grc' dir='ltr'><strong>χώ-</strong></span> 
     </span>
    </p>
   </div>
   <div class='ocr_carea' id='block_1_68' title="bbox 141 3839 1752 3921">
    <p class='ocr_par' dir='ltr' id='par_1_68' title="bbox 141 3839 1752 3921">
     <span class='ocr_line' id='line_1_69' title="bbox 141 3839 1752 3921; baseline -0.005 -23"><span class='ocrx_word' id='word_1_473' title='bbox 141 3865 244 3921; x_wconf 85' lang='grc' dir='ltr'><strong>ραν</strong></span> <span class='ocrx_word' id='word_1_474' title='bbox 295 3851 385 3898; x_wconf 81' lang='grc' dir='ltr'><strong>καὶ</strong></span> <span class='ocrx_word' id='word_1_475' title='bbox 425 3853 531 3909; x_wconf 85' lang='grc' dir='ltr'><strong>τοῖς</strong></span> <span class='ocrx_word' id='word_1_476' title='bbox 570 3845 732 3906; x_wconf 80' lang='grc' dir='ltr'><strong>ἄλλως</strong></span> <span class='ocrx_word' id='word_1_477' title='bbox 771 3849 1102 3919; x_wconf 84' lang='grc' dir='ltr'><strong>κατακρίτοις</strong></span> <span class='ocrx_word' id='word_1_478' title='bbox 1158 3844 1188 3902; x_wconf 76' lang='grc' dir='ltr'><strong>ἦ</strong></span> <span class='ocrx_word' id='word_1_479' title='bbox 1231 3847 1321 3894; x_wconf 79' lang='grc' dir='ltr'><strong>καὶ</strong></span> <span class='ocrx_word' id='word_1_480' title='bbox 1357 3841 1596 3915; x_wconf 78' lang='grc' dir='ltr'><strong>λῃσταῖς.</strong></span> <span class='ocrx_word' id='word_1_481' title='bbox 1640 3839 1752 3891; x_wconf 86' lang='grc' dir='ltr'><strong>Ούκ</strong></span> 
     </span>
    </p>
   </div>
   <div class='ocr_carea' id='block_1_69' title="bbox 141 3927 1751 4009">
    <p class='ocr_par' dir='ltr' id='par_1_69' title="bbox 141 3927 1751 4009">
     <span class='ocr_line' id='line_1_70' title="bbox 141 3927 1751 4009; baseline -0.005 -22"><span class='ocrx_word' id='word_1_482' title='bbox 141 3935 225 3997; x_wconf 82' lang='grc' dir='ltr'><strong>εἰς</strong></span> <span class='ocrx_word' id='word_1_483' title='bbox 276 3938 479 4007; x_wconf 80' lang='grc' dir='ltr'><strong>μακρὰν</strong></span> <span class='ocrx_word' id='word_1_484' title='bbox 529 3931 580 3987; x_wconf 89' lang='grc' dir='ltr'><strong>δ’</strong></span> <span class='ocrx_word' id='word_1_485' title='bbox 630 3937 778 4009; x_wconf 79' lang='grc' dir='ltr'><strong>ἔτερα</strong></span> <span class='ocrx_word' id='word_1_486' title='bbox 828 3935 1142 4005; x_wconf 79' lang='grc' dir='ltr'><strong>κατέφθανον</strong></span> <span class='ocrx_word' id='word_1_487' title='bbox 1190 3933 1497 4003; x_wconf 90' lang='grc' dir='ltr'><strong>γράμματα,</strong></span> <span class='ocrx_word' id='word_1_488' title='bbox 1546 3932 1666 3991; x_wconf 88' lang='grc' dir='ltr'><strong>τούς</strong></span> <span class='ocrx_word' id='word_1_489' title='bbox 1703 3927 1751 3979; x_wconf 77' lang='grc' dir='ltr'><strong>ἐν</strong></span> 
     </span>
    </p>
   </div>
   <div class='ocr_carea' id='block_1_70' title="bbox 143 4017 1753 4098">
    <p class='ocr_par' dir='ltr' id='par_1_70' title="bbox 143 4017 1753 4098">
     <span class='ocr_line' id='line_1_71' title="bbox 143 4017 1753 4098; baseline -0.004 -22"><span class='ocrx_word' id='word_1_490' title='bbox 143 4025 380 4098; x_wconf 82' lang='grc' dir='ltr'><strong>εἱρκταῖς</strong></span> <span class='ocrx_word' id='word_1_491' title='bbox 443 4025 698 4083; x_wconf 83' lang='grc' dir='ltr'><strong>θύσαντας</strong></span> <span class='ocrx_word' id='word_1_492' title='bbox 745 4022 1030 4094; x_wconf 72' lang='grc' dir='ltr'><strong>ἐλευθερίας</strong></span> <span class='ocrx_word' id='word_1_493' title='bbox 1076 4021 1350 4084; x_wconf 86' lang='grc' dir='ltr'><strong>καταξιοῦν</strong></span> <span class='ocrx_word' id='word_1_494' title='bbox 1379 4041 1391 4053; x_wconf 93' lang='grc'><strong>·</strong></span> <span class='ocrx_word' id='word_1_495' title='bbox 1451 4019 1482 4078; x_wconf 76' lang='grc' dir='ltr'><em>ἢ</em></span> <span class='ocrx_word' id='word_1_496' title='bbox 1526 4021 1596 4090; x_wconf 82' lang='grc' dir='ltr'><strong>μὴ</strong></span> <span class='ocrx_word' id='word_1_497' title='bbox 1633 4017 1753 4090; x_wconf 86' lang='grc' dir='ltr'><strong>βου-</strong></span> 
     </span>
    </p>
   </div>
   <div class='ocr_carea' id='block_1_71' title="bbox 144 4105 1754 4185">
    <p class='ocr_par' dir='ltr' id='par_1_71' title="bbox 144 4105 1754 4185">
     <span class='ocr_line' id='line_1_72' title="bbox 144 4105 1754 4185; baseline -0.005 -20"><span class='ocrx_word' id='word_1_498' title='bbox 144 4112 412 4185; x_wconf 80' lang='grc' dir='ltr'><strong>λομένους,</strong></span> <span class='ocrx_word' id='word_1_499' title='bbox 472 4115 681 4184; x_wconf 89' lang='grc' dir='ltr'><strong>σύμπαν</strong></span> <span class='ocrx_word' id='word_1_500' title='bbox 743 4111 1024 4185; x_wconf 78' lang='grc' dir='ltr'><strong>έπιτρίϐειν</strong></span> <span class='ocrx_word' id='word_1_501' title='bbox 1081 4113 1286 4172; x_wconf 79' lang='grc' dir='ltr'><strong>τούτοις</strong></span> <span class='ocrx_word' id='word_1_502' title='bbox 1349 4105 1534 4162; x_wconf 86' lang='grc' dir='ltr'><strong>δεινόν.</strong></span> <span class='ocrx_word' id='word_1_503' title='bbox 1595 4105 1754 4160; x_wconf 86' lang='grc' dir='ltr'><strong>Ἀλλά</strong></span> 
     </span>
    </p>
   </div>
   <div class='ocr_carea' id='block_1_72' title="bbox 144 4197 1754 4271">
    <p class='ocr_par' dir='ltr' id='par_1_72' title="bbox 144 4197 1754 4271">
     <span class='ocr_line' id='line_1_73' title="bbox 144 4197 1754 4271; baseline -0.006 -16"><span class='ocrx_word' id='word_1_504' title='bbox 144 4209 258 4262; x_wconf 84' lang='grc' dir='ltr'><strong>πῶς</strong></span> <span class='ocrx_word' id='word_1_505' title='bbox 319 4203 379 4252; x_wconf 84' lang='grc' dir='ltr'><strong>οἰν</strong></span> <span class='ocrx_word' id='word_1_506' title='bbox 430 4221 531 4270; x_wconf 88' lang='grc' dir='ltr'><strong>τις,</strong></span> <span class='ocrx_word' id='word_1_507' title='bbox 579 4204 774 4253; x_wconf 84' lang='grc' dir='ltr'><strong>τούτων</strong></span> <span class='ocrx_word' id='word_1_508' title='bbox 849 4199 1262 4271; x_wconf 77' lang='grc' dir='ltr'><strong>ἀνεγνωσμένων,</strong></span> <span class='ocrx_word' id='word_1_509' title='bbox 1319 4201 1379 4250; x_wconf 88' lang='grc' dir='ltr'><strong>τὸ</strong></span> <span class='ocrx_word' id='word_1_510' title='bbox 1420 4197 1612 4256; x_wconf 85' lang='grc' dir='ltr'><strong>πλῆθος</strong></span> <span class='ocrx_word' id='word_1_511' title='bbox 1653 4203 1754 4247; x_wconf 86' lang='grc' dir='ltr'><strong>τῶν</strong></span> 
     </span>
    </p>
   </div>
   <div class='ocr_carea' id='block_1_73' title="bbox 146 4284 1757 4365">
    <p class='ocr_par' dir='ltr' id='par_1_73' title="bbox 146 4284 1757 4365">
     <span class='ocr_line' id='line_1_74' title="bbox 146 4284 1757 4365; baseline -0.005 -22"><span class='ocrx_word' id='word_1_512' title='bbox 146 4293 426 4365; x_wconf 84' lang='grc' dir='ltr'><strong>μαρτύρων</strong></span> <span class='ocrx_word' id='word_1_513' title='bbox 455 4292 894 4364; x_wconf 81' lang='grc' dir='ltr'><strong>καταριθμήσειεν</strong></span> <span class='ocrx_word' id='word_1_514' title='bbox 927 4305 940 4355; x_wconf 89' lang='grc'><strong>;</strong></span> <span class='ocrx_word' id='word_1_515' title='bbox 976 4287 1023 4341; x_wconf 80' lang='grc' dir='ltr'><strong>οἳ</strong></span> <span class='ocrx_word' id='word_1_516' title='bbox 1068 4285 1136 4346; x_wconf 84' lang='grc' dir='ltr'><strong>δὴ</strong></span> <span class='ocrx_word' id='word_1_517' title='bbox 1190 4288 1324 4339; x_wconf 85' lang='grc' dir='ltr'><strong>κατά</strong></span> <span class='ocrx_word' id='word_1_518' title='bbox 1369 4292 1543 4338; x_wconf 82' lang='grc' dir='ltr'><strong>πᾶσαν</strong></span> <span class='ocrx_word' id='word_1_519' title='bbox 1596 4284 1757 4357; x_wconf 76' lang='grc' dir='ltr'><strong>ἐπαρ-</strong></span> 
     </span>
    </p>
   </div>
   <div class='ocr_carea' id='block_1_74' title="bbox 151 4374 1756 4452">
    <p class='ocr_par' dir='ltr' id='par_1_74' title="bbox 151 4374 1756 4452">
     <span class='ocr_line' id='line_1_75' title="bbox 151 4374 1756 4452; baseline -0.004 -21"><span class='ocrx_word' id='word_1_520' title='bbox 151 4384 285 4452; x_wconf 86' lang='grc' dir='ltr'><strong>χίαν</strong></span> <span class='ocrx_word' id='word_1_521' title='bbox 317 4376 712 4450; x_wconf 74' lang='grc' dir='ltr'><strong>διηγωνίζοντοο</strong></span> <span class='ocrx_word' id='word_1_522' title='bbox 745 4378 978 4450; x_wconf 87' lang='grc' dir='ltr'><strong>μάλιστα</strong></span> <span class='ocrx_word' id='word_1_523' title='bbox 1019 4375 1077 4430; x_wconf 78' lang='grc' dir='ltr'><strong>δε</strong></span> <span class='ocrx_word' id='word_1_524' title='bbox 1123 4376 1238 4429; x_wconf 85' lang='grc' dir='ltr'><strong>κατ’</strong></span> <span class='ocrx_word' id='word_1_525' title='bbox 1288 4376 1540 4448; x_wconf 74' lang='grc' dir='ltr'><strong>’Δφρικην</strong></span> <span class='ocrx_word' id='word_1_526' title='bbox 1578 4378 1666 4426; x_wconf 83' lang='grc' dir='ltr'><strong>καὶ</strong></span> <span class='ocrx_word' id='word_1_527' title='bbox 1697 4374 1756 4424; x_wconf 87' lang='grc' dir='ltr'><strong>τὸ</strong></span> 
     </span>
    </p>
   </div>
   <div class='ocr_carea' id='block_1_75' title="bbox 148 4461 1758 4541">
    <p class='ocr_par' dir='ltr' id='par_1_75' title="bbox 148 4461 1758 4541">
     <span class='ocr_line' id='line_1_76' title="bbox 148 4461 1758 4541; baseline -0.004 -20"><span class='ocrx_word' id='word_1_528' title='bbox 148 4471 372 4541; x_wconf 77' lang='grc' dir='ltr'><strong>Μαύρων</strong></span> <span class='ocrx_word' id='word_1_529' title='bbox 428 4471 586 4532; x_wconf 76' lang='grc' dir='ltr'><strong>ἔθνος·</strong></span> <span class='ocrx_word' id='word_1_530' title='bbox 645 4471 720 4522; x_wconf 79' lang='grc' dir='ltr'><strong>ἔτι</strong></span> <span class='ocrx_word' id='word_1_531' title='bbox 752 4465 810 4520; x_wconf 70' lang='grc' dir='ltr'><strong>δι</strong></span> <span class='ocrx_word' id='word_1_532' title='bbox 859 4469 993 4520; x_wconf 83' lang='grc' dir='ltr'><strong>κατὰ</strong></span> <span class='ocrx_word' id='word_1_533' title='bbox 1045 4461 1297 4525; x_wconf 81' lang='grc' dir='ltr'><strong>Θηϐαίδα</strong></span> <span class='ocrx_word' id='word_1_534' title='bbox 1328 4484 1379 4517; x_wconf 86' lang='grc' dir='ltr'><strong>τε</strong></span> <span class='ocrx_word' id='word_1_535' title='bbox 1407 4469 1496 4517; x_wconf 81' lang='grc' dir='ltr'><strong>καὶ</strong></span> <span class='ocrx_word' id='word_1_536' title='bbox 1524 4467 1616 4522; x_wconf 73' lang='grc' dir='ltr'><strong>τὴν</strong></span> <span class='ocrx_word' id='word_1_537' title='bbox 1667 4465 1758 4517; x_wconf 86' lang='grc' dir='ltr'><strong>Αἶ-</strong></span> 
     </span>
    </p>
   </div>
   <div class='ocr_carea' id='block_1_76' title="bbox 145 4551 1757 4630">
    <p class='ocr_par' dir='ltr' id='par_1_76' title="bbox 145 4551 1757 4630">
     <span class='ocr_line' id='line_1_77' title="bbox 145 4551 1757 4630; baseline -0.005 -20"><span class='ocrx_word' id='word_1_538' title='bbox 145 4576 346 4630; x_wconf 79' lang='grc' dir='ltr'><strong>γυπτον</strong></span> <span class='ocrx_word' id='word_1_539' title='bbox 377 4575 388 4586; x_wconf 94' lang='grc'><strong>·</strong></span> <span class='ocrx_word' id='word_1_540' title='bbox 449 4558 533 4629; x_wconf 81' lang='grc' dir='ltr'><strong>ἀφ’</strong></span> <span class='ocrx_word' id='word_1_541' title='bbox 589 4558 648 4617; x_wconf 81' lang='grc' dir='ltr'><strong>ἧς</strong></span> <span class='ocrx_word' id='word_1_542' title='bbox 694 4562 784 4608; x_wconf 84' lang='grc' dir='ltr'><strong>καὶ</strong></span> <span class='ocrx_word' id='word_1_543' title='bbox 835 4557 906 4618; x_wconf 87' lang='grc' dir='ltr'><strong>εἰς</strong></span> <span class='ocrx_word' id='word_1_544' title='bbox 959 4556 1132 4628; x_wconf 73' lang='grc' dir='ltr'><strong>ἐτέρας</strong></span> <span class='ocrx_word' id='word_1_545' title='bbox 1191 4554 1512 4626; x_wconf 82' lang='grc' dir='ltr'><strong>μετελθόντες</strong></span> <span class='ocrx_word' id='word_1_546' title='bbox 1562 4551 1757 4621; x_wconf 80' lang='grc' dir='ltr'><strong>πόλεις,</strong></span> 
     </span>
    </p>
   </div>
   <div class='ocr_carea' id='block_1_77' title="bbox 155 4639 1760 4720">
    <p class='ocr_par' dir='ltr' id='par_1_77' title="bbox 155 4639 1760 4720">
     <span class='ocr_line' id='line_1_78' title="bbox 155 4639 1760 4720; baseline -0.004 -21"><span class='ocrx_word' id='word_1_547' title='bbox 155 4646 308 4700; x_wconf 89' lang='grc' dir='ltr'><strong>κάκεῖ</strong></span> <span class='ocrx_word' id='word_1_548' title='bbox 350 4651 438 4705; x_wconf 81' lang='grc' dir='ltr'><strong>την</strong></span> <span class='ocrx_word' id='word_1_549' title='bbox 489 4648 615 4718; x_wconf 75' lang='grc' dir='ltr'><strong>ύπερ</strong></span> <span class='ocrx_word' id='word_1_550' title='bbox 673 4653 907 4720; x_wconf 84' lang='grc' dir='ltr'><strong>Χριστοῦ</strong></span> <span class='ocrx_word' id='word_1_551' title='bbox 959 4647 1202 4697; x_wconf 76' lang='grc' dir='ltr'><strong>ἔνστασιν</strong></span> <span class='ocrx_word' id='word_1_552' title='bbox 1255 4641 1601 4705; x_wconf 77' lang='grc' dir='ltr'><strong>ἐπεδείξαντο.</strong></span> <span class='ocrx_word' id='word_1_553' title='bbox 1654 4639 1760 4702; x_wconf 79' lang='grc' dir='ltr'><strong>Οὓς</strong></span> 
     </span>
    </p>
   </div>
   <div class='ocr_carea' id='block_1_78' title="bbox 155 4729 1762 4802">
    <p class='ocr_par' dir='ltr' id='par_1_78' title="bbox 155 4729 1762 4802">
     <span class='ocr_line' id='line_1_79' title="bbox 155 4729 1762 4802; baseline -0.005 -14"><span class='ocrx_word' id='word_1_554' title='bbox 155 4740 240 4796; x_wconf 87' lang='grc' dir='ltr'><strong>τίς</strong></span> <span class='ocrx_word' id='word_1_555' title='bbox 289 4733 348 4786; x_wconf 80' lang='grc' dir='ltr'><strong>ἂν</strong></span> <span class='ocrx_word' id='word_1_556' title='bbox 403 4731 550 4802; x_wconf 83' lang='grc' dir='ltr'><strong>ἰδὼν,</strong></span> <span class='ocrx_word' id='word_1_557' title='bbox 602 4734 696 4786; x_wconf 80' lang='grc' dir='ltr'><strong>οὐκ</strong></span> <span class='ocrx_word' id='word_1_558' title='bbox 739 4731 798 4785; x_wconf 81' lang='grc' dir='ltr'><strong>ἂν</strong></span> <span class='ocrx_word' id='word_1_559' title='bbox 851 4737 944 4792; x_wconf 80' lang='grc' dir='ltr'><strong>τὴν</strong></span> <span class='ocrx_word' id='word_1_560' title='bbox 1001 4735 1242 4785; x_wconf 80' lang='grc' dir='ltr'><strong>ἔνστασιν</strong></span> <span class='ocrx_word' id='word_1_561' title='bbox 1282 4730 1578 4800; x_wconf 86' lang='grc' dir='ltr'><strong>κατεπλάγη</strong></span> <span class='ocrx_word' id='word_1_562' title='bbox 1620 4729 1762 4801; x_wconf 84' lang='grc' dir='ltr'><strong>μᾶλ-</strong></span> 
     </span>
    </p>
   </div>
   <div class='ocr_carea' id='block_1_79' title="bbox 154 4821 1762 4897">
    <p class='ocr_par' dir='ltr' id='par_1_79' title="bbox 154 4821 1762 4897">
     <span class='ocr_line' id='line_1_80' title="bbox 154 4821 1762 4897; baseline -0.004 -21"><span class='ocrx_word' id='word_1_563' title='bbox 154 4824 266 4890; x_wconf 91' lang='grc' dir='ltr'><strong>λον,</strong></span> <span class='ocrx_word' id='word_1_564' title='bbox 304 4829 394 4876; x_wconf 82' lang='grc' dir='ltr'><strong>καὶ</strong></span> <span class='ocrx_word' id='word_1_565' title='bbox 431 4825 518 4884; x_wconf 80' lang='grc' dir='ltr'><strong>τὰς</strong></span> <span class='ocrx_word' id='word_1_566' title='bbox 570 4821 794 4896; x_wconf 83' lang='grc' dir='ltr'><strong>ἀριθμοῦ</strong></span> <span class='ocrx_word' id='word_1_567' title='bbox 845 4826 1112 4897; x_wconf 87' lang='grc' dir='ltr'><strong>κρείττους</strong></span> <span class='ocrx_word' id='word_1_568' title='bbox 1164 4824 1448 4892; x_wconf 83' lang='grc' dir='ltr'><strong>μάστιγας,</strong></span> <span class='ocrx_word' id='word_1_569' title='bbox 1507 4823 1627 4871; x_wconf 82' lang='grc' dir='ltr'><strong>ὅσον</strong></span> <span class='ocrx_word' id='word_1_570' title='bbox 1674 4821 1762 4870; x_wconf 84' lang='grc' dir='ltr'><strong>τὸν</strong></span> 
     </span>
    </p>
   </div>
   <div class='ocr_carea' id='block_1_80' title="bbox 157 4903 1764 4988">
    <p class='ocr_par' dir='ltr' id='par_1_80' title="bbox 157 4903 1764 4988">
     <span class='ocr_line' id='line_1_81' title="bbox 157 4903 1764 4988; baseline -0.005 -22"><span class='ocrx_word' id='word_1_571' title='bbox 157 4915 291 4988; x_wconf 88' lang='grc' dir='ltr'><strong>μετά</strong></span> <span class='ocrx_word' id='word_1_572' title='bbox 343 4920 512 4965; x_wconf 86' lang='grc' dir='ltr'><strong>ταῦτα</strong></span> <span class='ocrx_word' id='word_1_573' title='bbox 561 4916 687 4986; x_wconf 76' lang='grc' dir='ltr'><strong>πρὸς</strong></span> <span class='ocrx_word' id='word_1_574' title='bbox 743 4913 906 4985; x_wconf 81' lang='grc' dir='ltr'><strong>θῆρας</strong></span> <span class='ocrx_word' id='word_1_575' title='bbox 981 4910 1192 4982; x_wconf 77' lang='grc' dir='ltr'><strong>ἀγρίους</strong></span> <span class='ocrx_word' id='word_1_576' title='bbox 1270 4908 1486 4981; x_wconf 87' lang='grc' dir='ltr'><strong>ἀγῶνα;</strong></span> <span class='ocrx_word' id='word_1_577' title='bbox 1551 4903 1764 4981; x_wconf 80' lang='grc' dir='ltr'><strong>Παρδά-</strong></span> 
     </span>
    </p>
   </div>
   <div class='ocr_carea' id='block_1_81' title="bbox 156 4990 1760 5075">
    <p class='ocr_par' dir='ltr' id='par_1_81' title="bbox 156 4990 1760 5075">
     <span class='ocr_line' id='line_1_82' title="bbox 156 4990 1760 5075; baseline -0.006 -19"><span class='ocrx_word' id='word_1_578' title='bbox 156 5003 264 5064; x_wconf 88' lang='grc' dir='ltr'><strong>λεις</strong></span> <span class='ocrx_word' id='word_1_579' title='bbox 310 5004 408 5075; x_wconf 78' lang='grc' dir='ltr'><strong>γὰρ</strong></span> <span class='ocrx_word' id='word_1_580' title='bbox 439 5007 529 5054; x_wconf 86' lang='grc' dir='ltr'><strong>καὶ</strong></span> <span class='ocrx_word' id='word_1_581' title='bbox 583 5003 788 5075; x_wconf 79' lang='grc' dir='ltr'><strong>ἄρκτοι,</strong></span> <span class='ocrx_word' id='word_1_582' title='bbox 832 5003 950 5062; x_wconf 87' lang='grc' dir='ltr'><strong>σύες</strong></span> <span class='ocrx_word' id='word_1_583' title='bbox 980 5019 1034 5053; x_wconf 91' lang='grc' dir='ltr'><strong>τε</strong></span> <span class='ocrx_word' id='word_1_584' title='bbox 1073 5001 1269 5074; x_wconf 81' lang='grc' dir='ltr'><strong>ἄγριοι,</strong></span> <span class='ocrx_word' id='word_1_585' title='bbox 1321 5003 1411 5050; x_wconf 84' lang='grc' dir='ltr'><strong>καὶ</strong></span> <span class='ocrx_word' id='word_1_586' title='bbox 1463 5004 1647 5069; x_wconf 90' lang='grc' dir='ltr'><strong>ταῦροι</strong></span> <span class='ocrx_word' id='word_1_587' title='bbox 1692 4990 1760 5054; x_wconf 81' lang='grc' dir='ltr'><strong>δή</strong></span> 
     </span>
    </p>
   </div>
   <div class='ocr_carea' id='block_1_82' title="bbox 157 5081 1764 5166">
    <p class='ocr_par' dir='ltr' id='par_1_82' title="bbox 157 5081 1764 5166">
     <span class='ocr_line' id='line_1_83' title="bbox 157 5081 1764 5166; baseline -0.006 -21"><span class='ocrx_word' id='word_1_588' title='bbox 157 5111 293 5154; x_wconf 87' lang='grc' dir='ltr'><strong>τινες</strong></span> <span class='ocrx_word' id='word_1_589' title='bbox 360 5097 489 5166; x_wconf 82' lang='grc' dir='ltr'><strong>πυρὶ</strong></span> <span class='ocrx_word' id='word_1_590' title='bbox 560 5095 650 5142; x_wconf 80' lang='grc' dir='ltr'><strong>καὶ</strong></span> <span class='ocrx_word' id='word_1_591' title='bbox 721 5086 929 5164; x_wconf 81' lang='grc' dir='ltr'><strong>σιδήρῳ</strong></span> <span class='ocrx_word' id='word_1_592' title='bbox 998 5091 1520 5162; x_wconf 86' lang='grc' dir='ltr'><strong>κεκαυτηριασμένοι,</strong></span> <span class='ocrx_word' id='word_1_593' title='bbox 1584 5081 1764 5145; x_wconf 85' lang='grc' dir='ltr'><strong>δεινῶς</strong></span> 
     </span>
    </p>
   </div>
   <div class='ocr_carea' id='block_1_83' title="bbox 159 5173 1766 5252">
    <p class='ocr_par' dir='ltr' id='par_1_83' title="bbox 159 5173 1766 5252">
     <span class='ocr_line' id='line_1_84' title="bbox 159 5173 1766 5252; baseline -0.006 -19"><span class='ocrx_word' id='word_1_594' title='bbox 159 5180 428 5252; x_wconf 72' lang='grc' dir='ltr'><strong>ἐπαφίεντο</strong></span> <span class='ocrx_word' id='word_1_595' title='bbox 461 5196 475 5210; x_wconf 82' lang='grc'><strong><em>⁸</em></strong></span> <span class='ocrx_word' id='word_1_596' title='bbox 531 5180 598 5230; x_wconf 82' lang='grc' dir='ltr'><strong>ὧν</strong></span> <span class='ocrx_word' id='word_1_597' title='bbox 648 5178 852 5250; x_wconf 71' lang='grc' dir='ltr'><strong>ἑκάστῳ</strong></span> <span class='ocrx_word' id='word_1_598' title='bbox 898 5181 1196 5251; x_wconf 89' lang='grc' dir='ltr'><strong>θαυμασίαν</strong></span> <span class='ocrx_word' id='word_1_599' title='bbox 1245 5176 1358 5236; x_wconf 79' lang='grc' dir='ltr'><strong>ἐνῆν</strong></span> <span class='ocrx_word' id='word_1_600' title='bbox 1415 5173 1618 5249; x_wconf 82' lang='grc' dir='ltr'><strong>βλέπειν</strong></span> <span class='ocrx_word' id='word_1_601' title='bbox 1663 5182 1766 5226; x_wconf 89' lang='grc' dir='ltr'><strong>τῶν</strong></span> 
     </span>
    </p>
   </div>
   <div class='ocr_carea' id='block_1_84' title="bbox 155 5263 1766 5342">
    <p class='ocr_par' dir='ltr' id='par_1_84' title="bbox 155 5263 1766 5342">
     <span class='ocr_line' id='line_1_85' title="bbox 155 5263 1766 5342; baseline -0.004 -20"><span class='ocrx_word' id='word_1_602' title='bbox 155 5273 404 5342; x_wconf 85' lang='grc' dir='ltr'><strong>γενναίων</strong></span> <span class='ocrx_word' id='word_1_603' title='bbox 451 5271 726 5342; x_wconf 88' lang='grc' dir='ltr'><strong>μαρτύρων</strong></span> <span class='ocrx_word' id='word_1_604' title='bbox 779 5273 873 5326; x_wconf 81' lang='grc' dir='ltr'><strong>την</strong></span> <span class='ocrx_word' id='word_1_605' title='bbox 923 5272 1220 5341; x_wconf 89' lang='grc' dir='ltr'><strong>καρτερίαν.</strong></span> <span class='ocrx_word' id='word_1_606' title='bbox 1270 5265 1368 5318; x_wconf 86' lang='grc' dir='ltr'><strong>Ἦν</strong></span> <span class='ocrx_word' id='word_1_607' title='bbox 1422 5263 1482 5317; x_wconf 73' lang='grc' dir='ltr'><strong>δε</strong></span> <span class='ocrx_word' id='word_1_608' title='bbox 1522 5269 1611 5317; x_wconf 83' lang='grc' dir='ltr'><strong>καὶ</strong></span> <span class='ocrx_word' id='word_1_609' title='bbox 1644 5265 1766 5316; x_wconf 82' lang='grc' dir='ltr'><strong>θαῦ-</strong></span> 
     </span>
    </p>
   </div>
   <div class='ocr_carea' id='block_1_85' title="bbox 159 5353 1767 5434">
    <p class='ocr_par' dir='ltr' id='par_1_85' title="bbox 159 5353 1767 5434">
     <span class='ocr_line' id='line_1_86' title="bbox 159 5353 1767 5434; baseline -0.004 -22"><span class='ocrx_word' id='word_1_610' title='bbox 159 5379 237 5433; x_wconf 84' lang='grc' dir='ltr'><strong>μα</strong></span> <span class='ocrx_word' id='word_1_611' title='bbox 287 5360 432 5434; x_wconf 56' lang='lat' dir='ltr'><strong>apag»,</strong></span> <span class='ocrx_word' id='word_1_612' title='bbox 485 5367 597 5421; x_wconf 86' lang='grc' dir='ltr'><strong>πῶς</strong></span> <span class='ocrx_word' id='word_1_613' title='bbox 648 5358 782 5431; x_wconf 84' lang='grc' dir='ltr'><strong>λιμῷ</strong></span> <span class='ocrx_word' id='word_1_614' title='bbox 819 5359 886 5410; x_wconf 80' lang='grc' dir='ltr'><strong>τὰ</strong></span> <span class='ocrx_word' id='word_1_615' title='bbox 941 5355 1317 5430; x_wconf 82' lang='grc' dir='ltr'><strong>ἀνθρωποϐὁρα</strong></span> <span class='ocrx_word' id='word_1_616' title='bbox 1369 5356 1537 5408; x_wconf 82' lang='grc' dir='ltr'><strong>ἐκεῖνα</strong></span> <span class='ocrx_word' id='word_1_617' title='bbox 1586 5353 1767 5415; x_wconf 80' lang='grc' dir='ltr'><strong>πιεζό-</strong></span> 
     </span>
    </p>
   </div>
   <div class='ocr_carea' id='block_1_86' title="bbox 259 5482 1078 5560">
    <p class='ocr_par' dir='ltr' id='par_1_86' title="bbox 259 5482 1078 5560">
     <span class='ocr_line' id='line_1_87' title="bbox 259 5482 1078 5560; baseline 0 -22"><span class='ocrx_word' id='word_1_618' title='bbox 259 5486 313 5560; x_wconf 82' lang='grc'><strong>1)</strong></span> <span class='ocrx_word' id='word_1_619' title='bbox 341 5488 519 5560; x_wconf 66' lang='grc' dir='ltr'><strong>ξῑώρᾳ,</strong></span> <span class='ocrx_word' id='word_1_620' title='bbox 551 5483 809 5560; x_wconf 70' lang='lat' dir='ltr'><strong>regione.</strong></span> <span class='ocrx_word' id='word_1_621' title='bbox 859 5482 1078 5538; x_wconf 88' lang='lat' dir='ltr'><strong>Euseb.</strong></span> 
     </span>
    </p>
   </div>
   <div class='ocr_carea' id='block_1_87' title="bbox 233 5485 1766 5630">
    <p class='ocr_par' dir='ltr' id='par_1_87' title="bbox 233 5485 1766 5630">
     <span class='ocr_line' id='line_1_88' title="bbox 259 5485 1078 5560; baseline 0 -22"><span class='ocrx_word' id='word_1_622' title='bbox 259 5486 313 5553; x_wconf 82' lang='grc'><strong>1)</strong></span> <span class='ocrx_word' id='word_1_623' title='bbox 341 5488 519 5560; x_wconf 75' lang='grc' dir='ltr'><strong>Χώρᾳ,</strong></span> <span class='ocrx_word' id='word_1_624' title='bbox 551 5485 809 5556; x_wconf 79' lang='lat' dir='ltr'><strong>regione.</strong></span> <span class='ocrx_word' id='word_1_625' title='bbox 859 5485 1078 5538; x_wconf 88' lang='lat' dir='ltr'><strong>Euseb.</strong></span> 
     </span>
     <span class='ocr_line' id='line_1_89' title="bbox 233 5485 1766 5630; baseline -0.002 -18"><span class='ocrx_word' id='word_1_626' title='bbox 233 5485 312 5630; x_wconf 47' lang='lat' dir='ltr'><strong>i2)</strong></span> <span class='ocrx_word' id='word_1_627' title='bbox 330 5557 620 5624; x_wconf 59' lang='lat' dir='ltr'><strong>Quasdam</strong></span> <span class='ocrx_word' id='word_1_628' title='bbox 642 5558 894 5612; x_wconf 83' lang='lat' dir='ltr'><strong>istorum</strong></span> <span class='ocrx_word' id='word_1_629' title='bbox 915 5553 1340 5628; x_wconf 86' lang='lat' dir='ltr'><strong>martyriorum</strong></span> <span class='ocrx_word' id='word_1_630' title='bbox 1363 5551 1424 5608; x_wconf 91' lang='lat' dir='ltr'><strong>in</strong></span> <span class='ocrx_word' id='word_1_631' title='bbox 1446 5549 1766 5609; x_wconf 64' lang='lat' dir='ltr'><strong>Palaestina</strong></span> 
     </span>
    </p>
   </div>
   <div class='ocr_carea' id='block_1_88' title="bbox 1861 3113 3508 3185">
    <p class='ocr_par' dir='ltr' id='par_1_88' title="bbox 1861 3113 3508 3185">
     <span class='ocr_line' id='line_1_90' title="bbox 1861 3113 3508 3185; baseline 0.002 -18"><span class='ocrx_word' id='word_1_632' title='bbox 1861 3114 1939 3185; x_wconf 82' lang='grc'><strong>(1)</strong></span> <span class='ocrx_word' id='word_1_633' title='bbox 1971 3115 2236 3185; x_wconf 89' lang='lat' dir='ltr'><strong>tyrannis</strong></span> <span class='ocrx_word' id='word_1_634' title='bbox 2256 3113 2662 3182; x_wconf 83' lang='lat' dir='ltr'><strong>grassabatur.</strong></span> <span class='ocrx_word' id='word_1_635' title='bbox 2687 3113 2849 3168; x_wconf 89' lang='lat' dir='ltr'><strong>Idem</strong></span> <span class='ocrx_word' id='word_1_636' title='bbox 2880 3115 2938 3166; x_wconf 91' lang='lat' dir='ltr'><strong>in</strong></span> <span class='ocrx_word' id='word_1_637' title='bbox 2963 3114 3131 3184; x_wconf 86' lang='lat' dir='ltr'><strong>Syria</strong></span> <span class='ocrx_word' id='word_1_638' title='bbox 3153 3113 3353 3170; x_wconf 90' lang='lat' dir='ltr'><strong>ﬁebat.</strong></span> <span class='ocrx_word' id='word_1_639' title='bbox 3388 3113 3508 3170; x_wconf 88' lang='lat' dir='ltr'><strong>Cir-</strong></span> 
     </span>
    </p>
   </div>
   <div class='ocr_carea' id='block_1_89' title="bbox 1861 3201 3511 3274">
    <p class='ocr_par' dir='ltr' id='par_1_89' title="bbox 1861 3201 3511 3274">
     <span class='ocr_line' id='line_1_91' title="bbox 1861 3201 3511 3274; baseline 0.002 -17"><span class='ocrx_word' id='word_1_640' title='bbox 1861 3203 2346 3258; x_wconf 88' lang='lat' dir='ltr'><strong>cumferebantur</strong></span> <span class='ocrx_word' id='word_1_641' title='bbox 2361 3203 2519 3258; x_wconf 92' lang='lat' dir='ltr'><strong>enim</strong></span> <span class='ocrx_word' id='word_1_642' title='bbox 2540 3201 2872 3274; x_wconf 85' lang='lat' dir='ltr'><strong>imperialia</strong></span> <span class='ocrx_word' id='word_1_643' title='bbox 2898 3204 3135 3273; x_wconf 90' lang='lat' dir='ltr'><strong>scripta,</strong></span> <span class='ocrx_word' id='word_1_644' title='bbox 3160 3220 3294 3274; x_wconf 66' lang='lat' dir='ltr'><strong>quae</strong></span> <span class='ocrx_word' id='word_1_645' title='bbox 3327 3205 3511 3260; x_wconf 83' lang='lat' dir='ltr'><strong>eccle—</strong></span> 
     </span>
    </p>
   </div>
   <div class='ocr_carea' id='block_1_90' title="bbox 1864 3290 3510 3364">
    <p class='ocr_par' dir='ltr' id='par_1_90' title="bbox 1864 3290 3510 3364">
     <span class='ocr_line' id='line_1_92' title="bbox 1864 3290 3510 3364; baseline -0.001 -16"><span class='ocrx_word' id='word_1_646' title='bbox 1864 3293 2088 3348; x_wconf 89' lang='lat' dir='ltr'><strong>siarum</strong></span> <span class='ocrx_word' id='word_1_647' title='bbox 2116 3300 2390 3364; x_wconf 80' lang='lat' dir='ltr'><strong>pastores</strong></span> <span class='ocrx_word' id='word_1_648' title='bbox 2421 3307 2656 3347; x_wconf 89' lang='lat' dir='ltr'><strong>carcere</strong></span> <span class='ocrx_word' id='word_1_649' title='bbox 2682 3290 2905 3346; x_wconf 90' lang='lat' dir='ltr'><strong>includi</strong></span> <span class='ocrx_word' id='word_1_650' title='bbox 2935 3291 3251 3361; x_wconf 88' lang='lat' dir='ltr'><strong>jubebant.</strong></span> <span class='ocrx_word' id='word_1_651' title='bbox 3288 3295 3350 3347; x_wconf 92' lang='lat' dir='ltr'><strong>Et</strong></span> <span class='ocrx_word' id='word_1_652' title='bbox 3382 3296 3510 3349; x_wconf 83' lang='lat' dir='ltr'><strong>erat</strong></span> 
     </span>
    </p>
   </div>
   <div class='ocr_carea' id='block_1_91' title="bbox 1864 3381 3507 3454">
    <p class='ocr_par' dir='ltr' id='par_1_91' title="bbox 1864 3381 3507 3454">
     <span class='ocr_line' id='line_1_93' title="bbox 1864 3381 3507 3454; baseline 0.001 -18"><span class='ocrx_word' id='word_1_653' title='bbox 1864 3383 2086 3454; x_wconf 91' lang='lat' dir='ltr'><strong>ubique</strong></span> <span class='ocrx_word' id='word_1_654' title='bbox 2142 3381 2484 3436; x_wconf 90' lang='lat' dir='ltr'><strong>miseranda</strong></span> <span class='ocrx_word' id='word_1_655' title='bbox 2526 3387 2582 3436; x_wconf 89' lang='lat' dir='ltr'><strong>et</strong></span> <span class='ocrx_word' id='word_1_656' title='bbox 2621 3382 2820 3450; x_wconf 87' lang='lat' dir='ltr'><strong>gravis</strong></span> <span class='ocrx_word' id='word_1_657' title='bbox 2859 3396 3057 3436; x_wconf 91' lang='lat' dir='ltr'><strong>rerum</strong></span> <span class='ocrx_word' id='word_1_658' title='bbox 3106 3382 3305 3446; x_wconf 85' lang='lat' dir='ltr'><strong>facies,</strong></span> <span class='ocrx_word' id='word_1_659' title='bbox 3339 3382 3507 3454; x_wconf 89' lang='lat' dir='ltr'><strong>quod</strong></span> 
     </span>
    </p>
   </div>
   <div class='ocr_carea' id='block_1_92' title="bbox 1860 3470 3510 3544">
    <p class='ocr_par' dir='ltr' id='par_1_92' title="bbox 1860 3470 3510 3544">
     <span class='ocr_line' id='line_1_94' title="bbox 1860 3470 3510 3544; baseline 0.001 -18"><span class='ocrx_word' id='word_1_660' title='bbox 1860 3471 2122 3544; x_wconf 89' lang='lat' dir='ltr'><strong>plurima</strong></span> <span class='ocrx_word' id='word_1_661' title='bbox 2155 3470 2341 3525; x_wconf 90' lang='lat' dir='ltr'><strong>millia</strong></span> <span class='ocrx_word' id='word_1_662' title='bbox 2363 3470 2588 3540; x_wconf 89' lang='lat' dir='ltr'><strong>passim</strong></span> <span class='ocrx_word' id='word_1_663' title='bbox 2609 3470 2976 3524; x_wconf 89' lang='lat' dir='ltr'><strong>traherentur</strong></span> <span class='ocrx_word' id='word_1_664' title='bbox 2993 3477 3172 3541; x_wconf 88' lang='lat' dir='ltr'><strong>atque</strong></span> <span class='ocrx_word' id='word_1_665' title='bbox 3200 3476 3510 3541; x_wconf 86' lang='lat' dir='ltr'><strong>raptaren-</strong></span> 
     </span>
    </p>
   </div>
   <div class='ocr_carea' id='block_1_93' title="bbox 1861 3558 3511 3630">
    <p class='ocr_par' dir='ltr' id='par_1_93' title="bbox 1861 3558 3511 3630">
     <span class='ocr_line' id='line_1_95' title="bbox 1861 3558 3511 3630; baseline -0.001 -15"><span class='ocrx_word' id='word_1_666' title='bbox 1861 3566 1976 3616; x_wconf 87' lang='lat' dir='ltr'><strong>tur.</strong></span> <span class='ocrx_word' id='word_1_667' title='bbox 2011 3563 2075 3615; x_wconf 91' lang='lat' dir='ltr'><strong>Et</strong></span> <span class='ocrx_word' id='word_1_668' title='bbox 2112 3575 2244 3630; x_wconf 67' lang='lat' dir='ltr'><strong>quas</strong></span> <span class='ocrx_word' id='word_1_669' title='bbox 2273 3566 2448 3614; x_wconf 84' lang='lat' dir='ltr'><strong>antea</strong></span> <span class='ocrx_word' id='word_1_670' title='bbox 2480 3559 2952 3629; x_wconf 88' lang='lat' dir='ltr'><strong>percussoribus,</strong></span> <span class='ocrx_word' id='word_1_671' title='bbox 2986 3558 3301 3613; x_wconf 86' lang='lat' dir='ltr'><strong>homicidis</strong></span> <span class='ocrx_word' id='word_1_672' title='bbox 3327 3565 3383 3614; x_wconf 90' lang='lat' dir='ltr'><strong>et</strong></span> <span class='ocrx_word' id='word_1_673' title='bbox 3419 3576 3511 3614; x_wconf 89' lang='lat' dir='ltr'><strong>se-</strong></span> 
     </span>
    </p>
   </div>
   <div class='ocr_carea' id='block_1_94' title="bbox 1865 3647 3508 3721">
    <p class='ocr_par' dir='ltr' id='par_1_94' title="bbox 1865 3647 3508 3721">
     <span class='ocr_line' id='line_1_96' title="bbox 1865 3647 3508 3721; baseline -0.001 -16"><span class='ocrx_word' id='word_1_674' title='bbox 1865 3649 2206 3721; x_wconf 90' lang='lat' dir='ltr'><strong>pulcrorum</strong></span> <span class='ocrx_word' id='word_1_675' title='bbox 2232 3647 2614 3702; x_wconf 89' lang='lat' dir='ltr'><strong>violatoribus</strong></span> <span class='ocrx_word' id='word_1_676' title='bbox 2635 3654 2801 3702; x_wconf 90' lang='lat' dir='ltr'><strong>erant</strong></span> <span class='ocrx_word' id='word_1_677' title='bbox 2821 3654 3171 3718; x_wconf 62' lang='lat' dir='ltr'><strong>preparatus</strong></span> <span class='ocrx_word' id='word_1_678' title='bbox 3195 3648 3508 3715; x_wconf 67' lang='lat' dir='ltr'><strong>custodias,</strong></span> 
     </span>
    </p>
   </div>
   <div class='ocr_carea' id='block_1_95' title="bbox 1861 3735 3507 3811">
    <p class='ocr_par' dir='ltr' id='par_1_95' title="bbox 1861 3735 3507 3811">
     <span class='ocr_line' id='line_1_97' title="bbox 1861 3735 3507 3811; baseline -0.001 -17"><span class='ocrx_word' id='word_1_679' title='bbox 1861 3739 1954 3794; x_wconf 69' lang='lat' dir='ltr'><strong>hae</strong></span> <span class='ocrx_word' id='word_1_680' title='bbox 1992 3739 2504 3811; x_wconf 86' lang='lat' dir='ltr'><strong>presbyterorum,</strong></span> <span class='ocrx_word' id='word_1_681' title='bbox 2537 3735 2934 3791; x_wconf 88' lang='lat' dir='ltr'><strong>diaconorum</strong></span> <span class='ocrx_word' id='word_1_682' title='bbox 2967 3735 3343 3808; x_wconf 89' lang='lat' dir='ltr'><strong>aliorumque</strong></span> <span class='ocrx_word' id='word_1_683' title='bbox 3375 3737 3507 3809; x_wconf 88' lang='lat' dir='ltr'><strong>ejus</strong></span> 
     </span>
    </p>
   </div>
   <div class='ocr_carea' id='block_1_96' title="bbox 1860 3824 3513 3896">
    <p class='ocr_par' dir='ltr' id='par_1_96' title="bbox 1860 3824 3513 3896">
     <span class='ocr_line' id='line_1_98' title="bbox 1860 3824 3513 3896; baseline -0.001 -12"><span class='ocrx_word' id='word_1_684' title='bbox 1860 3827 2086 3884; x_wconf 83' lang='lat' dir='ltr'><strong>ordinis</strong></span> <span class='ocrx_word' id='word_1_685' title='bbox 2126 3832 2469 3882; x_wconf 89' lang='lat' dir='ltr'><strong>sanctorum</strong></span> <span class='ocrx_word' id='word_1_686' title='bbox 2502 3827 2763 3879; x_wconf 90' lang='lat' dir='ltr'><strong>virorum</strong></span> <span class='ocrx_word' id='word_1_687' title='bbox 2794 3824 2978 3879; x_wconf 93' lang='lat' dir='ltr'><strong>choro</strong></span> <span class='ocrx_word' id='word_1_688' title='bbox 3007 3824 3420 3896; x_wconf 86' lang='lat' dir='ltr'><strong>replebantur:</strong></span> <span class='ocrx_word' id='word_1_689' title='bbox 3447 3833 3513 3883; x_wconf 83' lang='lat' dir='ltr'><strong>ut</strong></span> 
     </span>
    </p>
   </div>
   <div class='ocr_carea' id='block_1_97' title="bbox 1855 3912 3516 3990">
    <p class='ocr_par' dir='ltr' id='par_1_97' title="bbox 1855 3912 3516 3990">
     <span class='ocr_line' id='line_1_99' title="bbox 1855 3912 3516 3990; baseline -0.001 -16"><span class='ocrx_word' id='word_1_690' title='bbox 1855 3919 1982 3990; x_wconf 84' lang='lat' dir='ltr'><strong>jam</strong></span> <span class='ocrx_word' id='word_1_691' title='bbox 2025 3915 2329 3978; x_wconf 76' lang='lat' dir='ltr'><strong>maleﬁcia,</strong></span> <span class='ocrx_word' id='word_1_692' title='bbox 2369 3913 2757 3986; x_wconf 58' lang='lat' dir='ltr'><strong>pradonibus</strong></span> <span class='ocrx_word' id='word_1_693' title='bbox 2801 3912 3052 3985; x_wconf 89' lang='lat' dir='ltr'><strong>aliisque</strong></span> <span class='ocrx_word' id='word_1_694' title='bbox 3097 3914 3516 3972; x_wconf 89' lang='lat' dir='ltr'><strong>condemnatis</strong></span> 
     </span>
    </p>
   </div>
   <div class='ocr_carea' id='block_1_98' title="bbox 1861 4003 3516 4075">
    <p class='ocr_par' dir='ltr' id='par_1_98' title="bbox 1861 4003 3516 4075">
     <span class='ocr_line' id='line_1_100' title="bbox 1861 4003 3516 4075; baseline -0.001 -12"><span class='ocrx_word' id='word_1_695' title='bbox 1861 4008 2205 4063; x_wconf 86' lang='lat' dir='ltr'><strong>hominibus</strong></span> <span class='ocrx_word' id='word_1_696' title='bbox 2245 4005 2410 4060; x_wconf 91' lang='lat' dir='ltr'><strong>locus</strong></span> <span class='ocrx_word' id='word_1_697' title='bbox 2445 4003 2505 4058; x_wconf 89' lang='lat' dir='ltr'><strong>in</strong></span> <span class='ocrx_word' id='word_1_698' title='bbox 2552 4017 2783 4058; x_wconf 88' lang='lat' dir='ltr'><strong>carcere</strong></span> <span class='ocrx_word' id='word_1_699' title='bbox 2815 4018 2935 4056; x_wconf 88' lang='lat' dir='ltr'><strong>non</strong></span> <span class='ocrx_word' id='word_1_700' title='bbox 2989 4007 3160 4058; x_wconf 87' lang='lat' dir='ltr'><strong>esset.</strong></span> <span class='ocrx_word' id='word_1_701' title='bbox 3195 4007 3309 4058; x_wconf 84' lang='lat' dir='ltr'><strong>Nec</strong></span> <span class='ocrx_word' id='word_1_702' title='bbox 3337 4003 3516 4075; x_wconf 87' lang='lat' dir='ltr'><strong>longe</strong></span> 
     </span>
    </p>
   </div>
   <div class='ocr_carea' id='block_1_99' title="bbox 1863 4091 3513 4170">
    <p class='ocr_par' dir='ltr' id='par_1_99' title="bbox 1863 4091 3513 4170">
     <span class='ocr_line' id='line_1_101' title="bbox 1863 4091 3513 4170; baseline -0.002 -18"><span class='ocrx_word' id='word_1_703' title='bbox 1863 4101 1999 4170; x_wconf 90' lang='lat' dir='ltr'><strong>post</strong></span> <span class='ocrx_word' id='word_1_704' title='bbox 2027 4096 2156 4150; x_wconf 76' lang='lat' dir='ltr'><strong>aliae</strong></span> <span class='ocrx_word' id='word_1_705' title='bbox 2188 4091 2870 4164; x_wconf 64' lang='lat' dir='ltr'><strong>superveniuntlitterm:</strong></span> <span class='ocrx_word' id='word_1_706' title='bbox 2907 4091 3092 4163; x_wconf 88' lang='lat' dir='ltr'><strong>utqui</strong></span> <span class='ocrx_word' id='word_1_707' title='bbox 3123 4092 3181 4146; x_wconf 92' lang='lat' dir='ltr'><strong>in</strong></span> <span class='ocrx_word' id='word_1_708' title='bbox 3220 4093 3513 4149; x_wconf 83' lang='lat' dir='ltr'><strong>custodiis</strong></span> 
     </span>
    </p>
   </div>
   <div class='ocr_carea' id='block_1_100' title="bbox 1863 4179 3512 4252">
    <p class='ocr_par' dir='ltr' id='par_1_100' title="bbox 1863 4179 3512 4252">
     <span class='ocr_line' id='line_1_102' title="bbox 1863 4179 3512 4252; baseline -0.002 -11"><span class='ocrx_word' id='word_1_709' title='bbox 1863 4187 1978 4241; x_wconf 91' lang='lat' dir='ltr'><strong>diis</strong></span> <span class='ocrx_word' id='word_1_710' title='bbox 2019 4184 2441 4247; x_wconf 85' lang='lat' dir='ltr'><strong>sacriﬁcarent,</strong></span> <span class='ocrx_word' id='word_1_711' title='bbox 2488 4180 2655 4236; x_wconf 90' lang='lat' dir='ltr'><strong>liberi</strong></span> <span class='ocrx_word' id='word_1_712' title='bbox 2697 4179 2970 4246; x_wconf 88' lang='lat' dir='ltr'><strong>abirent;</strong></span> <span class='ocrx_word' id='word_1_713' title='bbox 3026 4181 3128 4252; x_wconf 92' lang='lat' dir='ltr'><strong>qui</strong></span> <span class='ocrx_word' id='word_1_714' title='bbox 3191 4180 3250 4236; x_wconf 91' lang='lat' dir='ltr'><strong>id</strong></span> <span class='ocrx_word' id='word_1_715' title='bbox 3314 4181 3512 4238; x_wconf 84' lang='lat' dir='ltr'><strong>facere</strong></span> 
     </span>
    </p>
   </div>
   <div class='ocr_carea' id='block_1_101' title="bbox 1863 4267 3509 4339">
    <p class='ocr_par' dir='ltr' id='par_1_101' title="bbox 1863 4267 3509 4339">
     <span class='ocr_line' id='line_1_103' title="bbox 1863 4267 3509 4339; baseline -0.003 -8"><span class='ocrx_word' id='word_1_716' title='bbox 1863 4279 2228 4338; x_wconf 88' lang='lat' dir='ltr'><strong>recusarent,</strong></span> <span class='ocrx_word' id='word_1_717' title='bbox 2259 4271 2424 4326; x_wconf 90' lang='lat' dir='ltr'><strong>omni</strong></span> <span class='ocrx_word' id='word_1_718' title='bbox 2465 4269 2762 4325; x_wconf 91' lang='lat' dir='ltr'><strong>malorum</strong></span> <span class='ocrx_word' id='word_1_719' title='bbox 2814 4284 3030 4339; x_wconf 90' lang='lat' dir='ltr'><strong>genere</strong></span> <span class='ocrx_word' id='word_1_720' title='bbox 3071 4267 3509 4337; x_wconf 83' lang='lat' dir='ltr'><strong>afﬂigerentur.</strong></span> 
     </span>
    </p>
   </div>
   <div class='ocr_carea' id='block_1_102' title="bbox 1865 4357 3514 4432">
    <p class='ocr_par' dir='ltr' id='par_1_102' title="bbox 1865 4357 3514 4432">
     <span class='ocr_line' id='line_1_104' title="bbox 1865 4357 3514 4432; baseline -0.003 -12"><span class='ocrx_word' id='word_1_721' title='bbox 1865 4365 1977 4420; x_wconf 89' lang='lat' dir='ltr'><strong>Sed</strong></span> <span class='ocrx_word' id='word_1_722' title='bbox 2017 4363 2176 4418; x_wconf 88' lang='lat' dir='ltr'><strong>enim</strong></span> <span class='ocrx_word' id='word_1_723' title='bbox 2219 4361 2354 4432; x_wconf 90' lang='lat' dir='ltr'><strong>quis</strong></span> <span class='ocrx_word' id='word_1_724' title='bbox 2402 4358 2668 4423; x_wconf 86' lang='lat' dir='ltr'><strong>tandem,</strong></span> <span class='ocrx_word' id='word_1_725' title='bbox 2715 4359 2818 4429; x_wconf 92' lang='lat' dir='ltr'><strong>qui</strong></span> <span class='ocrx_word' id='word_1_726' title='bbox 2869 4357 3009 4414; x_wconf 88' lang='lat' dir='ltr'><strong>talia</strong></span> <span class='ocrx_word' id='word_1_727' title='bbox 3068 4357 3247 4427; x_wconf 90' lang='lat' dir='ltr'><strong>legat,</strong></span> <span class='ocrx_word' id='word_1_728' title='bbox 3283 4365 3514 4415; x_wconf 90' lang='lat' dir='ltr'><strong>tantam</strong></span> 
     </span>
    </p>
   </div>
   <div class='ocr_carea' id='block_1_103' title="bbox 1868 4446 3516 4525">
    <p class='ocr_par' dir='ltr' id='par_1_103' title="bbox 1868 4446 3516 4525">
     <span class='ocr_line' id='line_1_105' title="bbox 1868 4446 3516 4525; baseline -0.005 -15"><span class='ocrx_word' id='word_1_729' title='bbox 1868 4458 2202 4525; x_wconf 87' lang='lat' dir='ltr'><strong>martyrum</strong></span> <span class='ocrx_word' id='word_1_730' title='bbox 2233 4450 2470 4505; x_wconf 91' lang='lat' dir='ltr'><strong>turbam</strong></span> <span class='ocrx_word' id='word_1_731' title='bbox 2493 4448 2829 4502; x_wconf 89' lang='lat' dir='ltr'><strong>dinumeret</strong></span> <span class='ocrx_word' id='word_1_732' title='bbox 2852 4446 2880 4502; x_wconf 83' lang='lat'><strong>?</strong></span> <span class='ocrx_word' id='word_1_733' title='bbox 2904 4447 3007 4518; x_wconf 91' lang='lat' dir='ltr'><strong>qui</strong></span> <span class='ocrx_word' id='word_1_734' title='bbox 3037 4463 3142 4519; x_wconf 91' lang='lat' dir='ltr'><strong>per</strong></span> <span class='ocrx_word' id='word_1_735' title='bbox 3171 4447 3516 4518; x_wconf 84' lang='lat' dir='ltr'><strong>provincias</strong></span> 
     </span>
    </p>
   </div>
   <div class='ocr_carea' id='block_1_104' title="bbox 1866 4536 3522 4601">
    <p class='ocr_par' dir='ltr' id='par_1_104' title="bbox 1866 4536 3522 4601">
     <span class='ocr_line' id='line_1_106' title="bbox 1866 4536 3522 4601; baseline -0.006 1"><span class='ocrx_word' id='word_1_736' title='bbox 1866 4559 2077 4601; x_wconf 89' lang='lat' dir='ltr'><strong>omnes</strong></span> <span class='ocrx_word' id='word_1_737' title='bbox 2101 4546 2338 4595; x_wconf 88' lang='lat' dir='ltr'><strong>strenue</strong></span> <span class='ocrx_word' id='word_1_738' title='bbox 2352 4539 2744 4600; x_wconf 88' lang='lat' dir='ltr'><strong>decertarunt,</strong></span> <span class='ocrx_word' id='word_1_739' title='bbox 2772 4536 3032 4590; x_wconf 87' lang='lat' dir='ltr'><strong>maxime</strong></span> <span class='ocrx_word' id='word_1_740' title='bbox 3063 4537 3338 4592; x_wconf 90' lang='lat' dir='ltr'><strong>autemin</strong></span> <span class='ocrx_word' id='word_1_741' title='bbox 3369 4537 3522 4592; x_wconf 85' lang='lat' dir='ltr'><strong>Afri-</strong></span> 
     </span>
    </p>
   </div>
   <div class='ocr_carea' id='block_1_105' title="bbox 1867 4623 3514 4697">
    <p class='ocr_par' dir='ltr' id='par_1_105' title="bbox 1867 4623 3514 4697">
     <span class='ocr_line' id='line_1_107' title="bbox 1867 4623 3514 4697; baseline -0.01 -7"><span class='ocrx_word' id='word_1_742' title='bbox 1867 4650 1941 4690; x_wconf 89' lang='lat' dir='ltr'><strong>ca</strong></span> <span class='ocrx_word' id='word_1_743' title='bbox 1985 4637 2041 4687; x_wconf 91' lang='lat' dir='ltr'><strong>et</strong></span> <span class='ocrx_word' id='word_1_744' title='bbox 2081 4627 2431 4687; x_wconf 80' lang='lat' dir='ltr'><strong>Mauritania</strong></span> <span class='ocrx_word' id='word_1_745' title='bbox 2472 4644 2484 4680; x_wconf 90' lang='lat'><strong>:</strong></span> <span class='ocrx_word' id='word_1_746' title='bbox 2517 4626 2657 4681; x_wconf 90' lang='lat' dir='ltr'><strong>item</strong></span> <span class='ocrx_word' id='word_1_747' title='bbox 2686 4623 2981 4680; x_wconf 90' lang='lat' dir='ltr'><strong>Thebaide</strong></span> <span class='ocrx_word' id='word_1_748' title='bbox 3020 4632 3077 4679; x_wconf 90' lang='lat' dir='ltr'><strong>et</strong></span> <span class='ocrx_word' id='word_1_749' title='bbox 3115 4624 3175 4679; x_wconf 92' lang='lat' dir='ltr'><strong>in</strong></span> <span class='ocrx_word' id='word_1_750' title='bbox 3211 4623 3466 4697; x_wconf 68' lang='lat' dir='ltr'><strong>Egypto</strong></span> <span class='ocrx_word' id='word_1_751' title='bbox 3497 4641 3514 4680; x_wconf 68' lang='grc' dir='ltr'><strong>ς</strong></span> 
     </span>
    </p>
   </div>
   <div class='ocr_carea' id='block_1_106' title="bbox 1869 4713 3520 4779">
    <p class='ocr_par' dir='ltr' id='par_1_106' title="bbox 1869 4713 3520 4779">
     <span class='ocr_line' id='line_1_108' title="bbox 1869 4713 3520 4779; baseline -0.005 -1"><span class='ocrx_word' id='word_1_752' title='bbox 1869 4722 2029 4778; x_wconf 87' lang='lat' dir='ltr'><strong>unde</strong></span> <span class='ocrx_word' id='word_1_753' title='bbox 2062 4716 2313 4775; x_wconf 87' lang='lat' dir='ltr'><strong>nonnuli</strong></span> <span class='ocrx_word' id='word_1_754' title='bbox 2344 4717 2525 4771; x_wconf 90' lang='lat' dir='ltr'><strong>etiam</strong></span> <span class='ocrx_word' id='word_1_755' title='bbox 2556 4715 2614 4769; x_wconf 92' lang='lat' dir='ltr'><strong>in</strong></span> <span class='ocrx_word' id='word_1_756' title='bbox 2637 4713 2784 4769; x_wconf 88' lang='lat' dir='ltr'><strong>alias</strong></span> <span class='ocrx_word' id='word_1_757' title='bbox 2815 4713 3174 4769; x_wconf 84' lang='lat' dir='ltr'><strong>divertentes</strong></span> <span class='ocrx_word' id='word_1_758' title='bbox 3207 4715 3406 4779; x_wconf 88' lang='lat' dir='ltr'><strong>urbes,</strong></span> <span class='ocrx_word' id='word_1_759' title='bbox 3434 4713 3520 4770; x_wconf 85' lang='lat' dir='ltr'><strong>ibi</strong></span> 
     </span>
    </p>
   </div>
   <div class='ocr_carea' id='block_1_107' title="bbox 1870 4802 3522 4874">
    <p class='ocr_par' dir='ltr' id='par_1_107' title="bbox 1870 4802 3522 4874">
     <span class='ocr_line' id='line_1_109' title="bbox 1870 4802 3522 4874; baseline -0.007 -6"><span class='ocrx_word' id='word_1_760' title='bbox 1870 4809 2276 4868; x_wconf 85' lang='lat' dir='ltr'><strong>fortitudinem</strong></span> <span class='ocrx_word' id='word_1_761' title='bbox 2297 4820 2472 4860; x_wconf 90' lang='lat' dir='ltr'><strong>suam</strong></span> <span class='ocrx_word' id='word_1_762' title='bbox 2497 4819 2606 4874; x_wconf 92' lang='lat' dir='ltr'><strong>pro</strong></span> <span class='ocrx_word' id='word_1_763' title='bbox 2636 4802 2865 4858; x_wconf 89' lang='lat' dir='ltr'><strong>Christo</strong></span> <span class='ocrx_word' id='word_1_764' title='bbox 2895 4807 2952 4857; x_wconf 90' lang='lat' dir='ltr'><strong>et</strong></span> <span class='ocrx_word' id='word_1_765' title='bbox 2989 4803 3392 4858; x_wconf 86' lang='lat' dir='ltr'><strong>constantiam</strong></span> <span class='ocrx_word' id='word_1_766' title='bbox 3419 4818 3522 4858; x_wconf 88' lang='lat' dir='ltr'><strong>ex-</strong></span> 
     </span>
    </p>
   </div>
   <div class='ocr_carea' id='block_1_108' title="bbox 1870 4890 3519 4964">
    <p class='ocr_par' dir='ltr' id='par_1_108' title="bbox 1870 4890 3519 4964">
     <span class='ocr_line' id='line_1_110' title="bbox 1870 4890 3519 4964; baseline -0.005 -8"><span class='ocrx_word' id='word_1_767' title='bbox 1870 4899 2214 4957; x_wconf 90' lang='lat' dir='ltr'><strong>hibuerunt.</strong></span> <span class='ocrx_word' id='word_1_768' title='bbox 2247 4896 2509 4960; x_wconf 86' lang='lat' dir='ltr'><strong>Quorum</strong></span> <span class='ocrx_word' id='word_1_769' title='bbox 2537 4892 2671 4964; x_wconf 92' lang='lat' dir='ltr'><strong>quis</strong></span> <span class='ocrx_word' id='word_1_770' title='bbox 2711 4906 2852 4955; x_wconf 90' lang='lat' dir='ltr'><strong>non,</strong></span> <span class='ocrx_word' id='word_1_771' title='bbox 2887 4891 2938 4945; x_wconf 89' lang='lat' dir='ltr'><strong>si</strong></span> <span class='ocrx_word' id='word_1_772' title='bbox 2969 4890 3192 4960; x_wconf 89' lang='lat' dir='ltr'><strong>videat,</strong></span> <span class='ocrx_word' id='word_1_773' title='bbox 3217 4907 3356 4946; x_wconf 92' lang='lat' dir='ltr'><strong>cum</strong></span> <span class='ocrx_word' id='word_1_774' title='bbox 3389 4897 3519 4947; x_wconf 85' lang='lat' dir='ltr'><strong>stu-</strong></span> 
     </span>
    </p>
   </div>
   <div class='ocr_carea' id='block_1_109' title="bbox 1871 4979 3519 5062">
    <p class='ocr_par' dir='ltr' id='par_1_109' title="bbox 1871 4979 3519 5062">
     <span class='ocr_line' id='line_1_111' title="bbox 1871 4979 3519 5062; baseline -0.005 -17"><span class='ocrx_word' id='word_1_775' title='bbox 1871 5004 2016 5062; x_wconf 89' lang='lat' dir='ltr'><strong>pore</strong></span> <span class='ocrx_word' id='word_1_776' title='bbox 2042 4984 2368 5043; x_wconf 89' lang='lat' dir='ltr'><strong>admiretur</strong></span> <span class='ocrx_word' id='word_1_777' title='bbox 2406 4981 2792 5046; x_wconf 89' lang='lat' dir='ltr'><strong>alacritatem,</strong></span> <span class='ocrx_word' id='word_1_778' title='bbox 2821 4979 3234 5051; x_wconf 88' lang='lat' dir='ltr'><strong>suppliciaque</strong></span> <span class='ocrx_word' id='word_1_779' title='bbox 3264 4995 3519 5036; x_wconf 89' lang='lat' dir='ltr'><strong>numero</strong></span> 
     </span>
    </p>
   </div>
   <div class='ocr_carea' id='block_1_110' title="bbox 1872 5069 3521 5148">
    <p class='ocr_par' dir='ltr' id='par_1_110' title="bbox 1872 5069 3521 5148">
     <span class='ocr_line' id='line_1_112' title="bbox 1872 5069 3521 5148; baseline -0.006 -13"><span class='ocrx_word' id='word_1_780' title='bbox 1872 5081 2049 5148; x_wconf 89' lang='lat' dir='ltr'><strong>longe</strong></span> <span class='ocrx_word' id='word_1_781' title='bbox 2086 5073 2395 5146; x_wconf 89' lang='lat' dir='ltr'><strong>superiora</strong></span> <span class='ocrx_word' id='word_1_782' title='bbox 2414 5073 2516 5143; x_wconf 86' lang='lat'><strong>(2),</strong></span> <span class='ocrx_word' id='word_1_783' title='bbox 2557 5069 2940 5141; x_wconf 89' lang='lat' dir='ltr'><strong>potissimum</strong></span> <span class='ocrx_word' id='word_1_784' title='bbox 2966 5073 3189 5134; x_wconf 88' lang='lat' dir='ltr'><strong>autem,</strong></span> <span class='ocrx_word' id='word_1_785' title='bbox 3224 5075 3362 5140; x_wconf 93' lang='lat' dir='ltr'><strong>post</strong></span> <span class='ocrx_word' id='word_1_786' title='bbox 3390 5069 3521 5125; x_wconf 72' lang='lat' dir='ltr'><strong>htec</strong></span> 
     </span>
    </p>
   </div>
   <div class='ocr_carea' id='block_1_111' title="bbox 1873 5157 3522 5230">
    <p class='ocr_par' dir='ltr' id='par_1_111' title="bbox 1873 5157 3522 5230">
     <span class='ocr_line' id='line_1_113' title="bbox 1873 5157 3522 5230; baseline -0.007 -6"><span class='ocrx_word' id='word_1_787' title='bbox 1873 5169 2098 5226; x_wconf 86' lang='lat' dir='ltr'><strong>omnia.</strong></span> <span class='ocrx_word' id='word_1_788' title='bbox 2131 5179 2268 5219; x_wconf 93' lang='lat' dir='ltr'><strong>cum</strong></span> <span class='ocrx_word' id='word_1_789' title='bbox 2289 5159 2622 5230; x_wconf 86' lang='lat' dir='ltr'><strong>agrestibus</strong></span> <span class='ocrx_word' id='word_1_790' title='bbox 2653 5159 2790 5212; x_wconf 86' lang='lat' dir='ltr'><strong>feris</strong></span> <span class='ocrx_word' id='word_1_791' title='bbox 2825 5157 3306 5213; x_wconf 86' lang='lat' dir='ltr'><strong>colluctationem</strong></span> <span class='ocrx_word' id='word_1_792' title='bbox 3331 5158 3361 5210; x_wconf 81' lang='lat'><strong>?</strong></span> <span class='ocrx_word' id='word_1_793' title='bbox 3387 5158 3522 5212; x_wconf 88' lang='lat' dir='ltr'><strong>Par-</strong></span> 
     </span>
    </p>
   </div>
   <div class='ocr_carea' id='block_1_112' title="bbox 1873 5244 3522 5327">
    <p class='ocr_par' dir='ltr' id='par_1_112' title="bbox 1873 5244 3522 5327">
     <span class='ocr_line' id='line_1_114' title="bbox 1873 5244 3522 5327; baseline -0.006 -14"><span class='ocrx_word' id='word_1_794' title='bbox 1873 5257 1931 5314; x_wconf 91' lang='lat' dir='ltr'><strong>di</strong></span> <span class='ocrx_word' id='word_1_795' title='bbox 1946 5271 2130 5327; x_wconf 90' lang='lat' dir='ltr'><strong>namq</strong></span> <span class='ocrx_word' id='word_1_796' title='bbox 2140 5246 2726 5322; x_wconf 61' lang='lat' dir='ltr'><strong>ue,ursi,apri,548</strong></span> <span class='ocrx_word' id='word_1_797' title='bbox 2739 5253 2794 5302; x_wconf 91' lang='lat' dir='ltr'><strong>et</strong></span> <span class='ocrx_word' id='word_1_798' title='bbox 2806 5247 2956 5302; x_wconf 89' lang='lat' dir='ltr'><strong>tauri</strong></span> <span class='ocrx_word' id='word_1_799' title='bbox 2972 5244 3448 5311; x_wconf 85' lang='lat' dir='ltr'><strong>silvestres,ferro</strong></span> <span class='ocrx_word' id='word_1_800' title='bbox 3465 5249 3522 5303; x_wconf 85' lang='lat' dir='ltr'><strong>et</strong></span> 
     </span>
    </p>
   </div>
   <div class='ocr_carea' id='block_1_113' title="bbox 1874 5334 3525 5418">
    <p class='ocr_par' dir='ltr' id='par_1_113' title="bbox 1874 5334 3525 5418">
     <span class='ocr_line' id='line_1_115' title="bbox 1874 5334 3525 5418; baseline -0.008 -15"><span class='ocrx_word' id='word_1_801' title='bbox 1874 5346 1998 5418; x_wconf 88' lang='lat' dir='ltr'><strong>igni</strong></span> <span class='ocrx_word' id='word_1_802' title='bbox 2038 5345 2116 5401; x_wconf 91' lang='lat' dir='ltr'><strong>ad</strong></span> <span class='ocrx_word' id='word_1_803' title='bbox 2157 5342 2446 5398; x_wconf 85' lang='lat' dir='ltr'><strong>feritatem</strong></span> <span class='ocrx_word' id='word_1_804' title='bbox 2491 5339 2747 5403; x_wconf 85' lang='lat' dir='ltr'><strong>excitati,</strong></span> <span class='ocrx_word' id='word_1_805' title='bbox 2781 5336 3132 5406; x_wconf 87' lang='lat' dir='ltr'><strong>gravissime</strong></span> <span class='ocrx_word' id='word_1_806' title='bbox 3167 5334 3228 5391; x_wconf 92' lang='lat' dir='ltr'><strong>in</strong></span> <span class='ocrx_word' id='word_1_807' title='bbox 3269 5351 3373 5392; x_wconf 89' lang='lat' dir='ltr'><strong>eos</strong></span> <span class='ocrx_word' id='word_1_808' title='bbox 3413 5336 3525 5391; x_wconf 86' lang='lat' dir='ltr'><strong>im-</strong></span> 
     </span>
    </p>
   </div>
   <div class='ocr_carea' id='block_1_114' title="bbox 1873 5460 3523 5613">
    <p class='ocr_par' dir='ltr' id='par_1_114' title="bbox 1873 5460 3523 5613">
     <span class='ocr_line' id='line_1_116' title="bbox 1873 5460 3523 5613; baseline -0.007 -84"><span class='ocrx_word' id='word_1_809' title='bbox 1873 5477 1930 5529; x_wconf 91' lang='lat' dir='ltr'><strong>et</strong></span> <span class='ocrx_word' id='word_1_810' title='bbox 1953 5470 2088 5599; x_wconf 56' lang='lat' dir='ltr'><strong>Ty;i</strong></span> <span class='ocrx_word' id='word_1_811' title='bbox 2118 5469 2183 5613; x_wconf 75' lang='lat' dir='ltr'><strong>)in</strong></span> <span class='ocrx_word' id='word_1_812' title='bbox 2209 5465 2481 5524; x_wconf 68' lang='lat' dir='ltr'><strong>Phoanice</strong></span> <span class='ocrx_word' id='word_1_813' title='bbox 2524 5463 2668 5520; x_wconf 89' lang='lat' dir='ltr'><strong>vidit</strong></span> <span class='ocrx_word' id='word_1_814' title='bbox 2706 5462 2834 5536; x_wconf 88' lang='lat' dir='ltr'><strong>ipse</strong></span> <span class='ocrx_word' id='word_1_815' title='bbox 2883 5460 3194 5518; x_wconf 88' lang='lat' dir='ltr'><strong>Eusebius.</strong></span> <span class='ocrx_word' id='word_1_816' title='bbox 3227 5460 3358 5533; x_wconf 89' lang='lat' dir='ltr'><strong>(lib.</strong></span> <span class='ocrx_word' id='word_1_817' title='bbox 3397 5475 3523 5536; x_wconf 72' lang='lat' dir='ltr'><strong>vni,</strong></span> 
     </span>
     <span class='ocr_line' id='line_1_117' title="bbox 1873 5561 2086 5613; baseline -0.014 -11"><span class='ocrx_word' id='word_1_818' title='bbox 1873 5561 2004 5613; x_wconf 84' lang='lat' dir='ltr'><strong>cap.</strong></span> <span class='ocrx_word' id='word_1_819' title='bbox 2073 5585 2086 5599; x_wconf 96' lang='lat'><strong>.</strong></span> 
     </span>
    </p>
   </div>
   <div class='ocr_carea' id='block_1_115' title="bbox 1871 5561 2086 5619">
    <p class='ocr_par' dir='ltr' id='par_1_115' title="bbox 1871 5561 2086 5619">
     <span class='ocr_line' id='line_1_118' title="bbox 1871 5561 2086 5619; baseline -0.014 -17"><span class='ocrx_word' id='word_1_820' title='bbox 1871 5561 2004 5619; x_wconf 84' lang='lat' dir='ltr'><strong>cap.</strong></span> <span class='ocrx_word' id='word_1_821' title='bbox 2031 5561 2086 5599; x_wconf 71' lang='lat'><strong>&#39;1.</strong></span> 
     </span>
    </p>
   </div>
  </div>
