  <div class='ocr_page' id='page_1' title='image "/cluster/home/n/w/nwhite01/storage/ocr_20150623/145/mdp.39015061167048/617.png"; bbox 0 0 4028 6294; ppageno 0'>
   <div class='ocr_carea' id='block_1_1' title="bbox 603 258 3822 329">
    <p class='ocr_par' dir='ltr' id='par_1_1' title="bbox 603 258 3822 329">
     <span class='ocr_line' id='line_1_1' title="bbox 603 258 3822 329; baseline 0.002 -9"><span class='ocrx_word' id='word_1_1' title='bbox 603 258 743 320; x_wconf 84' lang='grc'><strong>1219</strong></span> <span class='ocrx_word' id='word_1_2' title='bbox 1897 261 2284 320; x_wconf 80' lang='lat' dir='ltr'><strong>NICEPIIORI</strong></span> <span class='ocrx_word' id='word_1_3' title='bbox 2327 261 2638 322; x_wconf 82' lang='lat' dir='ltr'><strong>CALLISTI</strong></span> <span class='ocrx_word' id='word_1_4' title='bbox 3729 271 3822 329; x_wconf 69' lang='lat'><strong>{220</strong></span> 
     </span>
    </p>
   </div>
   <div class='ocr_carea' id='block_1_2' title="bbox 597 386 2188 467">
    <p class='ocr_par' dir='ltr' id='par_1_2' title="bbox 597 389 2181 460">
     <span class='ocr_line' id='line_1_2' title="bbox 597 389 2181 460; baseline -0.001 -14"><span class='ocrx_word' id='word_1_5' title='bbox 597 391 1006 446; x_wconf 73' lang='lat' dir='ltr'><strong>mittebantur.</strong></span> <span class='ocrx_word' id='word_1_6' title='bbox 1032 391 1094 445; x_wconf 83' lang='lat' dir='ltr'><strong>In</strong></span> <span class='ocrx_word' id='word_1_7' title='bbox 1120 389 1341 460; x_wconf 87' lang='lat' dir='ltr'><strong>quibus</strong></span> <span class='ocrx_word' id='word_1_8' title='bbox 1358 389 1643 444; x_wconf 90' lang='lat' dir='ltr'><strong>omnibus</strong></span> <span class='ocrx_word' id='word_1_9' title='bbox 1668 389 2089 445; x_wconf 88' lang='lat' dir='ltr'><strong>admirandum</strong></span> <span class='ocrx_word' id='word_1_10' title='bbox 2113 407 2181 460; x_wconf 90' lang='lat' dir='ltr'><strong>sp</strong></span> 
     </span>
    </p>
   </div>
   <div class='ocr_carea' id='block_1_3' title="bbox 2232 386 3823 467">
    <p class='ocr_par' dir='ltr' id='par_1_3' title="bbox 2232 386 3823 467">
     <span class='ocr_line' id='line_1_3' title="bbox 2232 386 3823 467; baseline 0.004 -26"><span class='ocrx_word' id='word_1_11' title='bbox 2232 421 2243 432; x_wconf 93' lang='lat'><strong><em>-</em></strong></span> <span class='ocrx_word' id='word_1_12' title='bbox 2273 392 2318 444; x_wconf 81' lang='grc' dir='ltr'><strong>Α</strong></span> <span class='ocrx_word' id='word_1_13' title='bbox 2352 409 2498 463; x_wconf 87' lang='grc' dir='ltr'>μενα,</span> <span class='ocrx_word' id='word_1_14' title='bbox 2559 389 2641 443; x_wconf 84' lang='grc' dir='ltr'><strong>ἐπὶ</strong></span> <span class='ocrx_word' id='word_1_15' title='bbox 2695 389 2822 442; x_wconf 82' lang='grc' dir='ltr'>πολύ</span> <span class='ocrx_word' id='word_1_16' title='bbox 2878 386 3241 464; x_wconf 78' lang='grc' dir='ltr'><strong>διεκαρτέρουν</strong></span> <span class='ocrx_word' id='word_1_17' title='bbox 3287 396 3357 464; x_wconf 82' lang='grc' dir='ltr'>μὴ</span> <span class='ocrx_word' id='word_1_18' title='bbox 3444 399 3537 454; x_wconf 87' lang='grc' dir='ltr'>τοῖς</span> <span class='ocrx_word' id='word_1_19' title='bbox 3590 405 3823 467; x_wconf 69' lang='grc' dir='ltr'>μαρτυρικοὶς</span> 
     </span>
    </p>
   </div>
   <div class='ocr_carea' id='block_1_4' title="bbox 596 479 2187 553">
    <p class='ocr_par' dir='ltr' id='par_1_4' title="bbox 596 479 2187 546">
     <span class='ocr_line' id='line_1_4' title="bbox 596 479 2187 546; baseline -0.003 -10"><span class='ocrx_word' id='word_1_20' title='bbox 596 479 895 536; x_wconf 89' lang='lat' dir='ltr'><strong>ctaculum</strong></span> <span class='ocrx_word' id='word_1_21' title='bbox 948 486 1091 544; x_wconf 89' lang='lat' dir='ltr'><strong>erat,</strong></span> <span class='ocrx_word' id='word_1_22' title='bbox 1142 485 1302 534; x_wconf 85' lang='lat' dir='ltr'><strong>tanta</strong></span> <span class='ocrx_word' id='word_1_23' title='bbox 1353 494 1780 546; x_wconf 88' lang='lat' dir='ltr'><strong>generosorum</strong></span> <span class='ocrx_word' id='word_1_24' title='bbox 1838 484 1893 534; x_wconf 89' lang='lat' dir='ltr'><strong>et</strong></span> <span class='ocrx_word' id='word_1_25' title='bbox 1951 479 2187 535; x_wconf 32' lang='lat' dir='ltr'><strong>nobiliui</strong></span> 
     </span>
    </p>
   </div>
   <div class='ocr_carea' id='block_1_5' title="bbox 2234 479 3825 553">
    <p class='ocr_par' dir='ltr' id='par_1_5' title="bbox 2234 479 3825 553">
     <span class='ocr_line' id='line_1_5' title="bbox 2234 479 3825 553; baseline 0.004 -23"><span class='ocrx_word' id='word_1_26' title='bbox 2234 499 2241 534; x_wconf 89' lang='grc' dir='ltr'><strong>ι</strong></span> <span class='ocrx_word' id='word_1_27' title='bbox 2355 487 2593 552; x_wconf 82' lang='grc' dir='ltr'>σωμασςε</span> <span class='ocrx_word' id='word_1_28' title='bbox 2650 482 2806 552; x_wconf 78' lang='grc' dir='ltr'>θίγειν</span> <span class='ocrx_word' id='word_1_29' title='bbox 2839 479 3191 552; x_wconf 83' lang='grc' dir='ltr'>ἑπιτολμῶντα</span> <span class='ocrx_word' id='word_1_30' title='bbox 3225 501 3237 514; x_wconf 76' lang='grc' dir='ltr'>ο</span> <span class='ocrx_word' id='word_1_31' title='bbox 3291 481 3392 532; x_wconf 80' lang='grc' dir='ltr'>ἀλλ’</span> <span class='ocrx_word' id='word_1_32' title='bbox 3433 481 3509 533; x_wconf 78' lang='grc' dir='ltr'><strong>ἐπὶ</strong></span> <span class='ocrx_word' id='word_1_33' title='bbox 3534 487 3606 553; x_wconf 71' lang='grc' dir='ltr'>μὲν</span> <span class='ocrx_word' id='word_1_34' title='bbox 3645 488 3736 545; x_wconf 72' lang='grc' dir='ltr'>τοὺς</span> <span class='ocrx_word' id='word_1_35' title='bbox 3775 489 3825 536; x_wconf 71' lang='lat' dir='ltr'><strong>il-</strong></span> 
     </span>
    </p>
   </div>
   <div class='ocr_carea' id='block_1_6' title="bbox 596 567 2187 640">
    <p class='ocr_par' dir='ltr' id='par_1_6' title="bbox 596 567 2187 640">
     <span class='ocr_line' id='line_1_6' title="bbox 596 567 2187 640; baseline -0.003 -15"><span class='ocrx_word' id='word_1_36' title='bbox 596 576 928 640; x_wconf 89' lang='lat' dir='ltr'><strong>martyrum</strong></span> <span class='ocrx_word' id='word_1_37' title='bbox 959 570 1295 624; x_wconf 90' lang='lat' dir='ltr'><strong>constantia</strong></span> <span class='ocrx_word' id='word_1_38' title='bbox 1324 572 1382 622; x_wconf 93' lang='lat' dir='ltr'><strong>et</strong></span> <span class='ocrx_word' id='word_1_39' title='bbox 1412 568 1716 623; x_wconf 81' lang='lat' dir='ltr'><strong>fortitudo.</strong></span> <span class='ocrx_word' id='word_1_40' title='bbox 1755 567 1968 623; x_wconf 91' lang='lat' dir='ltr'><strong>Verum</strong></span> <span class='ocrx_word' id='word_1_41' title='bbox 2005 576 2061 623; x_wconf 92' lang='lat' dir='ltr'><strong>et</strong></span> <span class='ocrx_word' id='word_1_42' title='bbox 2100 568 2187 623; x_wconf 77' lang='lat' dir='ltr'><strong>illi:</strong></span> 
     </span>
    </p>
   </div>
   <div class='ocr_carea' id='block_1_7' title="bbox 2234 567 3825 640">
    <p class='ocr_par' dir='ltr' id='par_1_7' title="bbox 2234 567 3825 632">
     <span class='ocr_line' id='line_1_7' title="bbox 2234 567 3825 632; baseline 0.003 -10"><span class='ocrx_word' id='word_1_43' title='bbox 2234 569 2242 622; x_wconf 85' lang='lat' dir='ltr'><strong>l</strong></span> <span class='ocrx_word' id='word_1_44' title='bbox 2351 569 2469 631; x_wconf 88' lang='grc' dir='ltr'>λους</span> <span class='ocrx_word' id='word_1_45' title='bbox 2532 570 2581 621; x_wconf 84' lang='grc' dir='ltr'><strong>οἱ</strong></span> <span class='ocrx_word' id='word_1_46' title='bbox 2635 567 2753 628; x_wconf 78' lang='grc' dir='ltr'>δῆτ’</span> <span class='ocrx_word' id='word_1_47' title='bbox 2803 570 2982 632; x_wconf 79' lang='grc' dir='ltr'><strong>ἔξωθεν</strong></span> <span class='ocrx_word' id='word_1_48' title='bbox 3041 569 3256 632; x_wconf 77' lang='grc' dir='ltr'><strong>ἑστῶτες</strong></span> <span class='ocrx_word' id='word_1_49' title='bbox 3306 571 3465 622; x_wconf 81' lang='grc' dir='ltr'>ἐκεῖνα</span> <span class='ocrx_word' id='word_1_50' title='bbox 3507 574 3620 623; x_wconf 79' lang='grc' dir='ltr'>κατὰ</span> <span class='ocrx_word' id='word_1_51' title='bbox 3659 582 3734 625; x_wconf 76' lang='grc' dir='ltr'>τῶν</span> <span class='ocrx_word' id='word_1_52' title='bbox 3766 578 3825 628; x_wconf 68' lang='lat'><strong>6?.-</strong></span> 
     </span>
    </p>
   </div>
   <div class='ocr_carea' id='block_1_8' title="bbox 595 656 2186 733">
    <p class='ocr_par' dir='ltr' id='par_1_8' title="bbox 595 656 2186 729">
     <span class='ocr_line' id='line_1_8' title="bbox 595 656 2186 729; baseline -0.003 -14"><span class='ocrx_word' id='word_1_53' title='bbox 595 660 860 715; x_wconf 83' lang='lat' dir='ltr'><strong>maximo</strong></span> <span class='ocrx_word' id='word_1_54' title='bbox 890 657 1060 712; x_wconf 88' lang='lat' dir='ltr'><strong>fuerit</strong></span> <span class='ocrx_word' id='word_1_55' title='bbox 1093 657 1397 721; x_wconf 88' lang='lat' dir='ltr'><strong>miraculo,</strong></span> <span class='ocrx_word' id='word_1_56' title='bbox 1431 657 1594 729; x_wconf 88' lang='lat' dir='ltr'><strong>quod</strong></span> <span class='ocrx_word' id='word_1_57' title='bbox 1625 656 1763 713; x_wconf 73' lang='lat' dir='ltr'><strong>ferae</strong></span> <span class='ocrx_word' id='word_1_58' title='bbox 1801 658 1914 712; x_wconf 66' lang='lat' dir='ltr'><strong>illae</strong></span> <span class='ocrx_word' id='word_1_59' title='bbox 1961 658 2186 712; x_wconf 80' lang='lat' dir='ltr'><strong>carnibi</strong></span> 
     </span>
    </p>
   </div>
   <div class='ocr_carea' id='block_1_9' title="bbox 2233 656 3824 733">
    <p class='ocr_par' dir='ltr' id='par_1_9' title="bbox 2233 659 3824 733">
     <span class='ocr_line' id='line_1_9' title="bbox 2233 659 3824 733; baseline 0.001 -21"><span class='ocrx_word' id='word_1_60' title='bbox 2233 675 2243 712; x_wconf 71' lang='grc' dir='ltr'><strong>ι</strong></span> <span class='ocrx_word' id='word_1_61' title='bbox 2353 659 2508 730; x_wconf 71' lang='grc' dir='ltr'>φιλῶν</span> <span class='ocrx_word' id='word_1_62' title='bbox 2570 660 2830 730; x_wconf 67' lang='grc' dir='ltr'>ἠρέθιζον,</span> <span class='ocrx_word' id='word_1_63' title='bbox 2884 659 3044 732; x_wconf 76' lang='grc' dir='ltr'><strong>ῥοίζῳ</strong></span> <span class='ocrx_word' id='word_1_64' title='bbox 3097 659 3265 730; x_wconf 82' lang='grc' dir='ltr'>πολλῷ</span> <span class='ocrx_word' id='word_1_65' title='bbox 3317 660 3452 730; x_wconf 85' lang='grc' dir='ltr'>μάλα</span> <span class='ocrx_word' id='word_1_66' title='bbox 3503 660 3731 733; x_wconf 69' lang='grc' dir='ltr'><strong>ἐφέροντο·</strong></span> <span class='ocrx_word' id='word_1_67' title='bbox 3771 675 3824 714; x_wconf 68' lang='lat' dir='ltr'><strong>tia</strong></span> 
     </span>
    </p>
   </div>
   <div class='ocr_carea' id='block_1_10' title="bbox 593 745 2184 821">
    <p class='ocr_par' dir='ltr' id='par_1_10' title="bbox 593 746 2184 814">
     <span class='ocr_line' id='line_1_10' title="bbox 593 746 2184 814; baseline -0.001 -11"><span class='ocrx_word' id='word_1_68' title='bbox 593 747 877 804; x_wconf 86' lang='lat' dir='ltr'><strong>humanis</strong></span> <span class='ocrx_word' id='word_1_69' title='bbox 911 748 1066 802; x_wconf 87' lang='lat' dir='ltr'><strong>vesci</strong></span> <span class='ocrx_word' id='word_1_70' title='bbox 1114 747 1324 810; x_wconf 76' lang='lat' dir='ltr'><strong>solitae,</strong></span> <span class='ocrx_word' id='word_1_71' title='bbox 1357 753 1413 801; x_wconf 91' lang='lat' dir='ltr'><strong>et</strong></span> <span class='ocrx_word' id='word_1_72' title='bbox 1442 746 1620 814; x_wconf 86' lang='lat' dir='ltr'><strong>longa</strong></span> <span class='ocrx_word' id='word_1_73' title='bbox 1654 747 1810 801; x_wconf 88' lang='lat' dir='ltr'><strong>fame</strong></span> <span class='ocrx_word' id='word_1_74' title='bbox 1850 746 2123 811; x_wconf 69' lang='lat' dir='ltr'><strong>efferatte,</strong></span> <span class='ocrx_word' id='word_1_75' title='bbox 2166 764 2184 801; x_wconf 74' lang='grc' dir='ltr'><strong>ε</strong></span> 
     </span>
    </p>
   </div>
   <div class='ocr_carea' id='block_1_11' title="bbox 2238 745 3829 821">
    <p class='ocr_par' dir='ltr' id='par_1_11' title="bbox 2238 745 3829 821">
     <span class='ocr_line' id='line_1_11' title="bbox 2238 745 3829 821; baseline 0.007 -27"><span class='ocrx_word' id='word_1_76' title='bbox 2238 772 2242 794; x_wconf 73' lang='grc' dir='ltr'><strong>ι</strong></span> <span class='ocrx_word' id='word_1_77' title='bbox 2354 745 2411 799; x_wconf 75' lang='grc' dir='ltr'>δὲ</span> <span class='ocrx_word' id='word_1_78' title='bbox 2464 750 2608 820; x_wconf 83' lang='grc' dir='ltr'>ἱερῶν</span> <span class='ocrx_word' id='word_1_79' title='bbox 2663 747 2918 812; x_wconf 81' lang='grc' dir='ltr'>ἀθλητῶν,</span> <span class='ocrx_word' id='word_1_80' title='bbox 2975 753 3158 821; x_wconf 86' lang='grc' dir='ltr'>καίπερ</span> <span class='ocrx_word' id='word_1_81' title='bbox 3211 756 3386 820; x_wconf 71' lang='grc' dir='ltr'>γυμνῷ</span> <span class='ocrx_word' id='word_1_82' title='bbox 3439 756 3508 818; x_wconf 82' lang='grc' dir='ltr'>τῷ</span> <span class='ocrx_word' id='word_1_83' title='bbox 3558 756 3720 815; x_wconf 75' lang='grc' dir='ltr'>σώματι</span> <span class='ocrx_word' id='word_1_84' title='bbox 3744 751 3829 806; x_wconf 74' lang='grc' dir='ltr'>ἐστι·</span> 
     </span>
    </p>
   </div>
   <div class='ocr_carea' id='block_1_12' title="bbox 592 835 2183 912">
    <p class='ocr_par' dir='ltr' id='par_1_12' title="bbox 592 835 2183 908">
     <span class='ocr_line' id='line_1_12' title="bbox 592 835 2183 908; baseline -0.001 -18"><span class='ocrx_word' id='word_1_85' title='bbox 592 835 707 891; x_wconf 90' lang='lat' dir='ltr'><strong>illis</strong></span> <span class='ocrx_word' id='word_1_86' title='bbox 737 837 1169 906; x_wconf 76' lang='lat' dir='ltr'><strong>abstinuerunt,</strong></span> <span class='ocrx_word' id='word_1_87' title='bbox 1205 851 1397 907; x_wconf 86' lang='lat' dir='ltr'><strong>neque</strong></span> <span class='ocrx_word' id='word_1_88' title='bbox 1431 841 1763 906; x_wconf 77' lang='lat' dir='ltr'><strong>martyrum</strong></span> <span class='ocrx_word' id='word_1_89' title='bbox 1795 852 2046 908; x_wconf 89' lang='lat' dir='ltr'><strong>corpora</strong></span> <span class='ocrx_word' id='word_1_90' title='bbox 2073 837 2183 892; x_wconf 82' lang='lat' dir='ltr'><strong>atti:</strong></span> 
     </span>
    </p>
   </div>
   <div class='ocr_carea' id='block_1_13' title="bbox 2238 835 3829 912">
    <p class='ocr_par' dir='ltr' id='par_1_13' title="bbox 2238 835 3829 912">
     <span class='ocr_line' id='line_1_13' title="bbox 2238 835 3829 912; baseline 0.003 -25"><span class='ocrx_word' id='word_1_91' title='bbox 2238 867 2242 876; x_wconf 75' lang='grc' dir='ltr'><strong>ι</strong></span> <span class='ocrx_word' id='word_1_92' title='bbox 2350 841 2531 900; x_wconf 85' lang='grc' dir='ltr'>κότων,</span> <span class='ocrx_word' id='word_1_93' title='bbox 2621 835 2706 888; x_wconf 82' lang='grc' dir='ltr'><strong>ἐπὶ</strong></span> <span class='ocrx_word' id='word_1_94' title='bbox 2779 843 2914 908; x_wconf 80' lang='grc' dir='ltr'>σφᾶς</span> <span class='ocrx_word' id='word_1_95' title='bbox 2987 857 3040 889; x_wconf 86' lang='grc' dir='ltr'><strong>τε</strong></span> <span class='ocrx_word' id='word_1_96' title='bbox 3104 837 3288 898; x_wconf 78' lang='grc' dir='ltr'>αύτούς</span> <span class='ocrx_word' id='word_1_97' title='bbox 3350 839 3654 890; x_wconf 81' lang='grc' dir='ltr'>ἑπισπώντων</span> <span class='ocrx_word' id='word_1_98' title='bbox 3696 860 3829 912; x_wconf 72' lang='grc' dir='ltr'>χερεο,</span> 
     </span>
    </p>
   </div>
   <div class='ocr_carea' id='block_1_14' title="bbox 593 923 2184 1000">
    <p class='ocr_par' dir='ltr' id='par_1_14' title="bbox 593 924 2176 997">
     <span class='ocr_line' id='line_1_14' title="bbox 593 924 2176 997; baseline 0 -17"><span class='ocrx_word' id='word_1_99' title='bbox 593 939 731 996; x_wconf 97' lang='lat' dir='ltr'><strong>gere</strong></span> <span class='ocrx_word' id='word_1_100' title='bbox 758 941 918 980; x_wconf 71' lang='lat' dir='ltr'><strong>ausae</strong></span> <span class='ocrx_word' id='word_1_101' title='bbox 945 924 1182 980; x_wconf 86' lang='lat' dir='ltr'><strong>fuerunt</strong></span> <span class='ocrx_word' id='word_1_102' title='bbox 1215 944 1227 980; x_wconf 93' lang='lat'>:</span> <span class='ocrx_word' id='word_1_103' title='bbox 1263 924 1364 979; x_wconf 90' lang='lat' dir='ltr'><strong>sed</strong></span> <span class='ocrx_word' id='word_1_104' title='bbox 1399 925 1458 978; x_wconf 92' lang='lat' dir='ltr'><strong>in</strong></span> <span class='ocrx_word' id='word_1_105' title='bbox 1487 925 1653 992; x_wconf 85' lang='lat' dir='ltr'><strong>alios,</strong></span> <span class='ocrx_word' id='word_1_106' title='bbox 1705 941 1807 979; x_wconf 92' lang='lat' dir='ltr'><strong>eos</strong></span> <span class='ocrx_word' id='word_1_107' title='bbox 1842 925 2109 980; x_wconf 78' lang='lat' dir='ltr'><strong>videlicet</strong></span> <span class='ocrx_word' id='word_1_108' title='bbox 2139 942 2176 997; x_wconf 92' lang='lat' dir='ltr'><strong>q</strong></span> 
     </span>
    </p>
   </div>
   <div class='ocr_carea' id='block_1_15' title="bbox 2243 923 3834 1000">
    <p class='ocr_par' dir='ltr' id='par_1_15' title="bbox 2352 923 3834 1000">
     <span class='ocr_line' id='line_1_15' title="bbox 2352 923 3834 1000; baseline 0.003 -24"><span class='ocrx_word' id='word_1_109' title='bbox 2352 925 2527 984; x_wconf 74' lang='grc' dir='ltr'>ἥκιστ’</span> <span class='ocrx_word' id='word_1_110' title='bbox 2577 929 2873 998; x_wconf 83' lang='grc' dir='ltr'>ἐπέτρεχον.</span> <span class='ocrx_word' id='word_1_111' title='bbox 2919 927 2975 978; x_wconf 84' lang='grc' dir='ltr'>Εἰ</span> <span class='ocrx_word' id='word_1_112' title='bbox 3025 923 3087 979; x_wconf 84' lang='grc' dir='ltr'>δέ</span> <span class='ocrx_word' id='word_1_113' title='bbox 3123 946 3220 978; x_wconf 90' lang='grc' dir='ltr'><strong>που</strong></span> <span class='ocrx_word' id='word_1_114' title='bbox 3261 932 3348 978; x_wconf 88' lang='grc' dir='ltr'>καὶ</span> <span class='ocrx_word' id='word_1_115' title='bbox 3388 936 3636 997; x_wconf 78' lang='grc' dir='ltr'>ὥρμησαν,</span> <span class='ocrx_word' id='word_1_116' title='bbox 3672 929 3757 980; x_wconf 71' lang='grc' dir='ltr'><strong>ὅσον</strong></span> <span class='ocrx_word' id='word_1_117' title='bbox 3789 934 3834 1000; x_wconf 72' lang='grc' dir='ltr'><strong>ἑγ-</strong></span> 
     </span>
    </p>
   </div>
   <div class='ocr_carea' id='block_1_16' title="bbox 593 1012 2184 1089">
    <p class='ocr_par' dir='ltr' id='par_1_16' title="bbox 593 1012 2184 1085">
     <span class='ocr_line' id='line_1_16' title="bbox 593 1012 2184 1085; baseline -0.001 -16"><span class='ocrx_word' id='word_1_118' title='bbox 593 1020 760 1069; x_wconf 84' lang='lat' dir='ltr'><strong>extra</strong></span> <span class='ocrx_word' id='word_1_119' title='bbox 795 1030 1040 1069; x_wconf 89' lang='lat' dir='ltr'><strong>arenam</strong></span> <span class='ocrx_word' id='word_1_120' title='bbox 1085 1019 1329 1078; x_wconf 79' lang='lat' dir='ltr'><strong>stantes,</strong></span> <span class='ocrx_word' id='word_1_121' title='bbox 1388 1012 1516 1068; x_wconf 90' lang='lat' dir='ltr'><strong>illas</strong></span> <span class='ocrx_word' id='word_1_122' title='bbox 1567 1019 1777 1068; x_wconf 90' lang='lat' dir='ltr'><strong>contra</strong></span> <span class='ocrx_word' id='word_1_123' title='bbox 1824 1014 1952 1084; x_wconf 92' lang='lat' dir='ltr'><strong>pios</strong></span> <span class='ocrx_word' id='word_1_124' title='bbox 2007 1017 2184 1085; x_wconf 81' lang='lat' dir='ltr'><strong>Deoqi</strong></span> 
     </span>
    </p>
   </div>
   <div class='ocr_carea' id='block_1_17' title="bbox 2243 1012 3834 1089">
    <p class='ocr_par' dir='ltr' id='par_1_17' title="bbox 2350 1012 3834 1089">
     <span class='ocr_line' id='line_1_17' title="bbox 2350 1012 3834 1089; baseline 0.001 -23"><span class='ocrx_word' id='word_1_125' title='bbox 2350 1033 2510 1084; x_wconf 72' lang='grc' dir='ltr'>γεστα</span> <span class='ocrx_word' id='word_1_126' title='bbox 2563 1017 2843 1086; x_wconf 73' lang='grc' dir='ltr'>γενέσθαι·</span> <span class='ocrx_word' id='word_1_127' title='bbox 2907 1012 3016 1067; x_wconf 81' lang='grc' dir='ltr'>εἶτα</span> <span class='ocrx_word' id='word_1_128' title='bbox 3071 1017 3244 1089; x_wconf 79' lang='grc' dir='ltr'>ὥσπερ</span> <span class='ocrx_word' id='word_1_129' title='bbox 3311 1017 3408 1068; x_wconf 71' lang='grc' dir='ltr'><strong>ὑπό</strong></span> <span class='ocrx_word' id='word_1_130' title='bbox 3465 1036 3591 1077; x_wconf 84' lang='grc' dir='ltr'>τινος</span> <span class='ocrx_word' id='word_1_131' title='bbox 3659 1014 3834 1089; x_wconf 61' lang='grc' dir='ltr'>δυνάμεως</span> 
     </span>
    </p>
   </div>
   <div class='ocr_carea' id='block_1_18' title="bbox 591 1101 2182 1180">
    <p class='ocr_par' dir='ltr' id='par_1_18' title="bbox 591 1102 2182 1174">
     <span class='ocr_line' id='line_1_18' title="bbox 591 1102 2182 1174; baseline -0.002 -15"><span class='ocrx_word' id='word_1_132' title='bbox 591 1102 808 1159; x_wconf 89' lang='lat' dir='ltr'><strong>charos</strong></span> <span class='ocrx_word' id='word_1_133' title='bbox 838 1103 1111 1158; x_wconf 83' lang='lat' dir='ltr'><strong>homines</strong></span> <span class='ocrx_word' id='word_1_134' title='bbox 1139 1103 1550 1174; x_wconf 89' lang='lat' dir='ltr'><strong>provocabant</strong></span> <span class='ocrx_word' id='word_1_135' title='bbox 1579 1108 1634 1157; x_wconf 92' lang='lat' dir='ltr'><strong>et</strong></span> <span class='ocrx_word' id='word_1_136' title='bbox 1680 1103 2081 1169; x_wconf 87' lang='lat' dir='ltr'><strong>concitabant,</strong></span> <span class='ocrx_word' id='word_1_137' title='bbox 2114 1109 2182 1157; x_wconf 82' lang='lat' dir='ltr'><strong>sti</strong></span> 
     </span>
    </p>
   </div>
   <div class='ocr_carea' id='block_1_19' title="bbox 2244 1101 3835 1180">
    <p class='ocr_par' dir='ltr' id='par_1_19' title="bbox 2353 1101 3835 1180">
     <span class='ocr_line' id='line_1_19' title="bbox 2353 1101 3835 1180; baseline 0.003 -25"><span class='ocrx_word' id='word_1_138' title='bbox 2353 1103 2707 1178; x_wconf 79' lang='grc' dir='ltr'>ἀνεκρούοντο,</span> <span class='ocrx_word' id='word_1_139' title='bbox 2748 1111 2837 1156; x_wconf 87' lang='grc' dir='ltr'>καὶ</span> <span class='ocrx_word' id='word_1_140' title='bbox 2884 1105 2955 1166; x_wconf 86' lang='grc' dir='ltr'>εἰς</span> <span class='ocrx_word' id='word_1_141' title='bbox 3002 1105 3236 1156; x_wconf 72' lang='grc' dir='ltr'>τούπίσω</span> <span class='ocrx_word' id='word_1_142' title='bbox 3289 1101 3438 1166; x_wconf 75' lang='grc' dir='ltr'>αὖθις</span> <span class='ocrx_word' id='word_1_143' title='bbox 3468 1104 3692 1180; x_wconf 73' lang='grc' dir='ltr'>ἄχωρουν.</span> <span class='ocrx_word' id='word_1_144' title='bbox 3724 1107 3768 1158; x_wconf 74' lang='grc' dir='ltr'><strong>Ὀ</strong></span> <span class='ocrx_word' id='word_1_145' title='bbox 3785 1115 3835 1159; x_wconf 78' lang='lat' dir='ltr'><strong>ui</strong></span> 
     </span>
    </p>
   </div>
   <div class='ocr_carea' id='block_1_20' title="bbox 592 1191 2183 1265">
    <p class='ocr_par' dir='ltr' id='par_1_20' title="bbox 592 1192 2183 1263">
     <span class='ocr_line' id='line_1_20' title="bbox 592 1192 2183 1263; baseline -0.001 -16"><span class='ocrx_word' id='word_1_146' title='bbox 592 1192 737 1248; x_wconf 90' lang='lat' dir='ltr'><strong>dore</strong></span> <span class='ocrx_word' id='word_1_147' title='bbox 767 1199 823 1247; x_wconf 88' lang='lat' dir='ltr'><strong>et</strong></span> <span class='ocrx_word' id='word_1_148' title='bbox 849 1193 1072 1263; x_wconf 90' lang='lat' dir='ltr'><strong>impetu</strong></span> <span class='ocrx_word' id='word_1_149' title='bbox 1108 1194 1292 1247; x_wconf 91' lang='lat' dir='ltr'><strong>multo</strong></span> <span class='ocrx_word' id='word_1_150' title='bbox 1325 1192 1642 1257; x_wconf 87' lang='lat' dir='ltr'><strong>irruerunt,</strong></span> <span class='ocrx_word' id='word_1_151' title='bbox 1677 1199 2096 1247; x_wconf 79' lang='lat' dir='ltr'><strong>sacrosanctos</strong></span> <span class='ocrx_word' id='word_1_152' title='bbox 2115 1198 2183 1247; x_wconf 23' lang='lat' dir='ltr'><strong>at,</strong></span> 
     </span>
    </p>
   </div>
   <div class='ocr_carea' id='block_1_21' title="bbox 2242 1191 3833 1265">
    <p class='ocr_par' dir='ltr' id='par_1_21' title="bbox 2242 1191 3833 1265">
     <span class='ocr_line' id='line_1_21' title="bbox 2242 1191 3833 1265; baseline 0.001 -21"><span class='ocrx_word' id='word_1_153' title='bbox 2242 1225 2244 1232; x_wconf 58' lang='grc' dir='ltr'><strong>ν</strong></span> <span class='ocrx_word' id='word_1_154' title='bbox 2349 1199 2613 1265; x_wconf 75' lang='grc' dir='ltr'>γινομενον</span> <span class='ocrx_word' id='word_1_155' title='bbox 2673 1193 2740 1254; x_wconf 83' lang='grc' dir='ltr'><strong>εἰς</strong></span> <span class='ocrx_word' id='word_1_156' title='bbox 2794 1193 3037 1256; x_wconf 84' lang='grc' dir='ltr'>ἔκπληξιν</span> <span class='ocrx_word' id='word_1_157' title='bbox 3089 1191 3211 1264; x_wconf 75' lang='grc' dir='ltr'><strong>ἦγεν</strong></span> <span class='ocrx_word' id='word_1_158' title='bbox 3245 1212 3256 1222; x_wconf 93' lang='grc'><strong>·</strong></span> <span class='ocrx_word' id='word_1_159' title='bbox 3310 1198 3376 1255; x_wconf 81' lang='grc' dir='ltr'>ὡς</span> <span class='ocrx_word' id='word_1_160' title='bbox 3425 1199 3513 1246; x_wconf 85' lang='grc' dir='ltr'>καὶ</span> <span class='ocrx_word' id='word_1_161' title='bbox 3577 1195 3766 1254; x_wconf 67' lang='grc' dir='ltr'>πολλάκις</span> <span class='ocrx_word' id='word_1_162' title='bbox 3797 1198 3833 1246; x_wconf 57' lang='grc' dir='ltr'><strong>εξ</strong></span> 
     </span>
    </p>
   </div>
   <div class='ocr_carea' id='block_1_22' title="bbox 590 1279 2181 1357">
    <p class='ocr_par' dir='ltr' id='par_1_22' title="bbox 590 1280 2181 1352">
     <span class='ocr_line' id='line_1_22' title="bbox 590 1280 2181 1352; baseline -0.001 -15"><span class='ocrx_word' id='word_1_163' title='bbox 590 1280 757 1345; x_wconf 85' lang='lat' dir='ltr'><strong>Ietas,</strong></span> <span class='ocrx_word' id='word_1_164' title='bbox 792 1280 966 1336; x_wconf 89' lang='lat' dir='ltr'><strong>nudis</strong></span> <span class='ocrx_word' id='word_1_165' title='bbox 987 1282 1378 1336; x_wconf 85' lang='lat' dir='ltr'><strong>consistentes</strong></span> <span class='ocrx_word' id='word_1_166' title='bbox 1409 1281 1760 1351; x_wconf 76' lang='lat' dir='ltr'><strong>corporibus</strong></span> <span class='ocrx_word' id='word_1_167' title='bbox 1800 1298 2022 1352; x_wconf 91' lang='lat' dir='ltr'><strong>easque</strong></span> <span class='ocrx_word' id='word_1_168' title='bbox 2054 1298 2181 1338; x_wconf 76' lang='lat' dir='ltr'><strong>mar</strong></span> 
     </span>
    </p>
   </div>
   <div class='ocr_carea' id='block_1_23' title="bbox 2240 1279 3831 1357">
    <p class='ocr_par' dir='ltr' id='par_1_23' title="bbox 2240 1279 3831 1357">
     <span class='ocr_line' id='line_1_23' title="bbox 2240 1279 3831 1357; baseline 0.001 -24"><span class='ocrx_word' id='word_1_169' title='bbox 2240 1313 2243 1321; x_wconf 71' lang='grc' dir='ltr'><strong>ι</strong></span> <span class='ocrx_word' id='word_1_170' title='bbox 2351 1281 2569 1348; x_wconf 78' lang='grc' dir='ltr'><strong>ἐκείνων,</strong></span> <span class='ocrx_word' id='word_1_171' title='bbox 2621 1288 2710 1335; x_wconf 83' lang='grc' dir='ltr'>καὶ</span> <span class='ocrx_word' id='word_1_172' title='bbox 2764 1279 2990 1355; x_wconf 78' lang='grc' dir='ltr'>διάφορα</span> <span class='ocrx_word' id='word_1_173' title='bbox 3038 1293 3136 1334; x_wconf 79' lang='grc' dir='ltr'>τῶν</span> <span class='ocrx_word' id='word_1_174' title='bbox 3170 1285 3313 1343; x_wconf 80' lang='grc' dir='ltr'><strong>ζώων</strong></span> <span class='ocrx_word' id='word_1_175' title='bbox 3358 1282 3608 1355; x_wconf 73' lang='grc' dir='ltr'><strong>ἀφίεσθαι,</strong></span> <span class='ocrx_word' id='word_1_176' title='bbox 3657 1283 3831 1357; x_wconf 51' lang='lat' dir='ltr'><strong>naphtam</strong></span> 
     </span>
    </p>
   </div>
   <div class='ocr_carea' id='block_1_24' title="bbox 592 1370 2183 1445">
    <p class='ocr_par' dir='ltr' id='par_1_24' title="bbox 592 1370 2156 1437">
     <span class='ocr_line' id='line_1_24' title="bbox 592 1370 2156 1437; baseline 0 -11"><span class='ocrx_word' id='word_1_177' title='bbox 592 1370 705 1426; x_wconf 90' lang='lat' dir='ltr'><strong>bus</strong></span> <span class='ocrx_word' id='word_1_178' title='bbox 732 1371 793 1426; x_wconf 92' lang='lat' dir='ltr'><strong>in</strong></span> <span class='ocrx_word' id='word_1_179' title='bbox 829 1386 890 1425; x_wconf 90' lang='lat' dir='ltr'><strong>se</strong></span> <span class='ocrx_word' id='word_1_180' title='bbox 934 1371 1316 1434; x_wconf 86' lang='lat' dir='ltr'><strong>attrahentes,</strong></span> <span class='ocrx_word' id='word_1_181' title='bbox 1354 1371 1600 1425; x_wconf 91' lang='lat' dir='ltr'><strong>minime</strong></span> <span class='ocrx_word' id='word_1_182' title='bbox 1651 1370 1953 1426; x_wconf 63' lang='lat' dir='ltr'><strong>lmdentes.</strong></span> <span class='ocrx_word' id='word_1_183' title='bbox 1988 1371 2156 1437; x_wconf 87' lang='lat' dir='ltr'><strong>Quod</strong></span> 
     </span>
    </p>
   </div>
   <div class='ocr_carea' id='block_1_25' title="bbox 2236 1370 3827 1445">
    <p class='ocr_par' dir='ltr' id='par_1_25' title="bbox 2236 1371 3827 1445">
     <span class='ocr_line' id='line_1_25' title="bbox 2236 1371 3827 1445; baseline -0.001 -21"><span class='ocrx_word' id='word_1_184' title='bbox 2236 1374 2241 1427; x_wconf 62' lang='grc' dir='ltr'><strong>ἱ</strong></span> <span class='ocrx_word' id='word_1_185' title='bbox 2353 1371 2804 1443; x_wconf 76' lang='grc' dir='ltr'>ἀπαλλαττομένων</span> <span class='ocrx_word' id='word_1_186' title='bbox 2882 1382 2980 1424; x_wconf 79' lang='grc' dir='ltr'>τῶν</span> <span class='ocrx_word' id='word_1_187' title='bbox 3042 1376 3488 1445; x_wconf 78' lang='grc' dir='ltr'>προηγησαμὲνων</span> <span class='ocrx_word' id='word_1_188' title='bbox 3545 1374 3726 1445; x_wconf 83' lang='grc' dir='ltr'>θηρίων.</span> <span class='ocrx_word' id='word_1_189' title='bbox 3769 1375 3827 1443; x_wconf 66' lang='grc' dir='ltr'>Οέχ</span> 
     </span>
    </p>
   </div>
   <div class='ocr_carea' id='block_1_26' title="bbox 593 1459 2184 1532">
    <p class='ocr_par' dir='ltr' id='par_1_26' title="bbox 593 1459 2184 1532">
     <span class='ocr_line' id='line_1_26' title="bbox 593 1459 2184 1532; baseline -0.001 -18"><span class='ocrx_word' id='word_1_190' title='bbox 593 1459 809 1531; x_wconf 70' lang='lat' dir='ltr'><strong>aliquae</strong></span> <span class='ocrx_word' id='word_1_191' title='bbox 853 1462 1032 1514; x_wconf 90' lang='lat' dir='ltr'><strong>etiam</strong></span> <span class='ocrx_word' id='word_1_192' title='bbox 1084 1459 1384 1514; x_wconf 85' lang='lat' dir='ltr'><strong>incurrere</strong></span> <span class='ocrx_word' id='word_1_193' title='bbox 1437 1459 1497 1514; x_wconf 92' lang='lat' dir='ltr'><strong>in</strong></span> <span class='ocrx_word' id='word_1_194' title='bbox 1547 1475 1650 1515; x_wconf 88' lang='lat' dir='ltr'><strong>eos</strong></span> <span class='ocrx_word' id='word_1_195' title='bbox 1719 1467 2042 1532; x_wconf 72' lang='lat' dir='ltr'><strong>cmperant,</strong></span> <span class='ocrx_word' id='word_1_196' title='bbox 2103 1477 2184 1516; x_wconf 10' lang='lat' dir='ltr'><strong>cui</strong></span> 
     </span>
    </p>
   </div>
   <div class='ocr_carea' id='block_1_27' title="bbox 2235 1459 3826 1532">
    <p class='ocr_par' dir='ltr' id='par_1_27' title="bbox 2235 1459 3826 1532">
     <span class='ocr_line' id='line_1_27' title="bbox 2235 1459 3826 1532; baseline -0.003 -16"><span class='ocrx_word' id='word_1_197' title='bbox 2235 1484 2239 1516; x_wconf 74' lang='grc' dir='ltr'><strong>ι</strong></span> <span class='ocrx_word' id='word_1_198' title='bbox 2351 1462 2505 1519; x_wconf 82' lang='grc' dir='ltr'>ἧττον</span> <span class='ocrx_word' id='word_1_199' title='bbox 2560 1459 2856 1524; x_wconf 82' lang='grc' dir='ltr'>δ’ἔκπληξιν</span> <span class='ocrx_word' id='word_1_200' title='bbox 2917 1464 3131 1513; x_wconf 75' lang='grc' dir='ltr'><strong>ἐνεποίει</strong></span> <span class='ocrx_word' id='word_1_201' title='bbox 3183 1465 3240 1512; x_wconf 87' lang='grc' dir='ltr'>τὸ</span> <span class='ocrx_word' id='word_1_202' title='bbox 3306 1470 3401 1512; x_wconf 84' lang='grc' dir='ltr'><strong>νῶν</strong></span> <span class='ocrx_word' id='word_1_203' title='bbox 3458 1468 3676 1532; x_wconf 72' lang='grc' dir='ltr'><strong>γενναίων</strong></span> <span class='ocrx_word' id='word_1_204' title='bbox 3723 1464 3826 1512; x_wconf 64' lang='lat' dir='ltr'><strong>inim</strong></span> 
     </span>
    </p>
   </div>
   <div class='ocr_carea' id='block_1_28' title="bbox 590 1549 2181 1624">
    <p class='ocr_par' dir='ltr' id='par_1_28' title="bbox 590 1549 2171 1620">
     <span class='ocr_line' id='line_1_28' title="bbox 590 1549 2171 1620; baseline 0.001 -18"><span class='ocrx_word' id='word_1_205' title='bbox 590 1565 776 1620; x_wconf 91' lang='lat' dir='ltr'><strong>quam</strong></span> <span class='ocrx_word' id='word_1_206' title='bbox 800 1549 1070 1619; x_wconf 86' lang='lat' dir='ltr'><strong>proxime</strong></span> <span class='ocrx_word' id='word_1_207' title='bbox 1097 1549 1173 1603; x_wconf 91' lang='lat' dir='ltr'><strong>ad</strong></span> <span class='ocrx_word' id='word_1_208' title='bbox 1207 1564 1309 1604; x_wconf 91' lang='lat' dir='ltr'><strong>eos</strong></span> <span class='ocrx_word' id='word_1_209' title='bbox 1335 1550 1751 1614; x_wconf 87' lang='lat' dir='ltr'><strong>accessissent,</strong></span> <span class='ocrx_word' id='word_1_210' title='bbox 1797 1550 2117 1620; x_wconf 90' lang='lat' dir='ltr'><strong>derepente</strong></span> <span class='ocrx_word' id='word_1_211' title='bbox 2158 1551 2171 1604; x_wconf 92' lang='lat' dir='ltr'><strong>i</strong></span> 
     </span>
    </p>
   </div>
   <div class='ocr_carea' id='block_1_29' title="bbox 2237 1549 3828 1624">
    <p class='ocr_par' dir='ltr' id='par_1_29' title="bbox 2237 1549 3828 1624">
     <span class='ocr_line' id='line_1_29' title="bbox 2237 1549 3828 1624; baseline -0.003 -20"><span class='ocrx_word' id='word_1_212' title='bbox 2237 1597 2240 1604; x_wconf 92' lang='lat'>.</span> <span class='ocrx_word' id='word_1_213' title='bbox 2353 1549 2629 1615; x_wconf 80' lang='grc' dir='ltr'>ἁπτὸητον,</span> <span class='ocrx_word' id='word_1_214' title='bbox 2692 1555 2778 1602; x_wconf 85' lang='grc' dir='ltr'>καὶ</span> <span class='ocrx_word' id='word_1_215' title='bbox 2833 1554 2926 1608; x_wconf 77' lang='grc' dir='ltr'><strong>τὴν</strong></span> <span class='ocrx_word' id='word_1_216' title='bbox 2967 1553 3014 1601; x_wconf 80' lang='grc' dir='ltr'><strong>ἐν</strong></span> <span class='ocrx_word' id='word_1_217' title='bbox 3061 1549 3225 1602; x_wconf 82' lang='grc' dir='ltr'>ἀτελεῖ</span> <span class='ocrx_word' id='word_1_218' title='bbox 3275 1550 3456 1621; x_wconf 75' lang='grc' dir='ltr'>ἡλικίᾳ</span> <span class='ocrx_word' id='word_1_219' title='bbox 3490 1551 3718 1624; x_wconf 71' lang='grc' dir='ltr'>γηραλέων</span> <span class='ocrx_word' id='word_1_220' title='bbox 3740 1554 3828 1601; x_wconf 68' lang='grc' dir='ltr'>ἐπτι-</span> 
     </span>
    </p>
   </div>
   <div class='ocr_carea' id='block_1_30' title="bbox 592 1636 2183 1713">
    <p class='ocr_par' dir='ltr' id='par_1_30' title="bbox 592 1637 2183 1710">
     <span class='ocr_line' id='line_1_30' title="bbox 592 1637 2183 1710; baseline 0 -16"><span class='ocrx_word' id='word_1_221' title='bbox 592 1643 881 1709; x_wconf 89' lang='lat' dir='ltr'><strong>tanquam</strong></span> <span class='ocrx_word' id='word_1_222' title='bbox 908 1637 962 1692; x_wconf 90' lang='lat' dir='ltr'><strong>vi</strong></span> <span class='ocrx_word' id='word_1_223' title='bbox 991 1639 1258 1710; x_wconf 88' lang='lat' dir='ltr'><strong>quadam</strong></span> <span class='ocrx_word' id='word_1_224' title='bbox 1279 1638 1553 1709; x_wconf 71' lang='lat' dir='ltr'><strong>repulsae,</strong></span> <span class='ocrx_word' id='word_1_225' title='bbox 1579 1640 2047 1694; x_wconf 89' lang='lat' dir='ltr'><strong>retrocedebant.</strong></span> <span class='ocrx_word' id='word_1_226' title='bbox 2070 1641 2183 1704; x_wconf 84' lang='lat' dir='ltr'><strong>an</strong></span> 
     </span>
    </p>
   </div>
   <div class='ocr_carea' id='block_1_31' title="bbox 2237 1636 3828 1713">
    <p class='ocr_par' dir='ltr' id='par_1_31' title="bbox 2237 1636 3828 1713">
     <span class='ocr_line' id='line_1_31' title="bbox 2237 1636 3828 1713; baseline -0.001 -19"><span class='ocrx_word' id='word_1_227' title='bbox 2237 1686 2241 1694; x_wconf 86' lang='lat'>.</span> <span class='ocrx_word' id='word_1_228' title='bbox 2354 1659 2456 1691; x_wconf 90' lang='grc' dir='ltr'>σιν.</span> <span class='ocrx_word' id='word_1_229' title='bbox 2511 1645 2609 1692; x_wconf 79' lang='grc' dir='ltr'>Καί</span> <span class='ocrx_word' id='word_1_230' title='bbox 2635 1658 2694 1710; x_wconf 75' lang='grc' dir='ltr'><strong>γε</strong></span> <span class='ocrx_word' id='word_1_231' title='bbox 2738 1636 2868 1700; x_wconf 85' lang='grc' dir='ltr'>εἶδες</span> <span class='ocrx_word' id='word_1_232' title='bbox 2899 1641 2958 1691; x_wconf 84' lang='grc' dir='ltr'><strong>οἶν</strong></span> <span class='ocrx_word' id='word_1_233' title='bbox 2989 1645 3096 1692; x_wconf 73' lang='grc' dir='ltr'>νέον</span> <span class='ocrx_word' id='word_1_234' title='bbox 3127 1637 3298 1713; x_wconf 77' lang='grc' dir='ltr'>ἄνδρα</span> <span class='ocrx_word' id='word_1_235' title='bbox 3337 1637 3452 1692; x_wconf 66' lang='grc' dir='ltr'>οὐδ’</span> <span class='ocrx_word' id='word_1_236' title='bbox 3483 1640 3572 1692; x_wconf 83' lang='grc' dir='ltr'>ὅλα</span> <span class='ocrx_word' id='word_1_237' title='bbox 3629 1643 3828 1692; x_wconf 51' lang='lat' dir='ltr'><strong>timent&quot;.</strong></span> 
     </span>
    </p>
   </div>
   <div class='ocr_carea' id='block_1_32' title="bbox 591 1725 2182 1802">
    <p class='ocr_par' dir='ltr' id='par_1_32' title="bbox 591 1726 2182 1800">
     <span class='ocr_line' id='line_1_32' title="bbox 591 1726 2182 1800; baseline 0.001 -18"><span class='ocrx_word' id='word_1_238' title='bbox 591 1744 736 1782; x_wconf 93' lang='lat' dir='ltr'><strong>sane</strong></span> <span class='ocrx_word' id='word_1_239' title='bbox 793 1726 1038 1795; x_wconf 87' lang='lat' dir='ltr'><strong>factum,</strong></span> <span class='ocrx_word' id='word_1_240' title='bbox 1097 1728 1576 1783; x_wconf 89' lang='lat' dir='ltr'><strong>consternatione</strong></span> <span class='ocrx_word' id='word_1_241' title='bbox 1632 1729 1907 1783; x_wconf 89' lang='lat' dir='ltr'><strong>homines</strong></span> <span class='ocrx_word' id='word_1_242' title='bbox 1951 1729 2182 1800; x_wconf 76' lang='lat' dir='ltr'><strong>implevi</strong></span> 
     </span>
    </p>
   </div>
   <div class='ocr_carea' id='block_1_33' title="bbox 2246 1725 3837 1802">
    <p class='ocr_par' dir='ltr' id='par_1_33' title="bbox 2279 1725 3837 1802">
     <span class='ocr_line' id='line_1_33' title="bbox 2279 1725 3837 1802; baseline -0.001 -22"><span class='ocrx_word' id='word_1_243' title='bbox 2279 1742 2320 1796; x_wconf 85' lang='grc' dir='ltr'>Β</span> <span class='ocrx_word' id='word_1_244' title='bbox 2353 1725 2386 1780; x_wconf 91' lang='grc' dir='ltr'><strong>δ</strong></span> <span class='ocrx_word' id='word_1_245' title='bbox 2394 1729 2724 1780; x_wconf 81' lang='grc' dir='ltr'>ιατελέσαντα</span> <span class='ocrx_word' id='word_1_246' title='bbox 2767 1725 2974 1800; x_wconf 82' lang='grc' dir='ltr'>δεσμῶν</span> <span class='ocrx_word' id='word_1_247' title='bbox 3012 1730 3128 1780; x_wconf 85' lang='grc' dir='ltr'>οῖνευ</span> <span class='ocrx_word' id='word_1_248' title='bbox 3183 1731 3286 1780; x_wconf 86' lang='grc' dir='ltr'><strong>οῐνω</strong></span> <span class='ocrx_word' id='word_1_249' title='bbox 3341 1731 3433 1788; x_wconf 80' lang='grc' dir='ltr'>τὰς</span> <span class='ocrx_word' id='word_1_250' title='bbox 3476 1736 3648 1802; x_wconf 84' lang='grc' dir='ltr'>χεῖρας</span> <span class='ocrx_word' id='word_1_251' title='bbox 3681 1728 3837 1779; x_wconf 51' lang='lat' dir='ltr'><strong>istiisti</strong></span> 
     </span>
    </p>
   </div>
   <div class='ocr_carea' id='block_1_34' title="bbox 590 1815 2181 1892">
    <p class='ocr_par' dir='ltr' id='par_1_34' title="bbox 590 1817 2181 1888">
     <span class='ocr_line' id='line_1_34' title="bbox 590 1817 2181 1888; baseline 0.002 -18"><span class='ocrx_word' id='word_1_252' title='bbox 590 1817 820 1888; x_wconf 88' lang='lat' dir='ltr'><strong>Quippe</strong></span> <span class='ocrx_word' id='word_1_253' title='bbox 843 1832 980 1871; x_wconf 93' lang='lat' dir='ltr'><strong>cum</strong></span> <span class='ocrx_word' id='word_1_254' title='bbox 1009 1819 1064 1871; x_wconf 90' lang='lat' dir='ltr'><strong>in</strong></span> <span class='ocrx_word' id='word_1_255' title='bbox 1099 1832 1286 1872; x_wconf 92' lang='lat' dir='ltr'><strong>unum</strong></span> <span class='ocrx_word' id='word_1_256' title='bbox 1316 1824 1641 1887; x_wconf 83' lang='lat' dir='ltr'><strong>martyrem</strong></span> <span class='ocrx_word' id='word_1_257' title='bbox 1661 1819 1879 1888; x_wconf 64' lang='lat' dir='ltr'><strong>saepius</strong></span> <span class='ocrx_word' id='word_1_258' title='bbox 1912 1818 2112 1873; x_wconf 69' lang='lat' dir='ltr'><strong>multae</strong></span> <span class='ocrx_word' id='word_1_259' title='bbox 2135 1819 2181 1873; x_wconf 77' lang='lat' dir='ltr'><strong>ir</strong></span> 
     </span>
    </p>
   </div>
   <div class='ocr_carea' id='block_1_35' title="bbox 2251 1815 3842 1892">
    <p class='ocr_par' dir='ltr' id='par_1_35' title="bbox 2352 1815 3842 1892">
     <span class='ocr_line' id='line_1_35' title="bbox 2352 1815 3842 1892; baseline -0.002 -23"><span class='ocrx_word' id='word_1_260' title='bbox 2352 1820 2486 1869; x_wconf 83' lang='grc' dir='ltr'>κατὰ</span> <span class='ocrx_word' id='word_1_261' title='bbox 2559 1825 2750 1890; x_wconf 83' lang='grc' dir='ltr'>σχῆμα</span> <span class='ocrx_word' id='word_1_262' title='bbox 2818 1825 3069 1892; x_wconf 80' lang='grc' dir='ltr'>σταυροῦ,</span> <span class='ocrx_word' id='word_1_263' title='bbox 3147 1823 3236 1870; x_wconf 84' lang='grc' dir='ltr'>καὶ</span> <span class='ocrx_word' id='word_1_264' title='bbox 3299 1817 3532 1892; x_wconf 79' lang='grc' dir='ltr'><strong>ἀτρέπτῳ</strong></span> <span class='ocrx_word' id='word_1_265' title='bbox 3587 1815 3750 1888; x_wconf 70' lang='grc' dir='ltr'>καρδίᾳ</span> <span class='ocrx_word' id='word_1_266' title='bbox 3783 1823 3842 1874; x_wconf 63' lang='lat'><strong>71?;</strong></span> 
     </span>
    </p>
   </div>
   <div class='ocr_carea' id='block_1_36' title="bbox 590 1905 2181 1981">
    <p class='ocr_par' dir='ltr' id='par_1_36' title="bbox 590 1905 2181 1976">
     <span class='ocr_line' id='line_1_36' title="bbox 590 1905 2181 1976; baseline 0.002 -16"><span class='ocrx_word' id='word_1_267' title='bbox 590 1905 1224 1976; x_wconf 57' lang='lat' dir='ltr'><strong>mitterenturzbelluaa.</strong></span> <span class='ocrx_word' id='word_1_268' title='bbox 1250 1905 1478 1960; x_wconf 83' lang='lat' dir='ltr'><strong>infectis</strong></span> <span class='ocrx_word' id='word_1_269' title='bbox 1502 1912 1701 1961; x_wconf 90' lang='lat' dir='ltr'><strong>tamen</strong></span> <span class='ocrx_word' id='word_1_270' title='bbox 1731 1907 1808 1961; x_wconf 94' lang='lat' dir='ltr'><strong>ab</strong></span> <span class='ocrx_word' id='word_1_271' title='bbox 1839 1907 1921 1962; x_wconf 91' lang='lat' dir='ltr'><strong>eis</strong></span> <span class='ocrx_word' id='word_1_272' title='bbox 1947 1907 2125 1962; x_wconf 91' lang='lat' dir='ltr'><strong>rebus</strong></span> <span class='ocrx_word' id='word_1_273' title='bbox 2165 1907 2181 1963; x_wconf 84' lang='lat' dir='ltr'><strong>t</strong></span> 
     </span>
    </p>
   </div>
   <div class='ocr_carea' id='block_1_37' title="bbox 2253 1905 3844 1981">
    <p class='ocr_par' dir='ltr' id='par_1_37' title="bbox 2354 1906 3844 1981">
     <span class='ocr_line' id='line_1_37' title="bbox 2354 1906 3844 1981; baseline -0.003 -22"><span class='ocrx_word' id='word_1_274' title='bbox 2354 1907 2480 1981; x_wconf 82' lang='grc' dir='ltr'>πρὸς</span> <span class='ocrx_word' id='word_1_275' title='bbox 2530 1911 2658 1960; x_wconf 85' lang='grc' dir='ltr'><strong>Θεὸν</strong></span> <span class='ocrx_word' id='word_1_276' title='bbox 2714 1907 2882 1968; x_wconf 81' lang='grc' dir='ltr'>λιταῖς</span> <span class='ocrx_word' id='word_1_277' title='bbox 2931 1911 3100 1978; x_wconf 75' lang='grc' dir='ltr'>ἡρέμα</span> <span class='ocrx_word' id='word_1_278' title='bbox 3156 1906 3628 1979; x_wconf 80' lang='grc' dir='ltr'>ἐνασχολούμενον·</span> <span class='ocrx_word' id='word_1_279' title='bbox 3658 1911 3716 1978; x_wconf 80' lang='grc' dir='ltr'>μὴ</span> <span class='ocrx_word' id='word_1_280' title='bbox 3747 1911 3844 1956; x_wconf 63' lang='lat' dir='ltr'><strong>we;-</strong></span> 
     </span>
    </p>
   </div>
   <div class='ocr_carea' id='block_1_38' title="bbox 593 1993 2184 2069">
    <p class='ocr_par' dir='ltr' id='par_1_38' title="bbox 593 1994 2184 2052">
     <span class='ocr_line' id='line_1_38' title="bbox 593 1994 2184 2052; baseline 0.001 -2"><span class='ocrx_word' id='word_1_281' title='bbox 593 2008 796 2050; x_wconf 86' lang='lat' dir='ltr'><strong>rarum</strong></span> <span class='ocrx_word' id='word_1_282' title='bbox 827 1994 1103 2049; x_wconf 91' lang='lat' dir='ltr'><strong>ductores</strong></span> <span class='ocrx_word' id='word_1_283' title='bbox 1133 1994 1381 2050; x_wconf 87' lang='lat' dir='ltr'><strong>abirent.</strong></span> <span class='ocrx_word' id='word_1_284' title='bbox 1413 1997 1539 2050; x_wconf 87' lang='lat' dir='ltr'><strong>Non</strong></span> <span class='ocrx_word' id='word_1_285' title='bbox 1581 1996 1869 2050; x_wconf 90' lang='lat' dir='ltr'><strong>minorem</strong></span> <span class='ocrx_word' id='word_1_286' title='bbox 1903 1995 2184 2052; x_wconf 89' lang='lat' dir='ltr'><strong>admirati</strong></span> 
     </span>
    </p>
   </div>
   <div class='ocr_carea' id='block_1_39' title="bbox 2256 1993 3847 2069">
    <p class='ocr_par' dir='ltr' id='par_1_39' title="bbox 2352 1993 3847 2069">
     <span class='ocr_line' id='line_1_39' title="bbox 2352 1993 3847 2069; baseline -0.003 -21"><span class='ocrx_word' id='word_1_287' title='bbox 2352 2015 2520 2068; x_wconf 82' lang='grc' dir='ltr'>μενον,</span> <span class='ocrx_word' id='word_1_288' title='bbox 2566 1993 2705 2067; x_wconf 74' lang='grc' dir='ltr'>μηδὲ</span> <span class='ocrx_word' id='word_1_289' title='bbox 2751 1996 3158 2068; x_wconf 78' lang='grc' dir='ltr'>μετοκλάζοντα,</span> <span class='ocrx_word' id='word_1_290' title='bbox 3210 2006 3310 2048; x_wconf 85' lang='grc' dir='ltr'><strong>τῶν</strong></span> <span class='ocrx_word' id='word_1_291' title='bbox 3363 1999 3555 2069; x_wconf 85' lang='grc' dir='ltr'>θηρίων</span> <span class='ocrx_word' id='word_1_292' title='bbox 3590 1998 3725 2068; x_wconf 84' lang='grc' dir='ltr'>θυμὸν</span> <span class='ocrx_word' id='word_1_293' title='bbox 3747 2011 3847 2046; x_wconf 67' lang='grc' dir='ltr'>τινεστ-</span> 
     </span>
    </p>
   </div>
   <div class='ocr_carea' id='block_1_40' title="bbox 589 2083 2180 2158">
    <p class='ocr_par' dir='ltr' id='par_1_40' title="bbox 589 2083 2180 2156">
     <span class='ocr_line' id='line_1_40' title="bbox 589 2083 2180 2156; baseline -0.001 -17"><span class='ocrx_word' id='word_1_294' title='bbox 589 2099 728 2139; x_wconf 87' lang='lat' dir='ltr'><strong>nem</strong></span> <span class='ocrx_word' id='word_1_295' title='bbox 759 2083 942 2139; x_wconf 89' lang='lat' dir='ltr'><strong>movit</strong></span> <span class='ocrx_word' id='word_1_296' title='bbox 971 2089 1348 2138; x_wconf 90' lang='lat' dir='ltr'><strong>strennorum</strong></span> <span class='ocrx_word' id='word_1_297' title='bbox 1371 2083 1606 2138; x_wconf 87' lang='lat' dir='ltr'><strong>illorum</strong></span> <span class='ocrx_word' id='word_1_298' title='bbox 1635 2090 1970 2156; x_wconf 86' lang='lat' dir='ltr'><strong>martyrum</strong></span> <span class='ocrx_word' id='word_1_299' title='bbox 1999 2087 2180 2140; x_wconf 79' lang='lat' dir='ltr'><strong>animi</strong></span> 
     </span>
    </p>
   </div>
   <div class='ocr_carea' id='block_1_41' title="bbox 2256 2083 3847 2158">
    <p class='ocr_par' dir='ltr' id='par_1_41' title="bbox 2351 2083 3847 2158">
     <span class='ocr_line' id='line_1_41' title="bbox 2351 2083 3847 2158; baseline -0.001 -21"><span class='ocrx_word' id='word_1_300' title='bbox 2351 2105 2449 2137; x_wconf 89' lang='grc' dir='ltr'><strong>των</strong></span> <span class='ocrx_word' id='word_1_301' title='bbox 2481 2091 2569 2137; x_wconf 84' lang='grc' dir='ltr'>καὶ</span> <span class='ocrx_word' id='word_1_302' title='bbox 2598 2083 2763 2137; x_wconf 83' lang='grc' dir='ltr'>δεινὸν</span> <span class='ocrx_word' id='word_1_303' title='bbox 2796 2083 3156 2158; x_wconf 80' lang='grc' dir='ltr'>ἐπωρυομένων</span> <span class='ocrx_word' id='word_1_304' title='bbox 3219 2090 3374 2156; x_wconf 84' lang='grc' dir='ltr'>αύτῷ,</span> <span class='ocrx_word' id='word_1_305' title='bbox 3432 2085 3481 2136; x_wconf 76' lang='grc' dir='ltr'><strong>ἐν</strong></span> <span class='ocrx_word' id='word_1_306' title='bbox 3537 2093 3645 2157; x_wconf 76' lang='grc' dir='ltr'><strong>χρῷ</strong></span> <span class='ocrx_word' id='word_1_307' title='bbox 3684 2104 3726 2136; x_wconf 86' lang='grc' dir='ltr'>τε</span> <span class='ocrx_word' id='word_1_308' title='bbox 3743 2085 3847 2148; x_wconf 54' lang='grc' dir='ltr'><strong>ὥστε</strong></span> 
     </span>
    </p>
   </div>
   <div class='ocr_carea' id='block_1_42' title="bbox 588 2171 2179 2249">
    <p class='ocr_par' dir='ltr' id='par_1_42' title="bbox 588 2172 2179 2245">
     <span class='ocr_line' id='line_1_42' title="bbox 588 2172 2179 2245; baseline -0.001 -17"><span class='ocrx_word' id='word_1_309' title='bbox 588 2172 894 2238; x_wconf 83' lang='lat' dir='ltr'><strong>infractus,</strong></span> <span class='ocrx_word' id='word_1_310' title='bbox 955 2179 1012 2228; x_wconf 88' lang='lat' dir='ltr'><strong>et</strong></span> <span class='ocrx_word' id='word_1_311' title='bbox 1059 2172 1463 2245; x_wconf 80' lang='lat' dir='ltr'><strong>quorumdam</strong></span> <span class='ocrx_word' id='word_1_312' title='bbox 1516 2176 1573 2226; x_wconf 90' lang='lat' dir='ltr'><strong>in</strong></span> <span class='ocrx_word' id='word_1_313' title='bbox 1643 2173 1992 2244; x_wconf 82' lang='lat' dir='ltr'><strong>imperfecta</strong></span> <span class='ocrx_word' id='word_1_314' title='bbox 2043 2175 2179 2229; x_wconf 80' lang='lat' dir='ltr'><strong>adhi</strong></span> 
     </span>
    </p>
   </div>
   <div class='ocr_carea' id='block_1_43' title="bbox 2261 2171 3852 2249">
    <p class='ocr_par' dir='ltr' id='par_1_43' title="bbox 2351 2171 3852 2249">
     <span class='ocr_line' id='line_1_43' title="bbox 2351 2171 3852 2249; baseline -0.005 -22"><span class='ocrx_word' id='word_1_315' title='bbox 2351 2183 2448 2227; x_wconf 86' lang='grc' dir='ltr'><strong>τῶν</strong></span> <span class='ocrx_word' id='word_1_316' title='bbox 2505 2177 2651 2226; x_wconf 86' lang='grc' dir='ltr'><strong>θείων</strong></span> <span class='ocrx_word' id='word_1_317' title='bbox 2705 2173 2904 2226; x_wconf 81' lang='grc' dir='ltr'><strong>ἐκείνων</strong></span> <span class='ocrx_word' id='word_1_318' title='bbox 2960 2179 3237 2246; x_wconf 78' lang='grc' dir='ltr'><strong>γινομένων</strong></span> <span class='ocrx_word' id='word_1_319' title='bbox 3284 2184 3494 2249; x_wconf 81' lang='grc' dir='ltr'><strong>σαρκῶν</strong></span> <span class='ocrx_word' id='word_1_320' title='bbox 3527 2193 3538 2204; x_wconf 80' lang='grc'>³</span> <span class='ocrx_word' id='word_1_321' title='bbox 3573 2177 3677 2244; x_wconf 78' lang='grc' dir='ltr'>θείῳ</span> <span class='ocrx_word' id='word_1_322' title='bbox 3719 2171 3762 2224; x_wconf 75' lang='grc' dir='ltr'>δέ</span> <span class='ocrx_word' id='word_1_323' title='bbox 3793 2190 3852 2222; x_wconf 72' lang='grc' dir='ltr'><strong>τοι</strong></span> 
     </span>
    </p>
   </div>
   <div class='ocr_carea' id='block_1_44' title="bbox 595 2261 2186 2336">
    <p class='ocr_par' dir='ltr' id='par_1_44' title="bbox 595 2261 2186 2333">
     <span class='ocr_line' id='line_1_44' title="bbox 595 2261 2186 2333; baseline -0.001 -16"><span class='ocrx_word' id='word_1_324' title='bbox 595 2266 766 2317; x_wconf 67' lang='lat' dir='ltr'><strong>aetate</strong></span> <span class='ocrx_word' id='word_1_325' title='bbox 794 2261 993 2317; x_wconf 83' lang='lat' dir='ltr'><strong>senilis</strong></span> <span class='ocrx_word' id='word_1_326' title='bbox 1013 2261 1349 2317; x_wconf 86' lang='lat' dir='ltr'><strong>constantia</strong></span> <span class='ocrx_word' id='word_1_327' title='bbox 1375 2261 1651 2316; x_wconf 88' lang='lat' dir='ltr'><strong>.Vidisses</strong></span> <span class='ocrx_word' id='word_1_328' title='bbox 1673 2261 1834 2317; x_wconf 89' lang='lat' dir='ltr'><strong>enim</strong></span> <span class='ocrx_word' id='word_1_329' title='bbox 1857 2263 1935 2317; x_wconf 92' lang='lat' dir='ltr'><strong>ibi</strong></span> <span class='ocrx_word' id='word_1_330' title='bbox 1956 2263 2186 2333; x_wconf 65' lang='lat' dir='ltr'><strong>juvenei</strong></span> 
     </span>
    </p>
   </div>
   <div class='ocr_carea' id='block_1_45' title="bbox 2261 2261 3852 2336">
    <p class='ocr_par' dir='ltr' id='par_1_45' title="bbox 2350 2262 3852 2336">
     <span class='ocr_line' id='line_1_45' title="bbox 2350 2262 3852 2336; baseline -0.001 -22"><span class='ocrx_word' id='word_1_331' title='bbox 2350 2263 2552 2334; x_wconf 84' lang='grc' dir='ltr'>χαλινῷ</span> <span class='ocrx_word' id='word_1_332' title='bbox 2608 2269 2964 2336; x_wconf 71' lang='grc' dir='ltr'>φραττομένων</span> <span class='ocrx_word' id='word_1_333' title='bbox 3013 2268 3066 2316; x_wconf 85' lang='grc' dir='ltr'>τὸ</span> <span class='ocrx_word' id='word_1_334' title='bbox 3101 2270 3289 2335; x_wconf 78' lang='grc' dir='ltr'>στόμα,</span> <span class='ocrx_word' id='word_1_335' title='bbox 3336 2269 3428 2316; x_wconf 81' lang='grc' dir='ltr'>καὶ</span> <span class='ocrx_word' id='word_1_336' title='bbox 3483 2262 3852 2336; x_wconf 67' lang='grc' dir='ltr'>ἀνασειραζομένντ</span> 
     </span>
    </p>
   </div>
   <div class='ocr_carea' id='block_1_46' title="bbox 593 2349 2184 2426">
    <p class='ocr_par' dir='ltr' id='par_1_46' title="bbox 593 2352 2182 2422">
     <span class='ocr_line' id='line_1_46' title="bbox 593 2352 2182 2422; baseline 0.001 -13"><span class='ocrx_word' id='word_1_337' title='bbox 593 2353 866 2409; x_wconf 91' lang='lat' dir='ltr'><strong>nondum</strong></span> <span class='ocrx_word' id='word_1_338' title='bbox 910 2353 1108 2422; x_wconf 80' lang='lat' dir='ltr'><strong>viginti</strong></span> <span class='ocrx_word' id='word_1_339' title='bbox 1143 2353 1275 2407; x_wconf 91' lang='lat' dir='ltr'><strong>totis</strong></span> <span class='ocrx_word' id='word_1_340' title='bbox 1310 2352 1556 2422; x_wconf 79' lang='lat' dir='ltr'><strong>expletis</strong></span> <span class='ocrx_word' id='word_1_341' title='bbox 1595 2354 1787 2417; x_wconf 91' lang='lat' dir='ltr'><strong>annis,</strong></span> <span class='ocrx_word' id='word_1_342' title='bbox 1823 2355 2070 2408; x_wconf 88' lang='lat' dir='ltr'><strong>vinculis</strong></span> <span class='ocrx_word' id='word_1_343' title='bbox 2101 2355 2182 2410; x_wconf 90' lang='lat' dir='ltr'><strong>lib</strong></span> 
     </span>
    </p>
   </div>
   <div class='ocr_carea' id='block_1_47' title="bbox 2260 2349 3851 2426">
    <p class='ocr_par' dir='ltr' id='par_1_47' title="bbox 2353 2349 3851 2426">
     <span class='ocr_line' id='line_1_47' title="bbox 2353 2349 3851 2426; baseline -0.003 -22"><span class='ocrx_word' id='word_1_344' title='bbox 2353 2359 2460 2414; x_wconf 85' lang='grc' dir='ltr'>τοῖς</span> <span class='ocrx_word' id='word_1_345' title='bbox 2516 2355 2748 2404; x_wconf 77' lang='grc' dir='ltr'>ὄπισθεν.</span> <span class='ocrx_word' id='word_1_346' title='bbox 2808 2349 2956 2412; x_wconf 80' lang='grc' dir='ltr'>Εἶδες</span> <span class='ocrx_word' id='word_1_347' title='bbox 3009 2350 3057 2405; x_wconf 88' lang='grc' dir='ltr'>δ’</span> <span class='ocrx_word' id='word_1_348' title='bbox 3091 2352 3149 2404; x_wconf 78' lang='grc' dir='ltr'>ἂν</span> <span class='ocrx_word' id='word_1_349' title='bbox 3197 2357 3359 2426; x_wconf 76' lang='grc' dir='ltr'>ἕτερον</span> <span class='ocrx_word' id='word_1_350' title='bbox 3412 2352 3710 2426; x_wconf 64' lang='grc' dir='ltr'>παράϐληιια</span> <span class='ocrx_word' id='word_1_351' title='bbox 3745 2357 3851 2420; x_wconf 54' lang='lat' dir='ltr'><strong>mp,</strong></span> 
     </span>
    </p>
   </div>
   <div class='ocr_carea' id='block_1_48' title="bbox 590 2441 2181 2514">
    <p class='ocr_par' dir='ltr' id='par_1_48' title="bbox 590 2441 2181 2513">
     <span class='ocr_line' id='line_1_48' title="bbox 590 2441 2181 2513; baseline 0.002 -16"><span class='ocrx_word' id='word_1_352' title='bbox 590 2457 745 2511; x_wconf 88' lang='lat' dir='ltr'><strong>rum,</strong></span> <span class='ocrx_word' id='word_1_353' title='bbox 757 2441 1035 2497; x_wconf 91' lang='lat' dir='ltr'><strong>manibus</strong></span> <span class='ocrx_word' id='word_1_354' title='bbox 1051 2449 1207 2496; x_wconf 89' lang='lat' dir='ltr'><strong>recto</strong></span> <span class='ocrx_word' id='word_1_355' title='bbox 1231 2447 1389 2496; x_wconf 91' lang='lat' dir='ltr'><strong>statu</strong></span> <span class='ocrx_word' id='word_1_356' title='bbox 1407 2443 1465 2495; x_wconf 90' lang='lat' dir='ltr'><strong>in</strong></span> <span class='ocrx_word' id='word_1_357' title='bbox 1481 2443 1670 2496; x_wconf 88' lang='lat' dir='ltr'><strong>crucis</strong></span> <span class='ocrx_word' id='word_1_358' title='bbox 1684 2445 1940 2513; x_wconf 88' lang='lat' dir='ltr'><strong>speciem</strong></span> <span class='ocrx_word' id='word_1_359' title='bbox 1955 2450 2181 2500; x_wconf 81' lang='lat' dir='ltr'><strong>extente</strong></span> 
     </span>
    </p>
   </div>
   <div class='ocr_carea' id='block_1_49' title="bbox 2262 2441 3853 2514">
    <p class='ocr_par' dir='ltr' id='par_1_49' title="bbox 2353 2441 3853 2514">
     <span class='ocr_line' id='line_1_49' title="bbox 2353 2441 3853 2514; baseline -0.001 -21"><span class='ocrx_word' id='word_1_360' title='bbox 2353 2447 2683 2514; x_wconf 80' lang='grc' dir='ltr'>προκείμενον</span> <span class='ocrx_word' id='word_1_361' title='bbox 2717 2459 2728 2470; x_wconf 91' lang='grc'><strong>·</strong></span> <span class='ocrx_word' id='word_1_362' title='bbox 2792 2441 2844 2493; x_wconf 89' lang='grc' dir='ltr'><strong>ὃν</strong></span> <span class='ocrx_word' id='word_1_363' title='bbox 2899 2445 3015 2502; x_wconf 84' lang='grc' dir='ltr'>τούς</span> <span class='ocrx_word' id='word_1_364' title='bbox 3067 2445 3156 2514; x_wconf 73' lang='grc' dir='ltr'><strong>μὶν</strong></span> <span class='ocrx_word' id='word_1_365' title='bbox 3213 2442 3395 2502; x_wconf 79' lang='grc' dir='ltr'>ἄλλους</span> <span class='ocrx_word' id='word_1_366' title='bbox 3448 2450 3552 2502; x_wconf 89' lang='grc' dir='ltr'><strong>τοίς</strong></span> <span class='ocrx_word' id='word_1_367' title='bbox 3611 2447 3781 2513; x_wconf 74' lang='grc' dir='ltr'>κεραςιν</span> <span class='ocrx_word' id='word_1_368' title='bbox 3818 2445 3853 2498; x_wconf 80' lang='lat' dir='ltr'><strong>ri;</strong></span> 
     </span>
    </p>
   </div>
   <div class='ocr_carea' id='block_1_50' title="bbox 589 2530 2180 2604">
    <p class='ocr_par' dir='ltr' id='par_1_50' title="bbox 589 2530 2180 2602">
     <span class='ocr_line' id='line_1_50' title="bbox 589 2530 2180 2602; baseline 0.002 -16"><span class='ocrx_word' id='word_1_369' title='bbox 589 2531 905 2602; x_wconf 86' lang='lat' dir='ltr'><strong>intrepido,</strong></span> <span class='ocrx_word' id='word_1_370' title='bbox 953 2532 1324 2602; x_wconf 88' lang='lat' dir='ltr'><strong>immotoque</strong></span> <span class='ocrx_word' id='word_1_371' title='bbox 1377 2530 1554 2585; x_wconf 91' lang='lat' dir='ltr'><strong>corde</strong></span> <span class='ocrx_word' id='word_1_372' title='bbox 1601 2531 1771 2586; x_wconf 91' lang='lat' dir='ltr'><strong>tacite</strong></span> <span class='ocrx_word' id='word_1_373' title='bbox 1830 2533 2107 2602; x_wconf 88' lang='lat' dir='ltr'><strong>precibus</strong></span> <span class='ocrx_word' id='word_1_374' title='bbox 2163 2551 2180 2589; x_wconf 83' lang='grc' dir='ltr'>ε</span> 
     </span>
    </p>
   </div>
   <div class='ocr_carea' id='block_1_51' title="bbox 2258 2530 3849 2604">
    <p class='ocr_par' dir='ltr' id='par_1_51' title="bbox 2349 2530 3849 2604">
     <span class='ocr_line' id='line_1_51' title="bbox 2349 2530 3849 2604; baseline -0.001 -22"><span class='ocrx_word' id='word_1_375' title='bbox 2349 2532 2478 2602; x_wconf 71' lang='grc' dir='ltr'>ἀέρα</span> <span class='ocrx_word' id='word_1_376' title='bbox 2521 2531 2714 2604; x_wconf 79' lang='grc' dir='ltr'>ῥίπτων</span> <span class='ocrx_word' id='word_1_377' title='bbox 2765 2532 2980 2595; x_wconf 79' lang='grc' dir='ltr'>ἀνέσπα,</span> <span class='ocrx_word' id='word_1_378' title='bbox 3015 2534 3072 2582; x_wconf 87' lang='grc' dir='ltr'>τὸ</span> <span class='ocrx_word' id='word_1_379' title='bbox 3134 2531 3298 2583; x_wconf 87' lang='grc' dir='ltr'>πλεῖον</span> <span class='ocrx_word' id='word_1_380' title='bbox 3350 2539 3445 2591; x_wconf 82' lang='grc' dir='ltr'>τῆς</span> <span class='ocrx_word' id='word_1_381' title='bbox 3497 2531 3630 2592; x_wconf 77' lang='grc' dir='ltr'><strong>ζωῆς</strong></span> <span class='ocrx_word' id='word_1_382' title='bbox 3672 2538 3762 2588; x_wconf 81' lang='grc' dir='ltr'>ταῖς</span> <span class='ocrx_word' id='word_1_383' title='bbox 3783 2530 3849 2580; x_wconf 66' lang='grc' dir='ltr'>πλι-</span> 
     </span>
    </p>
   </div>
   <div class='ocr_carea' id='block_1_52' title="bbox 587 2616 2178 2694">
    <p class='ocr_par' dir='ltr' id='par_1_52' title="bbox 587 2619 2178 2691">
     <span class='ocr_line' id='line_1_52' title="bbox 587 2619 2178 2691; baseline 0.001 -16"><span class='ocrx_word' id='word_1_384' title='bbox 587 2619 777 2675; x_wconf 91' lang='lat' dir='ltr'><strong>Deum</strong></span> <span class='ocrx_word' id='word_1_385' title='bbox 792 2626 1124 2683; x_wconf 87' lang='lat' dir='ltr'><strong>vacantem,</strong></span> <span class='ocrx_word' id='word_1_386' title='bbox 1149 2634 1340 2690; x_wconf 89' lang='lat' dir='ltr'><strong>neque</strong></span> <span class='ocrx_word' id='word_1_387' title='bbox 1363 2619 1451 2673; x_wconf 91' lang='lat' dir='ltr'><strong>vel</strong></span> <span class='ocrx_word' id='word_1_388' title='bbox 1467 2635 1527 2674; x_wconf 91' lang='lat' dir='ltr'><strong>se</strong></span> <span class='ocrx_word' id='word_1_389' title='bbox 1551 2625 1912 2686; x_wconf 88' lang='lat' dir='ltr'><strong>moventem,</strong></span> <span class='ocrx_word' id='word_1_390' title='bbox 1931 2621 2019 2676; x_wconf 91' lang='lat' dir='ltr'><strong>vel</strong></span> <span class='ocrx_word' id='word_1_391' title='bbox 2043 2637 2178 2691; x_wconf 82' lang='lat' dir='ltr'><strong>geni</strong></span> 
     </span>
    </p>
   </div>
   <div class='ocr_carea' id='block_1_53' title="bbox 2253 2616 3844 2694">
    <p class='ocr_par' dir='ltr' id='par_1_53' title="bbox 2349 2616 3844 2694">
     <span class='ocr_line' id='line_1_53' title="bbox 2349 2616 3844 2694; baseline -0.004 -22"><span class='ocrx_word' id='word_1_392' title='bbox 2349 2628 2465 2691; x_wconf 74' lang='grc' dir='ltr'><strong>γαίς</strong></span> <span class='ocrx_word' id='word_1_393' title='bbox 2508 2628 2798 2694; x_wconf 86' lang='grc' dir='ltr'>παρασπῶν</span> <span class='ocrx_word' id='word_1_394' title='bbox 2835 2635 2847 2647; x_wconf 79' lang='grc'><strong><em>⁸</em></strong></span> <span class='ocrx_word' id='word_1_395' title='bbox 2899 2619 3080 2691; x_wconf 74' lang='grc' dir='ltr'>ἀπειλῇ</span> <span class='ocrx_word' id='word_1_396' title='bbox 3133 2616 3193 2672; x_wconf 77' lang='grc' dir='ltr'><strong>δε</strong></span> <span class='ocrx_word' id='word_1_397' title='bbox 3240 2626 3329 2672; x_wconf 81' lang='grc' dir='ltr'>καὶ</span> <span class='ocrx_word' id='word_1_398' title='bbox 3362 2623 3512 2692; x_wconf 81' lang='grc' dir='ltr'>θυμῷ</span> <span class='ocrx_word' id='word_1_399' title='bbox 3542 2620 3844 2681; x_wconf 64' lang='grc' dir='ltr'>πλησιάζωνή</span> 
     </span>
    </p>
   </div>
   <div class='ocr_carea' id='block_1_54' title="bbox 586 2703 2177 2784">
    <p class='ocr_par' dir='ltr' id='par_1_54' title="bbox 586 2707 2174 2780">
     <span class='ocr_line' id='line_1_54' title="bbox 586 2707 2174 2780; baseline 0.001 -15"><span class='ocrx_word' id='word_1_400' title='bbox 586 2708 974 2765; x_wconf 88' lang='lat' dir='ltr'><strong>inclinantem</strong></span> <span class='ocrx_word' id='word_1_401' title='bbox 1005 2725 1018 2763; x_wconf 74' lang='grc' dir='ltr'>ε</span> <span class='ocrx_word' id='word_1_402' title='bbox 1053 2725 1190 2763; x_wconf 92' lang='lat' dir='ltr'><strong>cum</strong></span> <span class='ocrx_word' id='word_1_403' title='bbox 1219 2707 1464 2780; x_wconf 90' lang='lat' dir='ltr'><strong>quidem</strong></span> <span class='ocrx_word' id='word_1_404' title='bbox 1497 2709 1801 2763; x_wconf 90' lang='lat' dir='ltr'><strong>circaeum</strong></span> <span class='ocrx_word' id='word_1_405' title='bbox 1831 2709 1966 2765; x_wconf 66' lang='lat' dir='ltr'><strong>ferae</strong></span> <span class='ocrx_word' id='word_1_406' title='bbox 1993 2711 2174 2766; x_wconf 89' lang='lat' dir='ltr'><strong>crude</strong></span> 
     </span>
    </p>
   </div>
   <div class='ocr_carea' id='block_1_55' title="bbox 2260 2703 3851 2784">
    <p class='ocr_par' dir='ltr' id='par_1_55' title="bbox 2347 2703 3851 2784">
     <span class='ocr_line' id='line_1_55' title="bbox 2347 2703 3851 2784; baseline -0.003 -23"><span class='ocrx_word' id='word_1_407' title='bbox 2347 2713 2597 2784; x_wconf 88' lang='grc' dir='ltr'>μάρτυρι,</span> <span class='ocrx_word' id='word_1_408' title='bbox 2640 2709 2824 2780; x_wconf 75' lang='grc' dir='ltr'>ψαύειν</span> <span class='ocrx_word' id='word_1_409' title='bbox 2873 2706 2986 2761; x_wconf 75' lang='grc' dir='ltr'>οὐδ’</span> <span class='ocrx_word' id='word_1_410' title='bbox 3043 2709 3166 2769; x_wconf 80' lang='grc' dir='ltr'>ὅλως</span> <span class='ocrx_word' id='word_1_411' title='bbox 3212 2711 3316 2770; x_wconf 81' lang='grc' dir='ltr'>οἷος</span> <span class='ocrx_word' id='word_1_412' title='bbox 3355 2729 3411 2761; x_wconf 87' lang='grc' dir='ltr'>τε</span> <span class='ocrx_word' id='word_1_413' title='bbox 3453 2711 3514 2768; x_wconf 81' lang='grc' dir='ltr'>ἧν</span> <span class='ocrx_word' id='word_1_414' title='bbox 3557 2727 3570 2738; x_wconf 77' lang='grc'><strong>⁸</strong></span> <span class='ocrx_word' id='word_1_415' title='bbox 3598 2703 3851 2781; x_wconf 54' lang='lat' dir='ltr'><strong>angusta-aii:</strong></span> 
     </span>
    </p>
   </div>
   <div class='ocr_carea' id='block_1_56' title="bbox 588 2795 2179 2873">
    <p class='ocr_par' dir='ltr' id='par_1_56' title="bbox 588 2797 2179 2871">
     <span class='ocr_line' id='line_1_56' title="bbox 588 2797 2179 2871; baseline 0.001 -18"><span class='ocrx_word' id='word_1_416' title='bbox 588 2801 770 2854; x_wconf 83' lang='lat' dir='ltr'><strong>tatem</strong></span> <span class='ocrx_word' id='word_1_417' title='bbox 801 2798 1115 2869; x_wconf 89' lang='lat' dir='ltr'><strong>spirarent,</strong></span> <span class='ocrx_word' id='word_1_418' title='bbox 1144 2797 1516 2868; x_wconf 82' lang='lat' dir='ltr'><strong>graviterque</strong></span> <span class='ocrx_word' id='word_1_419' title='bbox 1557 2799 1837 2868; x_wconf 82' lang='lat' dir='ltr'><strong>rugirent,</strong></span> <span class='ocrx_word' id='word_1_420' title='bbox 1863 2801 2063 2869; x_wconf 76' lang='lat' dir='ltr'><strong>etiam</strong></span> <span class='ocrx_word' id='word_1_421' title='bbox 2088 2816 2179 2871; x_wconf 85' lang='lat' dir='ltr'><strong>pei</strong></span> 
     </span>
    </p>
   </div>
   <div class='ocr_carea' id='block_1_57' title="bbox 2267 2795 3858 2873">
    <p class='ocr_par' dir='ltr' id='par_1_57' title="bbox 2349 2795 3858 2873">
     <span class='ocr_line' id='line_1_57' title="bbox 2349 2795 3858 2873; baseline -0.003 -22"><span class='ocrx_word' id='word_1_422' title='bbox 2349 2799 2517 2872; x_wconf 77' lang='grc' dir='ltr'>ἠρέμα</span> <span class='ocrx_word' id='word_1_423' title='bbox 2564 2803 2653 2850; x_wconf 85' lang='grc' dir='ltr'>καὶ</span> <span class='ocrx_word' id='word_1_424' title='bbox 2699 2806 2760 2871; x_wconf 75' lang='grc' dir='ltr'>τῇ</span> <span class='ocrx_word' id='word_1_425' title='bbox 2795 2798 3010 2871; x_wconf 71' lang='grc' dir='ltr'>γλώσσῃ</span> <span class='ocrx_word' id='word_1_426' title='bbox 3063 2801 3127 2850; x_wconf 83' lang='grc' dir='ltr'>τὰ</span> <span class='ocrx_word' id='word_1_427' title='bbox 3165 2804 3282 2873; x_wconf 81' lang='grc' dir='ltr'>περὶ</span> <span class='ocrx_word' id='word_1_428' title='bbox 3320 2804 3448 2861; x_wconf 83' lang='grc' dir='ltr'>τούς</span> <span class='ocrx_word' id='word_1_429' title='bbox 3479 2795 3638 2859; x_wconf 82' lang='grc' dir='ltr'><strong>πόδας</strong></span> <span class='ocrx_word' id='word_1_430' title='bbox 3663 2800 3858 2872; x_wconf 62' lang='grc' dir='ltr'>προσχρώ-</span> 
     </span>
    </p>
   </div>
   <div class='ocr_carea' id='block_1_58' title="bbox 588 2885 2179 2960">
    <p class='ocr_par' dir='ltr' id='par_1_58' title="bbox 588 2885 2179 2945">
     <span class='ocr_line' id='line_1_58' title="bbox 588 2885 2179 2945; baseline 0.002 -3"><span class='ocrx_word' id='word_1_431' title='bbox 588 2887 823 2942; x_wconf 90' lang='lat' dir='ltr'><strong>divinas</strong></span> <span class='ocrx_word' id='word_1_432' title='bbox 853 2885 1008 2941; x_wconf 93' lang='lat' dir='ltr'><strong>illius</strong></span> <span class='ocrx_word' id='word_1_433' title='bbox 1043 2901 1250 2941; x_wconf 90' lang='lat' dir='ltr'><strong>carnes</strong></span> <span class='ocrx_word' id='word_1_434' title='bbox 1283 2887 1635 2942; x_wconf 85' lang='lat' dir='ltr'><strong>invaderent</strong></span> <span class='ocrx_word' id='word_1_435' title='bbox 1663 2893 1718 2942; x_wconf 91' lang='lat' dir='ltr'><strong>et</strong></span> <span class='ocrx_word' id='word_1_436' title='bbox 1749 2887 2044 2944; x_wconf 89' lang='lat' dir='ltr'><strong>laniarent</strong></span> <span class='ocrx_word' id='word_1_437' title='bbox 2071 2904 2082 2941; x_wconf 92' lang='lat'>:</span> <span class='ocrx_word' id='word_1_438' title='bbox 2126 2906 2179 2945; x_wconf 77' lang='lat' dir='ltr'><strong>cc</strong></span> 
     </span>
    </p>
   </div>
   <div class='ocr_carea' id='block_1_59' title="bbox 2268 2885 3859 2960">
    <p class='ocr_par' dir='ltr' id='par_1_59' title="bbox 2347 2885 3859 2960">
     <span class='ocr_line' id='line_1_59' title="bbox 2347 2885 3859 2960; baseline -0.003 -22"><span class='ocrx_word' id='word_1_439' title='bbox 2347 2907 2520 2960; x_wconf 86' lang='grc' dir='ltr'>μενος,</span> <span class='ocrx_word' id='word_1_440' title='bbox 2579 2885 2798 2947; x_wconf 72' lang='grc' dir='ltr'>εὐλαϐῶς</span> <span class='ocrx_word' id='word_1_441' title='bbox 2852 2887 2956 2938; x_wconf 79' lang='grc' dir='ltr'><strong>οἷον</strong></span> <span class='ocrx_word' id='word_1_442' title='bbox 3009 2886 3306 2945; x_wconf 80' lang='grc' dir='ltr'>ἀπήλλακτο</span> <span class='ocrx_word' id='word_1_443' title='bbox 3335 2904 3348 2917; x_wconf 83' lang='grc'><em>’</em></span> <span class='ocrx_word' id='word_1_444' title='bbox 3414 2893 3506 2940; x_wconf 84' lang='grc' dir='ltr'>καὶ</span> <span class='ocrx_word' id='word_1_445' title='bbox 3558 2887 3730 2939; x_wconf 73' lang='grc' dir='ltr'>πολλῶν</span> <span class='ocrx_word' id='word_1_446' title='bbox 3774 2885 3859 2954; x_wconf 65' lang='grc' dir='ltr'><strong>ἀνίει</strong></span> 
     </span>
    </p>
   </div>
   <div class='ocr_carea' id='block_1_60' title="bbox 585 2973 2176 3049">
    <p class='ocr_par' dir='ltr' id='par_1_60' title="bbox 585 2975 2149 3044">
     <span class='ocr_line' id='line_1_60' title="bbox 585 2975 2149 3044; baseline 0.001 -13"><span class='ocrx_word' id='word_1_447' title='bbox 585 2975 832 3032; x_wconf 90' lang='lat' dir='ltr'><strong>lestibus</strong></span> <span class='ocrx_word' id='word_1_448' title='bbox 864 2981 1065 3031; x_wconf 81' lang='lat' dir='ltr'><strong>autem</strong></span> <span class='ocrx_word' id='word_1_449' title='bbox 1116 2975 1294 3030; x_wconf 83' lang='lat' dir='ltr'><strong>frenis</strong></span> <span class='ocrx_word' id='word_1_450' title='bbox 1325 2991 1431 3030; x_wconf 90' lang='lat' dir='ltr'><strong>ora</strong></span> <span class='ocrx_word' id='word_1_451' title='bbox 1462 2991 1667 3031; x_wconf 89' lang='lat' dir='ltr'><strong>earum</strong></span> <span class='ocrx_word' id='word_1_452' title='bbox 1701 2977 2149 3044; x_wconf 86' lang='lat' dir='ltr'><strong>obturarentur,</strong></span> 
     </span>
    </p>
   </div>
   <div class='ocr_carea' id='block_1_61' title="bbox 2263 2973 3854 3049">
    <p class='ocr_par' dir='ltr' id='par_1_61' title="bbox 2347 2973 3854 3049">
     <span class='ocr_line' id='line_1_61' title="bbox 2347 2973 3854 3049; baseline 0 -21"><span class='ocrx_word' id='word_1_453' title='bbox 2347 2982 2507 3049; x_wconf 86' lang='grc' dir='ltr'><strong>μένων</strong></span> <span class='ocrx_word' id='word_1_454' title='bbox 2565 2981 2654 3028; x_wconf 81' lang='grc' dir='ltr'>καὶ</span> <span class='ocrx_word' id='word_1_455' title='bbox 2707 2979 2773 3028; x_wconf 83' lang='grc' dir='ltr'>τὰ</span> <span class='ocrx_word' id='word_1_456' title='bbox 2829 2980 2985 3047; x_wconf 84' lang='grc' dir='ltr'>ὅμοια</span> <span class='ocrx_word' id='word_1_457' title='bbox 3034 2973 3528 3049; x_wconf 79' lang='grc' dir='ltr'><strong>διαπεπραγμένων,</strong></span> <span class='ocrx_word' id='word_1_458' title='bbox 3573 2976 3694 3036; x_wconf 80' lang='grc' dir='ltr'>τελος</span> <span class='ocrx_word' id='word_1_459' title='bbox 3720 2975 3854 3046; x_wconf 63' lang='grc' dir='ltr'><strong>ἀμηχιε</strong></span> 
     </span>
    </p>
   </div>
   <div class='ocr_carea' id='block_1_62' title="bbox 585 3063 2176 3138">
    <p class='ocr_par' dir='ltr' id='par_1_62' title="bbox 585 3064 2176 3137">
     <span class='ocr_line' id='line_1_62' title="bbox 585 3064 2176 3137; baseline 0.002 -16"><span class='ocrx_word' id='word_1_460' title='bbox 585 3065 770 3121; x_wconf 77' lang='lat' dir='ltr'><strong>veluti</strong></span> <span class='ocrx_word' id='word_1_461' title='bbox 798 3065 1021 3121; x_wconf 89' lang='lat' dir='ltr'><strong>catenis</strong></span> <span class='ocrx_word' id='word_1_462' title='bbox 1055 3065 1113 3120; x_wconf 90' lang='lat' dir='ltr'><strong>in</strong></span> <span class='ocrx_word' id='word_1_463' title='bbox 1145 3081 1245 3120; x_wconf 90' lang='lat' dir='ltr'><strong>eos</strong></span> <span class='ocrx_word' id='word_1_464' title='bbox 1274 3065 1376 3136; x_wconf 86' lang='lat' dir='ltr'><strong>qui</strong></span> <span class='ocrx_word' id='word_1_465' title='bbox 1404 3072 1536 3137; x_wconf 91' lang='lat' dir='ltr'><strong>post</strong></span> <span class='ocrx_word' id='word_1_466' title='bbox 1563 3064 1694 3119; x_wconf 90' lang='lat' dir='ltr'><strong>illos</strong></span> <span class='ocrx_word' id='word_1_467' title='bbox 1717 3066 1956 3122; x_wconf 83' lang='lat' dir='ltr'><strong>stabant</strong></span> <span class='ocrx_word' id='word_1_468' title='bbox 1982 3069 2176 3124; x_wconf 87' lang='lat' dir='ltr'><strong>retrab</strong></span> 
     </span>
    </p>
   </div>
   <div class='ocr_carea' id='block_1_63' title="bbox 2261 3063 3852 3138">
    <p class='ocr_par' dir='ltr' id='par_1_63' title="bbox 2273 3063 3852 3138">
     <span class='ocr_line' id='line_1_63' title="bbox 2273 3063 3852 3138; baseline -0.003 -19"><span class='ocrx_word' id='word_1_469' title='bbox 2273 3121 2309 3138; x_wconf 54' lang='grc' dir='ltr'><em>η</em></span> <span class='ocrx_word' id='word_1_470' title='bbox 2346 3073 2552 3127; x_wconf 84' lang='grc' dir='ltr'>νοῦντας</span> <span class='ocrx_word' id='word_1_471' title='bbox 2590 3069 2711 3128; x_wconf 86' lang='grc' dir='ltr'>τούς</span> <span class='ocrx_word' id='word_1_472' title='bbox 2741 3064 2986 3138; x_wconf 81' lang='grc' dir='ltr'><strong>δημίους,</strong></span> <span class='ocrx_word' id='word_1_473' title='bbox 3045 3068 3176 3138; x_wconf 78' lang='grc' dir='ltr'>μετὰ</span> <span class='ocrx_word' id='word_1_474' title='bbox 3205 3065 3397 3124; x_wconf 83' lang='grc' dir='ltr'>πολλὴν</span> <span class='ocrx_word' id='word_1_475' title='bbox 3455 3066 3624 3119; x_wconf 81' lang='grc' dir='ltr'>αἰκίαν</span> <span class='ocrx_word' id='word_1_476' title='bbox 3668 3070 3740 3116; x_wconf 86' lang='grc' dir='ltr'>καὶ</span> <span class='ocrx_word' id='word_1_477' title='bbox 3769 3063 3852 3114; x_wconf 61' lang='lat' dir='ltr'><strong>illa</strong></span> 
     </span>
    </p>
   </div>
   <div class='ocr_carea' id='block_1_64' title="bbox 587 3121 2309 3228">
    <p class='ocr_par' dir='ltr' id='par_1_64' title="bbox 587 3121 2309 3228">
     <span class='ocr_line' id='line_1_64' title="bbox 587 3121 2309 3228; baseline 0.002 -18"><span class='ocrx_word' id='word_1_478' title='bbox 587 3161 808 3210; x_wconf 87' lang='lat' dir='ltr'><strong>rentur.</strong></span> <span class='ocrx_word' id='word_1_479' title='bbox 853 3153 1112 3209; x_wconf 88' lang='lat' dir='ltr'><strong>Vidisses</strong></span> <span class='ocrx_word' id='word_1_480' title='bbox 1148 3121 1328 3209; x_wconf 77' lang='lat' dir='ltr'><strong>alium</strong></span> <span class='ocrx_word' id='word_1_481' title='bbox 1375 3121 1544 3208; x_wconf 74' lang='lat' dir='ltr'><strong>tauro</strong></span> <span class='ocrx_word' id='word_1_482' title='bbox 1586 3153 1910 3224; x_wconf 87' lang='lat' dir='ltr'><strong>objectum,</strong></span> <span class='ocrx_word' id='word_1_483' title='bbox 1958 3121 2237 3228; x_wconf 65' lang='lat' dir='ltr'><strong>quial—iis</strong></span> <span class='ocrx_word' id='word_1_484' title='bbox 2270 3121 2309 3179; x_wconf 62' lang='grc' dir='ltr'>ϐ</span> 
     </span>
    </p>
   </div>
   <div class='ocr_carea' id='block_1_65' title="bbox 587 3241 2178 3316">
    <p class='ocr_par' dir='ltr' id='par_1_65' title="bbox 587 3241 2178 3315">
     <span class='ocr_line' id='line_1_65' title="bbox 587 3241 2178 3315; baseline 0.001 -18"><span class='ocrx_word' id='word_1_485' title='bbox 587 3243 856 3315; x_wconf 88' lang='lat' dir='ltr'><strong>quidem,</strong></span> <span class='ocrx_word' id='word_1_486' title='bbox 897 3259 969 3298; x_wconf 85' lang='lat' dir='ltr'><strong>ex</strong></span> <span class='ocrx_word' id='word_1_487' title='bbox 1009 3242 1442 3313; x_wconf 88' lang='lat' dir='ltr'><strong>spectatoribus</strong></span> <span class='ocrx_word' id='word_1_488' title='bbox 1470 3241 1832 3308; x_wconf 85' lang='lat' dir='ltr'><strong>inﬁdelibus,</strong></span> <span class='ocrx_word' id='word_1_489' title='bbox 1867 3244 2178 3299; x_wconf 16' lang='lat' dir='ltr'><strong>cornibus,</strong></span> 
     </span>
    </p>
   </div>
   <div class='ocr_carea' id='block_1_66' title="bbox 2270 3241 3861 3316">
    <p class='ocr_par' dir='ltr' id='par_1_66' title="bbox 2347 3241 3861 3316">
     <span class='ocr_line' id='line_1_66' title="bbox 2347 3241 3861 3316; baseline -0.004 -17"><span class='ocrx_word' id='word_1_490' title='bbox 2347 3248 2558 3311; x_wconf 85' lang='grc' dir='ltr'>πάντας,</span> <span class='ocrx_word' id='word_1_491' title='bbox 2609 3249 2699 3296; x_wconf 81' lang='grc' dir='ltr'><strong>καὶ</strong></span> <span class='ocrx_word' id='word_1_492' title='bbox 2751 3248 2910 3316; x_wconf 73' lang='grc' dir='ltr'>τάφον</span> <span class='ocrx_word' id='word_1_493' title='bbox 2951 3244 3123 3304; x_wconf 77' lang='grc' dir='ltr'>αὐτοῖς</span> <span class='ocrx_word' id='word_1_494' title='bbox 3174 3241 3490 3315; x_wconf 72' lang='grc' dir='ltr'><strong>σχεδιάζειν</strong></span> <span class='ocrx_word' id='word_1_495' title='bbox 3537 3248 3624 3302; x_wconf 70' lang='grc' dir='ltr'>τὴν</span> <span class='ocrx_word' id='word_1_496' title='bbox 3670 3242 3861 3296; x_wconf 71' lang='grc' dir='ltr'>θάλαττα).</span> 
     </span>
    </p>
   </div>
   <div class='ocr_carea' id='block_1_67' title="bbox 589 3331 2180 3409">
    <p class='ocr_par' dir='ltr' id='par_1_67' title="bbox 589 3331 2180 3405">
     <span class='ocr_line' id='line_1_67' title="bbox 589 3331 2180 3405; baseline 0.001 -18"><span class='ocrx_word' id='word_1_497' title='bbox 589 3333 846 3388; x_wconf 82' lang='lat' dir='ltr'><strong>sublime</strong></span> <span class='ocrx_word' id='word_1_498' title='bbox 885 3332 1145 3403; x_wconf 87' lang='lat' dir='ltr'><strong>jactatis,</strong></span> <span class='ocrx_word' id='word_1_499' title='bbox 1179 3348 1317 3386; x_wconf 91' lang='lat' dir='ltr'><strong>cum</strong></span> <span class='ocrx_word' id='word_1_500' title='bbox 1367 3348 1469 3386; x_wconf 93' lang='lat' dir='ltr'><strong>eos</strong></span> <span class='ocrx_word' id='word_1_501' title='bbox 1508 3331 1720 3386; x_wconf 90' lang='lat' dir='ltr'><strong>ictibus</strong></span> <span class='ocrx_word' id='word_1_502' title='bbox 1759 3333 1883 3387; x_wconf 89' lang='lat' dir='ltr'><strong>suis</strong></span> <span class='ocrx_word' id='word_1_503' title='bbox 1923 3350 2180 3405; x_wconf 68' lang='lat' dir='ltr'><strong>percuss«</strong></span> 
     </span>
    </p>
   </div>
   <div class='ocr_carea' id='block_1_68' title="bbox 2273 3331 3864 3409">
    <p class='ocr_par' dir='ltr' id='par_1_68' title="bbox 2347 3335 3864 3409">
     <span class='ocr_line' id='line_1_68' title="bbox 2347 3335 3864 3409; baseline -0.008 -20"><span class='ocrx_word' id='word_1_504' title='bbox 2347 3336 2506 3391; x_wconf 81' lang='grc' dir='ltr'><strong>Ἀλλὰ</strong></span> <span class='ocrx_word' id='word_1_505' title='bbox 2559 3343 2778 3386; x_wconf 76' lang='grc' dir='ltr'>τοιαῦτα</span> <span class='ocrx_word' id='word_1_506' title='bbox 2842 3337 2932 3405; x_wconf 73' lang='grc' dir='ltr'>μεν</span> <span class='ocrx_word' id='word_1_507' title='bbox 2993 3339 3081 3386; x_wconf 82' lang='grc' dir='ltr'>καὶ</span> <span class='ocrx_word' id='word_1_508' title='bbox 3147 3335 3215 3386; x_wconf 79' lang='grc' dir='ltr'>τὰ</span> <span class='ocrx_word' id='word_1_509' title='bbox 3270 3335 3319 3385; x_wconf 81' lang='grc' dir='ltr'><strong>ἐν</strong></span> <span class='ocrx_word' id='word_1_510' title='bbox 3379 3338 3534 3409; x_wconf 85' lang='grc' dir='ltr'>Τύρῳ</span> <span class='ocrx_word' id='word_1_511' title='bbox 3585 3342 3674 3385; x_wconf 84' lang='grc' dir='ltr'><strong>τῶν</strong></span> <span class='ocrx_word' id='word_1_512' title='bbox 3725 3335 3864 3402; x_wconf 66' lang='grc' dir='ltr'>γηαὲντ</span> 
     </span>
    </p>
   </div>
   <div class='ocr_carea' id='block_1_69' title="bbox 586 3421 2177 3494">
    <p class='ocr_par' dir='ltr' id='par_1_69' title="bbox 586 3421 2175 3492">
     <span class='ocr_line' id='line_1_69' title="bbox 586 3421 2175 3492; baseline 0.001 -15"><span class='ocrx_word' id='word_1_513' title='bbox 586 3423 1008 3479; x_wconf 82' lang='lat' dir='ltr'><strong>semimortuos</strong></span> <span class='ocrx_word' id='word_1_514' title='bbox 1038 3421 1389 3492; x_wconf 88' lang='lat' dir='ltr'><strong>reliquisset,</strong></span> <span class='ocrx_word' id='word_1_515' title='bbox 1425 3422 1716 3476; x_wconf 89' lang='lat' dir='ltr'><strong>minacius</strong></span> <span class='ocrx_word' id='word_1_516' title='bbox 1761 3428 1958 3478; x_wconf 91' lang='lat' dir='ltr'><strong>autem</strong></span> <span class='ocrx_word' id='word_1_517' title='bbox 1992 3429 2048 3478; x_wconf 91' lang='lat' dir='ltr'><strong>et</strong></span> <span class='ocrx_word' id='word_1_518' title='bbox 2091 3423 2175 3478; x_wconf 87' lang='lat' dir='ltr'><strong>fer</strong></span> 
     </span>
    </p>
   </div>
   <div class='ocr_carea' id='block_1_70' title="bbox 1397 3421 2988 3494">
    <p class='ocr_par' dir='ltr' id='par_1_70' title="bbox 1425 3422 2988 3494">
     <span class='ocr_line' id='line_1_70' title="bbox 1425 3422 2988 3494; baseline -0.001 -18"><span class='ocrx_word' id='word_1_519' title='bbox 1425 3422 1716 3476; x_wconf 89' lang='lat' dir='ltr'><strong>minacius</strong></span> <span class='ocrx_word' id='word_1_520' title='bbox 1761 3428 1958 3478; x_wconf 91' lang='lat' dir='ltr'><strong>autem</strong></span> <span class='ocrx_word' id='word_1_521' title='bbox 1992 3429 2048 3478; x_wconf 91' lang='lat' dir='ltr'><strong>et</strong></span> <span class='ocrx_word' id='word_1_522' title='bbox 2091 3423 2239 3479; x_wconf 87' lang='lat' dir='ltr'><strong>fero-</strong></span> <span class='ocrx_word' id='word_1_523' title='bbox 2351 3423 2585 3482; x_wconf 81' lang='grc' dir='ltr'>ἀθλητῶν</span> <span class='ocrx_word' id='word_1_524' title='bbox 2627 3424 2988 3494; x_wconf 75' lang='grc' dir='ltr'>ἁγῶνίσματα.</span> 
     </span>
    </p>
   </div>
   <div class='ocr_carea' id='block_1_71' title="bbox 585 3509 3867 3585">
    <p class='ocr_par' dir='ltr' id='par_1_71' title="bbox 585 3509 3867 3585">
     <span class='ocr_line' id='line_1_71' title="bbox 585 3509 3867 3585; baseline -0.002 -19"><span class='ocrx_word' id='word_1_525' title='bbox 585 3511 709 3566; x_wconf 90' lang='lat' dir='ltr'><strong>cius</strong></span> <span class='ocrx_word' id='word_1_526' title='bbox 743 3511 984 3582; x_wconf 88' lang='lat' dir='ltr'><strong>martyri</strong></span> <span class='ocrx_word' id='word_1_527' title='bbox 1009 3511 1527 3582; x_wconf 85' lang='lat' dir='ltr'><strong>appropinquans,</strong></span> <span class='ocrx_word' id='word_1_528' title='bbox 1561 3526 1634 3565; x_wconf 91' lang='lat' dir='ltr'><strong>ne</strong></span> <span class='ocrx_word' id='word_1_529' title='bbox 1666 3511 1953 3582; x_wconf 85' lang='lat' dir='ltr'><strong>stringere</strong></span> <span class='ocrx_word' id='word_1_530' title='bbox 1975 3513 2220 3585; x_wconf 90' lang='lat' dir='ltr'><strong>quidem</strong></span> <span class='ocrx_word' id='word_1_531' title='bbox 2240 3530 2376 3568; x_wconf 91' lang='lat' dir='ltr'><strong>eum</strong></span> <span class='ocrx_word' id='word_1_532' title='bbox 2411 3519 2635 3584; x_wconf 90' lang='lat' dir='ltr'><strong>posset,</strong></span> <span class='ocrx_word' id='word_1_533' title='bbox 2661 3512 2766 3566; x_wconf 89' lang='lat' dir='ltr'><strong>sed</strong></span> <span class='ocrx_word' id='word_1_534' title='bbox 2802 3511 3021 3567; x_wconf 89' lang='lat' dir='ltr'><strong>sensim</strong></span> <span class='ocrx_word' id='word_1_535' title='bbox 3053 3509 3479 3566; x_wconf 90' lang='lat' dir='ltr'><strong>tantummodo</strong></span> <span class='ocrx_word' id='word_1_536' title='bbox 3502 3525 3675 3566; x_wconf 91' lang='lat' dir='ltr'><strong>cornu</strong></span> <span class='ocrx_word' id='word_1_537' title='bbox 3701 3509 3867 3580; x_wconf 84' lang='lat' dir='ltr'><strong>peteret</strong></span> 
     </span>
    </p>
   </div>
   <div class='ocr_carea' id='block_1_72' title="bbox 577 3596 3862 3673">
    <p class='ocr_par' dir='ltr' id='par_1_72' title="bbox 577 3596 3862 3673">
     <span class='ocr_line' id='line_1_72' title="bbox 577 3596 3862 3673; baseline -0.003 -15"><span class='ocrx_word' id='word_1_538' title='bbox 577 3599 905 3673; x_wconf 88' lang='lat' dir='ltr'><strong>linguaque</strong></span> <span class='ocrx_word' id='word_1_539' title='bbox 938 3599 1119 3670; x_wconf 89' lang='lat' dir='ltr'><strong>pedes</strong></span> <span class='ocrx_word' id='word_1_540' title='bbox 1151 3599 1537 3665; x_wconf 88' lang='lat' dir='ltr'><strong>lamberet,et</strong></span> <span class='ocrx_word' id='word_1_541' title='bbox 1565 3600 1845 3670; x_wconf 82' lang='lat' dir='ltr'><strong>religione</strong></span> <span class='ocrx_word' id='word_1_542' title='bbox 1873 3601 2331 3673; x_wconf 88' lang='lat' dir='ltr'><strong>quodammodo</strong></span> <span class='ocrx_word' id='word_1_543' title='bbox 2369 3602 2722 3658; x_wconf 86' lang='lat' dir='ltr'><strong>discederet.</strong></span> <span class='ocrx_word' id='word_1_544' title='bbox 2753 3603 2818 3656; x_wconf 88' lang='lat' dir='ltr'><strong>Et</strong></span> <span class='ocrx_word' id='word_1_545' title='bbox 2841 3616 2976 3655; x_wconf 91' lang='lat' dir='ltr'><strong>cum</strong></span> <span class='ocrx_word' id='word_1_546' title='bbox 3001 3599 3078 3655; x_wconf 89' lang='lat' dir='ltr'><strong>ad</strong></span> <span class='ocrx_word' id='word_1_547' title='bbox 3106 3615 3241 3654; x_wconf 91' lang='lat' dir='ltr'><strong>eum</strong></span> <span class='ocrx_word' id='word_1_548' title='bbox 3261 3599 3512 3655; x_wconf 92' lang='lat' dir='ltr'><strong>modum</strong></span> <span class='ocrx_word' id='word_1_549' title='bbox 3534 3600 3718 3654; x_wconf 65' lang='lat' dir='ltr'><strong>multa:</strong></span> <span class='ocrx_word' id='word_1_550' title='bbox 3736 3596 3862 3653; x_wconf 64' lang='lat' dir='ltr'><strong>bestia</strong></span> 
     </span>
    </p>
   </div>
   <div class='ocr_carea' id='block_1_73' title="bbox 580 3687 3863 3761">
    <p class='ocr_par' dir='ltr' id='par_1_73' title="bbox 580 3687 3863 3761">
     <span class='ocr_line' id='line_1_73' title="bbox 580 3687 3863 3761; baseline -0.002 -16"><span class='ocrx_word' id='word_1_551' title='bbox 580 3690 640 3746; x_wconf 92' lang='lat' dir='ltr'><strong>in</strong></span> <span class='ocrx_word' id='word_1_552' title='bbox 679 3695 971 3761; x_wconf 89' lang='lat' dir='ltr'><strong>martyres</strong></span> <span class='ocrx_word' id='word_1_553' title='bbox 999 3688 1289 3745; x_wconf 68' lang='lat' dir='ltr'><strong>immissa:</strong></span> <span class='ocrx_word' id='word_1_554' title='bbox 1330 3694 1546 3753; x_wconf 84' lang='lat' dir='ltr'><strong>essent,</strong></span> <span class='ocrx_word' id='word_1_555' title='bbox 1574 3689 1855 3761; x_wconf 89' lang='lat' dir='ltr'><strong>idemque</strong></span> <span class='ocrx_word' id='word_1_556' title='bbox 1886 3691 2167 3746; x_wconf 91' lang='lat' dir='ltr'><strong>omnibus</strong></span> <span class='ocrx_word' id='word_1_557' title='bbox 2206 3690 2538 3757; x_wconf 86' lang='lat' dir='ltr'><strong>accidisset,</strong></span> <span class='ocrx_word' id='word_1_558' title='bbox 2593 3695 2898 3760; x_wconf 87' lang='lat' dir='ltr'><strong>postremo</strong></span> <span class='ocrx_word' id='word_1_559' title='bbox 2947 3688 3253 3744; x_wconf 85' lang='lat' dir='ltr'><strong>carnifices</strong></span> <span class='ocrx_word' id='word_1_560' title='bbox 3282 3689 3393 3759; x_wconf 90' lang='lat' dir='ltr'><strong>ipsi</strong></span> <span class='ocrx_word' id='word_1_561' title='bbox 3428 3688 3660 3745; x_wconf 87' lang='lat' dir='ltr'><strong>animos</strong></span> <span class='ocrx_word' id='word_1_562' title='bbox 3695 3687 3863 3756; x_wconf 70' lang='lat' dir='ltr'><strong>despon-</strong></span> 
     </span>
    </p>
   </div>
   <div class='ocr_carea' id='block_1_74' title="bbox 580 3774 3864 3852">
    <p class='ocr_par' dir='ltr' id='par_1_74' title="bbox 580 3774 3864 3852">
     <span class='ocr_line' id='line_1_74' title="bbox 580 3774 3864 3852; baseline -0.003 -18"><span class='ocrx_word' id='word_1_563' title='bbox 580 3778 812 3844; x_wconf 90' lang='lat' dir='ltr'><strong>dentes,</strong></span> <span class='ocrx_word' id='word_1_564' title='bbox 841 3781 981 3850; x_wconf 91' lang='lat' dir='ltr'><strong>post</strong></span> <span class='ocrx_word' id='word_1_565' title='bbox 1033 3777 1290 3849; x_wconf 88' lang='lat' dir='ltr'><strong>plurima</strong></span> <span class='ocrx_word' id='word_1_566' title='bbox 1344 3778 1656 3849; x_wconf 82' lang='lat' dir='ltr'><strong>supplicia,</strong></span> <span class='ocrx_word' id='word_1_567' title='bbox 1691 3779 1993 3852; x_wconf 89' lang='lat' dir='ltr'><strong>aliamque</strong></span> <span class='ocrx_word' id='word_1_568' title='bbox 2051 3781 2328 3850; x_wconf 84' lang='lat' dir='ltr'><strong>gravium</strong></span> <span class='ocrx_word' id='word_1_569' title='bbox 2373 3783 2808 3836; x_wconf 89' lang='lat' dir='ltr'><strong>tormentorum</strong></span> <span class='ocrx_word' id='word_1_570' title='bbox 2857 3777 2977 3832; x_wconf 90' lang='lat' dir='ltr'><strong>vim</strong></span> <span class='ocrx_word' id='word_1_571' title='bbox 3011 3777 3125 3832; x_wconf 86' lang='lat' dir='ltr'><strong>illis</strong></span> <span class='ocrx_word' id='word_1_572' title='bbox 3161 3775 3413 3842; x_wconf 90' lang='lat' dir='ltr'><strong>illatam,</strong></span> <span class='ocrx_word' id='word_1_573' title='bbox 3461 3778 3613 3833; x_wconf 86' lang='lat' dir='ltr'><strong>ferro</strong></span> <span class='ocrx_word' id='word_1_574' title='bbox 3643 3774 3864 3832; x_wconf 64' lang='lat' dir='ltr'><strong>crudeliter</strong></span> 
     </span>
    </p>
   </div>
   <div class='ocr_carea' id='block_1_75' title="bbox 579 3866 3867 3941">
    <p class='ocr_par' dir='ltr' id='par_1_75' title="bbox 579 3866 3867 3941">
     <span class='ocr_line' id='line_1_75' title="bbox 579 3866 3867 3941; baseline -0.002 -18"><span class='ocrx_word' id='word_1_575' title='bbox 579 3882 792 3923; x_wconf 91' lang='lat' dir='ltr'><strong>omnes</strong></span> <span class='ocrx_word' id='word_1_576' title='bbox 831 3867 1216 3939; x_wconf 88' lang='lat' dir='ltr'><strong>jugulabant,</strong></span> <span class='ocrx_word' id='word_1_577' title='bbox 1255 3872 1312 3922; x_wconf 89' lang='lat' dir='ltr'><strong>et</strong></span> <span class='ocrx_word' id='word_1_578' title='bbox 1351 3868 1410 3922; x_wconf 90' lang='lat' dir='ltr'><strong>in</strong></span> <span class='ocrx_word' id='word_1_579' title='bbox 1447 3867 1810 3938; x_wconf 84' lang='lat' dir='ltr'><strong>profundum</strong></span> <span class='ocrx_word' id='word_1_580' title='bbox 1873 3885 2035 3925; x_wconf 88' lang='lat' dir='ltr'><strong>mare</strong></span> <span class='ocrx_word' id='word_1_581' title='bbox 2080 3869 2465 3941; x_wconf 90' lang='lat' dir='ltr'><strong>dejiciebant.</strong></span> <span class='ocrx_word' id='word_1_582' title='bbox 2553 3871 2741 3941; x_wconf 83' lang='lat' dir='ltr'><strong>Atque</strong></span> <span class='ocrx_word' id='word_1_583' title='bbox 2789 3867 2918 3923; x_wconf 60' lang='lat' dir='ltr'><strong>ha&#39;c</strong></span> <span class='ocrx_word' id='word_1_584' title='bbox 2965 3866 3210 3939; x_wconf 91' lang='lat' dir='ltr'><strong>quidem</strong></span> <span class='ocrx_word' id='word_1_585' title='bbox 3265 3871 3406 3922; x_wconf 90' lang='lat' dir='ltr'><strong>sunt</strong></span> <span class='ocrx_word' id='word_1_586' title='bbox 3449 3866 3867 3923; x_wconf 82' lang='lat' dir='ltr'><strong>nobilissimorum</strong></span> 
     </span>
    </p>
   </div>
   <div class='ocr_carea' id='block_1_76' title="bbox 578 3956 2538 4029">
    <p class='ocr_par' dir='ltr' id='par_1_76' title="bbox 578 3956 2538 4029">
     <span class='ocr_line' id='line_1_76' title="bbox 578 3956 2538 4029; baseline -0.001 -18"><span class='ocrx_word' id='word_1_587' title='bbox 578 3957 1000 4029; x_wconf 69' lang='lat' dir='ltr'><strong>Egyptiorum</strong></span> <span class='ocrx_word' id='word_1_588' title='bbox 1027 3956 1409 4022; x_wconf 87' lang='lat' dir='ltr'><strong>athletarum,</strong></span> <span class='ocrx_word' id='word_1_589' title='bbox 1441 3972 1578 4029; x_wconf 65' lang='lat' dir='ltr'><strong>quas</strong></span> <span class='ocrx_word' id='word_1_590' title='bbox 1609 3956 1746 4029; x_wconf 88' lang='lat' dir='ltr'><strong>Tyri</strong></span> <span class='ocrx_word' id='word_1_591' title='bbox 1778 3957 2160 4015; x_wconf 88' lang='lat' dir='ltr'><strong>decertarunt</strong></span> <span class='ocrx_word' id='word_1_592' title='bbox 2190 3961 2538 4016; x_wconf 89' lang='lat' dir='ltr'><strong>certamina.</strong></span> 
     </span>
    </p>
   </div>
   <div class='ocr_carea' id='block_1_77' title="bbox 2348 3151 3857 3228">
    <p class='ocr_par' dir='ltr' id='par_1_77' title="bbox 2348 3151 3857 3228">
     <span class='ocr_line' id='line_1_77' title="bbox 2348 3151 3857 3228; baseline -0.006 -20"><span class='ocrx_word' id='word_1_593' title='bbox 2348 3159 2502 3228; x_wconf 82' lang='grc' dir='ltr'>ἑσμὸν</span> <span class='ocrx_word' id='word_1_594' title='bbox 2577 3163 2675 3206; x_wconf 87' lang='grc' dir='ltr'><strong>τῶν</strong></span> <span class='ocrx_word' id='word_1_595' title='bbox 2762 3151 2942 3206; x_wconf 81' lang='grc' dir='ltr'><strong>δεινῶν</strong></span> <span class='ocrx_word' id='word_1_596' title='bbox 3009 3154 3208 3226; x_wconf 77' lang='grc' dir='ltr'>ξίφεσιν</span> <span class='ocrx_word' id='word_1_597' title='bbox 3276 3153 3494 3216; x_wconf 79' lang='grc' dir='ltr'>ἀπηνῶς</span> <span class='ocrx_word' id='word_1_598' title='bbox 3575 3154 3857 3222; x_wconf 49' lang='lat' dir='ltr'><strong>narrato-otia</strong></span> 
     </span>
    </p>
   </div>
   <div class='ocr_carea' id='block_1_78' title="bbox 1097 4096 2688 4179">
    <p class='ocr_par' dir='ltr' id='par_1_78' title="bbox 1097 4097 2425 4179">
     <span class='ocr_line' id='line_1_78' title="bbox 1097 4097 2425 4179; baseline -0.001 -24"><span class='ocrx_word' id='word_1_599' title='bbox 1097 4097 1277 4171; x_wconf 67' lang='lat'><strong>449</strong></span> <span class='ocrx_word' id='word_1_600' title='bbox 1317 4099 1549 4155; x_wconf 80' lang='lat' dir='ltr'><strong>CAPUT</strong></span> <span class='ocrx_word' id='word_1_601' title='bbox 1579 4101 1716 4155; x_wconf 88' lang='lat' dir='ltr'><strong>VIII.</strong></span> <span class='ocrx_word' id='word_1_602' title='bbox 2410 4163 2425 4179; x_wconf 50' lang='grc'><strong>,</strong></span> 
     </span>
    </p>
   </div>
   <div class='ocr_carea' id='block_1_79' title="bbox 1736 4096 3327 4179">
    <p class='ocr_par' dir='ltr' id='par_1_79' title="bbox 2410 4096 3327 4179">
     <span class='ocr_line' id='line_1_79' title="bbox 2410 4096 3327 4179; baseline 0 -27"><span class='ocrx_word' id='word_1_603' title='bbox 2410 4163 2425 4179; x_wconf 46' lang='lat'><em>.</em></span> <span class='ocrx_word' id='word_1_604' title='bbox 2970 4099 3208 4152; x_wconf 78' lang='grc' dir='ltr'><strong>ΚΕΦΑΑ.</strong></span> <span class='ocrx_word' id='word_1_605' title='bbox 3248 4096 3327 4152; x_wconf 83' lang='lat' dir='ltr'><strong>n’.</strong></span> 
     </span>
    </p>
   </div>
   <div class='ocr_carea' id='block_1_80' title="bbox 581 4201 2172 4282">
    <p class='ocr_par' dir='ltr' id='par_1_80' title="bbox 581 4206 2172 4282">
     <span class='ocr_line' id='line_1_80' title="bbox 581 4206 2172 4282; baseline 0.002 -20"><span class='ocrx_word' id='word_1_606' title='bbox 581 4207 668 4264; x_wconf 85' lang='lat' dir='ltr'><strong>De</strong></span> <span class='ocrx_word' id='word_1_607' title='bbox 687 4207 996 4277; x_wconf 78' lang='lat' dir='ltr'><strong>martyriis</strong></span> <span class='ocrx_word' id='word_1_608' title='bbox 1020 4206 1080 4261; x_wconf 84' lang='lat' dir='ltr'><strong>in</strong></span> <span class='ocrx_word' id='word_1_609' title='bbox 1112 4207 1410 4282; x_wconf 59' lang='lat' dir='ltr'><strong>Thebaide</strong></span> <span class='ocrx_word' id='word_1_610' title='bbox 1428 4207 1717 4272; x_wconf 79' lang='lat' dir='ltr'><strong>toleratis,</strong></span> <span class='ocrx_word' id='word_1_611' title='bbox 1743 4211 1796 4282; x_wconf 72' lang='lat' dir='ltr'><strong>et</strong></span> <span class='ocrx_word' id='word_1_612' title='bbox 1827 4209 2010 4264; x_wconf 80' lang='lat' dir='ltr'><strong>variis</strong></span> <span class='ocrx_word' id='word_1_613' title='bbox 2043 4207 2172 4265; x_wconf 81' lang='lat' dir='ltr'><strong>vari</strong></span> 
     </span>
    </p>
   </div>
   <div class='ocr_carea' id='block_1_81' title="bbox 2272 4201 3863 4282">
    <p class='ocr_par' dir='ltr' id='par_1_81' title="bbox 2349 4201 3863 4282">
     <span class='ocr_line' id='line_1_81' title="bbox 2349 4201 3863 4282; baseline -0.009 -20"><span class='ocrx_word' id='word_1_614' title='bbox 2349 4212 2500 4282; x_wconf 84' lang='grc' dir='ltr'>Περὶ</span> <span class='ocrx_word' id='word_1_615' title='bbox 2559 4215 2676 4259; x_wconf 88' lang='grc' dir='ltr'>τῶν</span> <span class='ocrx_word' id='word_1_616' title='bbox 2729 4207 2892 4258; x_wconf 82' lang='grc' dir='ltr'>κατὰ</span> <span class='ocrx_word' id='word_1_617' title='bbox 2949 4202 3272 4282; x_wconf 7' lang='grc' dir='ltr'>Θηϐαίδα,</span> <span class='ocrx_word' id='word_1_618' title='bbox 3307 4207 3763 4282; x_wconf 26' lang='grc' dir='ltr'><strong>γεγενημμ-ίνωνο</strong></span> <span class='ocrx_word' id='word_1_619' title='bbox 3802 4201 3863 4250; x_wconf 71' lang='lat' dir='ltr'><strong>xxi</strong></span> 
     </span>
    </p>
   </div>
   <div class='ocr_carea' id='block_1_82' title="bbox 975 4274 2566 4351">
    <p class='ocr_par' dir='ltr' id='par_1_82' title="bbox 975 4274 2564 4348">
     <span class='ocr_line' id='line_1_82' title="bbox 975 4274 2564 4348; baseline 0 -16"><span class='ocrx_word' id='word_1_620' title='bbox 975 4295 1107 4334; x_wconf 78' lang='lat' dir='ltr'><strong>rum</strong></span> <span class='ocrx_word' id='word_1_621' title='bbox 1149 4278 1586 4348; x_wconf 80' lang='lat' dir='ltr'><strong>suppliciorum</strong></span> <span class='ocrx_word' id='word_1_622' title='bbox 1617 4279 1828 4334; x_wconf 83' lang='lat' dir='ltr'><strong>modis.</strong></span> <span class='ocrx_word' id='word_1_623' title='bbox 2437 4274 2446 4282; x_wconf 88' lang='grc'><em>’</em></span> <span class='ocrx_word' id='word_1_624' title='bbox 2497 4299 2564 4332; x_wconf 89' lang='grc' dir='ltr'><strong>το</strong></span> 
     </span>
    </p>
   </div>
   <div class='ocr_carea' id='block_1_83' title="bbox 2176 4274 3767 4351">
    <p class='ocr_par' dir='ltr' id='par_1_83' title="bbox 2437 4274 3767 4351">
     <span class='ocr_line' id='line_1_83' title="bbox 2437 4274 3767 4351; baseline -0.007 -19"><span class='ocrx_word' id='word_1_625' title='bbox 2437 4274 2446 4282; x_wconf 77' lang='grc'><em>’</em></span> <span class='ocrx_word' id='word_1_626' title='bbox 2497 4287 2607 4332; x_wconf 73' lang='grc' dir='ltr'>τοῦ</span> <span class='ocrx_word' id='word_1_627' title='bbox 2645 4283 2887 4351; x_wconf 82' lang='grc' dir='ltr'>τρόπου</span> <span class='ocrx_word' id='word_1_628' title='bbox 2927 4286 3045 4328; x_wconf 80' lang='grc' dir='ltr'><strong>τῶν</strong></span> <span class='ocrx_word' id='word_1_629' title='bbox 3087 4274 3409 4349; x_wconf 75' lang='grc' dir='ltr'>διαφόρων</span> <span class='ocrx_word' id='word_1_630' title='bbox 3451 4277 3767 4328; x_wconf 84' lang='grc' dir='ltr'>κολάσεων.</span> 
     </span>
    </p>
   </div>
   <div class='ocr_carea' id='block_1_84' title="bbox 653 4376 2244 4459">
    <p class='ocr_par' dir='ltr' id='par_1_84' title="bbox 653 4385 2231 4459">
     <span class='ocr_line' id='line_1_84' title="bbox 653 4385 2231 4459; baseline 0.001 -18"><span class='ocrx_word' id='word_1_631' title='bbox 653 4385 763 4451; x_wconf 86' lang='lat' dir='ltr'><strong>Qui</strong></span> <span class='ocrx_word' id='word_1_632' title='bbox 793 4401 936 4441; x_wconf 85' lang='lat' dir='ltr'><strong>vero</strong></span> <span class='ocrx_word' id='word_1_633' title='bbox 975 4385 1034 4439; x_wconf 91' lang='lat' dir='ltr'><strong>in</strong></span> <span class='ocrx_word' id='word_1_634' title='bbox 1074 4385 1265 4456; x_wconf 89' lang='lat' dir='ltr'><strong>patria</strong></span> <span class='ocrx_word' id='word_1_635' title='bbox 1309 4401 1420 4440; x_wconf 92' lang='lat' dir='ltr'><strong>sua</strong></span> <span class='ocrx_word' id='word_1_636' title='bbox 1453 4385 1808 4457; x_wconf 86' lang='lat' dir='ltr'><strong>martyrium</strong></span> <span class='ocrx_word' id='word_1_637' title='bbox 1840 4385 2060 4451; x_wconf 91' lang='lat' dir='ltr'><strong>obiere,</strong></span> <span class='ocrx_word' id='word_1_638' title='bbox 2095 4387 2231 4459; x_wconf 87' lang='lat' dir='ltr'><strong>quis</strong></span> 
     </span>
    </p>
   </div>
   <div class='ocr_carea' id='block_1_85' title="bbox 2272 4376 3863 4459">
    <p class='ocr_par' dir='ltr' id='par_1_85' title="bbox 2272 4376 3863 4455">
     <span class='ocr_line' id='line_1_85' title="bbox 2272 4376 3863 4455; baseline -0.004 -16"><span class='ocrx_word' id='word_1_639' title='bbox 2272 4376 2311 4430; x_wconf 82' lang='lat' dir='ltr'>D</span> <span class='ocrx_word' id='word_1_640' title='bbox 2411 4389 2544 4448; x_wconf 83' lang='grc' dir='ltr'><strong>Τοὺς</strong></span> <span class='ocrx_word' id='word_1_641' title='bbox 2594 4382 2644 4438; x_wconf 88' lang='grc' dir='ltr'>δ’</span> <span class='ocrx_word' id='word_1_642' title='bbox 2698 4385 2781 4438; x_wconf 73' lang='grc' dir='ltr'><strong>ἐπὶ</strong></span> <span class='ocrx_word' id='word_1_643' title='bbox 2831 4391 2922 4444; x_wconf 85' lang='grc' dir='ltr'>τῆς</span> <span class='ocrx_word' id='word_1_644' title='bbox 2963 4384 3148 4444; x_wconf 88' lang='grc' dir='ltr'>οἰκείας</span> <span class='ocrx_word' id='word_1_645' title='bbox 3195 4390 3294 4454; x_wconf 76' lang='grc' dir='ltr'><strong>γῆς</strong></span> <span class='ocrx_word' id='word_1_646' title='bbox 3345 4388 3762 4455; x_wconf 78' lang='grc' dir='ltr'>μαρτυρήσαντας</span> <span class='ocrx_word' id='word_1_647' title='bbox 3803 4383 3863 4432; x_wconf 62' lang='grc' dir='ltr'><strong>πὺξ</strong></span> 
     </span>
    </p>
   </div>
   <div class='ocr_carea' id='block_1_86' title="bbox 578 4466 2169 4540">
    <p class='ocr_par' dir='ltr' id='par_1_86' title="bbox 578 4475 2169 4540">
     <span class='ocr_line' id='line_1_86' title="bbox 578 4475 2169 4540; baseline -0.001 -8"><span class='ocrx_word' id='word_1_648' title='bbox 578 4475 672 4532; x_wconf 77' lang='lat' dir='ltr'><strong>vel</strong></span> <span class='ocrx_word' id='word_1_649' title='bbox 700 4490 911 4530; x_wconf 91' lang='lat' dir='ltr'><strong>eorum</strong></span> <span class='ocrx_word' id='word_1_650' title='bbox 957 4489 1274 4528; x_wconf 87' lang='lat' dir='ltr'><strong>numerum</strong></span> <span class='ocrx_word' id='word_1_651' title='bbox 1326 4475 1492 4540; x_wconf 87' lang='lat' dir='ltr'><strong>inire,</strong></span> <span class='ocrx_word' id='word_1_652' title='bbox 1537 4475 1629 4530; x_wconf 90' lang='lat' dir='ltr'><strong>vel</strong></span> <span class='ocrx_word' id='word_1_653' title='bbox 1677 4481 1761 4530; x_wconf 93' lang='lat' dir='ltr'><strong>tot</strong></span> <span class='ocrx_word' id='word_1_654' title='bbox 1800 4479 1858 4530; x_wconf 89' lang='lat' dir='ltr'><strong>et</strong></span> <span class='ocrx_word' id='word_1_655' title='bbox 1897 4481 2018 4530; x_wconf 89' lang='lat' dir='ltr'><strong>tam</strong></span> <span class='ocrx_word' id='word_1_656' title='bbox 2067 4493 2169 4531; x_wconf 87' lang='lat' dir='ltr'><strong>var</strong></span> 
     </span>
    </p>
   </div>
   <div class='ocr_carea' id='block_1_87' title="bbox 2270 4466 3861 4540">
    <p class='ocr_par' dir='ltr' id='par_1_87' title="bbox 2342 4466 3861 4538">
     <span class='ocr_line' id='line_1_87' title="bbox 2342 4466 3861 4538; baseline -0.005 -10"><span class='ocrx_word' id='word_1_657' title='bbox 2342 4477 2402 4528; x_wconf 78' lang='grc' dir='ltr'><strong>ἄν</strong></span> <span class='ocrx_word' id='word_1_658' title='bbox 2455 4496 2531 4538; x_wconf 87' lang='grc' dir='ltr'><strong>τις</strong></span> <span class='ocrx_word' id='word_1_659' title='bbox 2563 4479 2621 4527; x_wconf 87' lang='grc' dir='ltr'>τὸ</span> <span class='ocrx_word' id='word_1_660' title='bbox 2670 4475 2866 4536; x_wconf 86' lang='grc' dir='ltr'>πλῆθος</span> <span class='ocrx_word' id='word_1_661' title='bbox 2898 4470 3116 4537; x_wconf 75' lang='grc' dir='ltr'>διέλθοι,</span> <span class='ocrx_word' id='word_1_662' title='bbox 3148 4479 3238 4525; x_wconf 82' lang='grc' dir='ltr'>καὶ</span> <span class='ocrx_word' id='word_1_663' title='bbox 3269 4475 3327 4524; x_wconf 86' lang='grc' dir='ltr'>τὸ</span> <span class='ocrx_word' id='word_1_664' title='bbox 3366 4472 3602 4524; x_wconf 86' lang='grc' dir='ltr'>ποικίλον</span> <span class='ocrx_word' id='word_1_665' title='bbox 3643 4480 3728 4523; x_wconf 83' lang='grc' dir='ltr'>τῶν</span> <span class='ocrx_word' id='word_1_666' title='bbox 3756 4466 3861 4538; x_wconf 67' lang='grc' dir='ltr'><strong>βατά·</strong></span> 
     </span>
    </p>
   </div>
   <div class='ocr_carea' id='block_1_88' title="bbox 580 4550 2171 4638">
    <p class='ocr_par' dir='ltr' id='par_1_88' title="bbox 580 4563 2171 4638">
     <span class='ocr_line' id='line_1_88' title="bbox 580 4563 2171 4638; baseline -0.001 -17"><span class='ocrx_word' id='word_1_667' title='bbox 580 4571 1012 4621; x_wconf 90' lang='lat' dir='ltr'><strong>tormentorum</strong></span> <span class='ocrx_word' id='word_1_668' title='bbox 1036 4579 1255 4633; x_wconf 87' lang='lat' dir='ltr'><strong>genera</strong></span> <span class='ocrx_word' id='word_1_669' title='bbox 1281 4563 1573 4636; x_wconf 87' lang='lat' dir='ltr'><strong>explicare</strong></span> <span class='ocrx_word' id='word_1_670' title='bbox 1596 4563 1824 4636; x_wconf 79' lang='lat' dir='ltr'><strong>queat?</strong></span> <span class='ocrx_word' id='word_1_671' title='bbox 1851 4566 2171 4638; x_wconf 80' lang='lat' dir='ltr'><strong>Quandoqi:</strong></span> 
     </span>
    </p>
   </div>
   <div class='ocr_carea' id='block_1_89' title="bbox 2272 4550 3863 4638">
    <p class='ocr_par' dir='ltr' id='par_1_89' title="bbox 2339 4550 3863 4634">
     <span class='ocr_line' id='line_1_89' title="bbox 2339 4550 3863 4634; baseline -0.006 -16"><span class='ocrx_word' id='word_1_672' title='bbox 2339 4587 2436 4618; x_wconf 90' lang='grc' dir='ltr'><strong>νων</strong></span> <span class='ocrx_word' id='word_1_673' title='bbox 2485 4570 2573 4617; x_wconf 88' lang='grc' dir='ltr'>καὶ</span> <span class='ocrx_word' id='word_1_674' title='bbox 2633 4560 2942 4629; x_wconf 84' lang='grc' dir='ltr'>πολυειδές;</span> <span class='ocrx_word' id='word_1_675' title='bbox 2994 4565 3042 4614; x_wconf 87' lang='grc' dir='ltr'>οἰ</span> <span class='ocrx_word' id='word_1_676' title='bbox 3077 4566 3169 4614; x_wconf 84' lang='grc' dir='ltr'><strong>σὺν</strong></span> <span class='ocrx_word' id='word_1_677' title='bbox 3222 4563 3430 4634; x_wconf 74' lang='grc' dir='ltr'>γυναιξί</span> <span class='ocrx_word' id='word_1_678' title='bbox 3481 4567 3570 4614; x_wconf 84' lang='grc' dir='ltr'>καὶ</span> <span class='ocrx_word' id='word_1_679' title='bbox 3617 4565 3775 4616; x_wconf 78' lang='grc' dir='ltr'>τέκνοις</span> <span class='ocrx_word' id='word_1_680' title='bbox 3808 4550 3863 4604; x_wconf 61' lang='grc' dir='ltr'>διὰ</span> 
     </span>
    </p>
   </div>
   <div class='ocr_carea' id='block_1_90' title="bbox 580 4648 2171 4727">
    <p class='ocr_par' dir='ltr' id='par_1_90' title="bbox 580 4651 2171 4725">
     <span class='ocr_line' id='line_1_90' title="bbox 580 4651 2171 4725; baseline 0 -16"><span class='ocrx_word' id='word_1_681' title='bbox 580 4655 718 4710; x_wconf 91' lang='lat' dir='ltr'><strong>dem</strong></span> <span class='ocrx_word' id='word_1_682' title='bbox 749 4651 1179 4725; x_wconf 89' lang='lat' dir='ltr'><strong>quamplurimi</strong></span> <span class='ocrx_word' id='word_1_683' title='bbox 1212 4668 1331 4708; x_wconf 89' lang='lat' dir='ltr'><strong>una</strong></span> <span class='ocrx_word' id='word_1_684' title='bbox 1376 4669 1515 4708; x_wconf 92' lang='lat' dir='ltr'><strong>cum</strong></span> <span class='ocrx_word' id='word_1_685' title='bbox 1555 4653 1913 4722; x_wconf 88' lang='lat' dir='ltr'><strong>conjugibus</strong></span> <span class='ocrx_word' id='word_1_686' title='bbox 1946 4660 2001 4709; x_wconf 94' lang='lat' dir='ltr'><strong>et</strong></span> <span class='ocrx_word' id='word_1_687' title='bbox 2035 4655 2171 4710; x_wconf 78' lang='lat' dir='ltr'><strong>liber</strong></span> 
     </span>
    </p>
   </div>
   <div class='ocr_carea' id='block_1_91' title="bbox 2271 4648 3862 4727">
    <p class='ocr_par' dir='ltr' id='par_1_91' title="bbox 2342 4648 3862 4727">
     <span class='ocr_line' id='line_1_91' title="bbox 2342 4648 3862 4727; baseline -0.008 -19"><span class='ocrx_word' id='word_1_688' title='bbox 2342 4659 2568 4727; x_wconf 77' lang='grc' dir='ltr'>Χριστόν</span> <span class='ocrx_word' id='word_1_689' title='bbox 2622 4657 2680 4705; x_wconf 87' lang='grc' dir='ltr'>τὸ</span> <span class='ocrx_word' id='word_1_690' title='bbox 2745 4654 2841 4724; x_wconf 78' lang='grc' dir='ltr'><strong>ζῇν</strong></span> <span class='ocrx_word' id='word_1_691' title='bbox 2899 4648 3189 4726; x_wconf 74' lang='grc' dir='ltr'>ὑπερεῖδον,</span> <span class='ocrx_word' id='word_1_692' title='bbox 3269 4648 3522 4723; x_wconf 70' lang='grc' dir='ltr'>διάφορον</span> <span class='ocrx_word' id='word_1_693' title='bbox 3587 4650 3862 4717; x_wconf 70' lang='grc' dir='ltr'><strong>ύπενεγιόντις</strong></span> 
     </span>
    </p>
   </div>
   <div class='ocr_carea' id='block_1_92' title="bbox 577 4731 2168 4816">
    <p class='ocr_par' dir='ltr' id='par_1_92' title="bbox 577 4741 2168 4816">
     <span class='ocr_line' id='line_1_92' title="bbox 577 4741 2168 4816; baseline -0.003 -17"><span class='ocrx_word' id='word_1_694' title='bbox 577 4748 820 4816; x_wconf 89' lang='lat' dir='ltr'><strong>propter</strong></span> <span class='ocrx_word' id='word_1_695' title='bbox 835 4741 1126 4798; x_wconf 89' lang='lat' dir='ltr'><strong>Christum</strong></span> <span class='ocrx_word' id='word_1_696' title='bbox 1145 4741 1329 4797; x_wconf 89' lang='lat' dir='ltr'><strong>vitam</strong></span> <span class='ocrx_word' id='word_1_697' title='bbox 1352 4742 1544 4812; x_wconf 90' lang='lat' dir='ltr'><strong>ipsam</strong></span> <span class='ocrx_word' id='word_1_698' title='bbox 1563 4742 1899 4813; x_wconf 88' lang='lat' dir='ltr'><strong>prodidere,</strong></span> <span class='ocrx_word' id='word_1_699' title='bbox 1918 4745 2168 4816; x_wconf 73' lang='lat' dir='ltr'><strong>variasql</strong></span> 
     </span>
    </p>
   </div>
   <div class='ocr_carea' id='block_1_93' title="bbox 2268 4731 3859 4816">
    <p class='ocr_par' dir='ltr' id='par_1_93' title="bbox 2340 4731 3859 4812">
     <span class='ocr_line' id='line_1_93' title="bbox 2340 4731 3859 4812; baseline -0.003 -16"><span class='ocrx_word' id='word_1_700' title='bbox 2340 4747 2426 4796; x_wconf 83' lang='grc' dir='ltr'><strong>τὸν</strong></span> <span class='ocrx_word' id='word_1_701' title='bbox 2477 4745 2714 4798; x_wconf 83' lang='grc' dir='ltr'>θάνατον.</span> <span class='ocrx_word' id='word_1_702' title='bbox 2746 4747 2844 4793; x_wconf 85' lang='grc' dir='ltr'><strong>Ὧν</strong></span> <span class='ocrx_word' id='word_1_703' title='bbox 2896 4741 2944 4794; x_wconf 82' lang='grc' dir='ltr'>οἱ</span> <span class='ocrx_word' id='word_1_704' title='bbox 2982 4743 3072 4812; x_wconf 70' lang='grc' dir='ltr'>μεν</span> <span class='ocrx_word' id='word_1_705' title='bbox 3129 4742 3260 4812; x_wconf 82' lang='grc' dir='ltr'>μετὰ</span> <span class='ocrx_word' id='word_1_706' title='bbox 3289 4740 3508 4812; x_wconf 79' lang='grc' dir='ltr'>ξεσμούς</span> <span class='ocrx_word' id='word_1_707' title='bbox 3555 4745 3640 4792; x_wconf 78' lang='grc' dir='ltr'>καὶ</span> <span class='ocrx_word' id='word_1_708' title='bbox 3677 4731 3859 4808; x_wconf 49' lang='lat' dir='ltr'><strong>affugit-3‘</strong></span> 
     </span>
    </p>
   </div>
   <div class='ocr_carea' id='block_1_94' title="bbox 578 4827 2169 4904">
    <p class='ocr_par' dir='ltr' id='par_1_94' title="bbox 578 4829 2169 4902">
     <span class='ocr_line' id='line_1_94' title="bbox 578 4829 2169 4902; baseline -0.001 -15"><span class='ocrx_word' id='word_1_709' title='bbox 578 4832 784 4887; x_wconf 89' lang='lat' dir='ltr'><strong>mortis</strong></span> <span class='ocrx_word' id='word_1_710' title='bbox 807 4831 1032 4902; x_wconf 88' lang='lat' dir='ltr'><strong>species</strong></span> <span class='ocrx_word' id='word_1_711' title='bbox 1055 4829 1273 4886; x_wconf 88' lang='lat' dir='ltr'><strong>adiere.</strong></span> <span class='ocrx_word' id='word_1_712' title='bbox 1296 4831 1560 4895; x_wconf 90' lang='lat' dir='ltr'><strong>Quorum</strong></span> <span class='ocrx_word' id='word_1_713' title='bbox 1582 4829 1765 4902; x_wconf 88' lang='lat' dir='ltr'><strong>aliqui</strong></span> <span class='ocrx_word' id='word_1_714' title='bbox 1789 4838 1925 4902; x_wconf 92' lang='lat' dir='ltr'><strong>post</strong></span> <span class='ocrx_word' id='word_1_715' title='bbox 1947 4831 2169 4901; x_wconf 88' lang='lat' dir='ltr'><strong>ungula</strong></span> 
     </span>
    </p>
   </div>
   <div class='ocr_carea' id='block_1_95' title="bbox 2267 4827 3858 4904">
    <p class='ocr_par' dir='ltr' id='par_1_95' title="bbox 2286 4827 3858 4904">
     <span class='ocr_line' id='line_1_95' title="bbox 2286 4827 3858 4904; baseline -0.005 -19"><span class='ocrx_word' id='word_1_716' title='bbox 2286 4834 2289 4836; x_wconf 68' lang='grc'><em>’</em></span> <span class='ocrx_word' id='word_1_717' title='bbox 2344 4852 2470 4896; x_wconf 85' lang='grc' dir='ltr'>σεις,</span> <span class='ocrx_word' id='word_1_718' title='bbox 2512 4838 2602 4884; x_wconf 80' lang='grc' dir='ltr'>καὶ</span> <span class='ocrx_word' id='word_1_719' title='bbox 2640 4827 2866 4904; x_wconf 78' lang='grc' dir='ltr'>νιφάδας</span> <span class='ocrx_word' id='word_1_720' title='bbox 2904 4834 3196 4902; x_wconf 74' lang='grc' dir='ltr'>μαστίγων,</span> <span class='ocrx_word' id='word_1_721' title='bbox 3239 4834 3329 4881; x_wconf 77' lang='grc' dir='ltr'>καὶ</span> <span class='ocrx_word' id='word_1_722' title='bbox 3367 4830 3526 4892; x_wconf 80' lang='grc' dir='ltr'>ἄλλας</span> <span class='ocrx_word' id='word_1_723' title='bbox 3564 4833 3729 4902; x_wconf 69' lang='grc' dir='ltr'>φρίκης</span> <span class='ocrx_word' id='word_1_724' title='bbox 3759 4827 3858 4894; x_wconf 66' lang='grc' dir='ltr'><strong>μόνω</strong></span> 
     </span>
    </p>
   </div>
   <div class='ocr_carea' id='block_1_96' title="bbox 575 4916 2166 4992">
    <p class='ocr_par' dir='ltr' id='par_1_96' title="bbox 575 4919 2162 4992">
     <span class='ocr_line' id='line_1_96' title="bbox 575 4919 2162 4992; baseline -0.001 -16"><span class='ocrx_word' id='word_1_725' title='bbox 575 4919 836 4990; x_wconf 86' lang='lat' dir='ltr'><strong>ﬂagella,</strong></span> <span class='ocrx_word' id='word_1_726' title='bbox 853 4925 910 4975; x_wconf 90' lang='lat' dir='ltr'><strong>et</strong></span> <span class='ocrx_word' id='word_1_727' title='bbox 936 4919 1231 4984; x_wconf 83' lang='lat' dir='ltr'><strong>ﬁdiculas,</strong></span> <span class='ocrx_word' id='word_1_728' title='bbox 1255 4920 1522 4990; x_wconf 90' lang='lat' dir='ltr'><strong>aliosque</strong></span> <span class='ocrx_word' id='word_1_729' title='bbox 1541 4919 1858 4984; x_wconf 90' lang='lat' dir='ltr'><strong>cruciatus,</strong></span> <span class='ocrx_word' id='word_1_730' title='bbox 1879 4920 1954 4976; x_wconf 91' lang='lat' dir='ltr'><strong>ad</strong></span> <span class='ocrx_word' id='word_1_731' title='bbox 1970 4937 2162 4992; x_wconf 92' lang='lat' dir='ltr'><strong>quoru</strong></span> 
     </span>
    </p>
   </div>
   <div class='ocr_carea' id='block_1_97' title="bbox 2268 4916 3859 4992">
    <p class='ocr_par' dir='ltr' id='par_1_97' title="bbox 2340 4916 3859 4992">
     <span class='ocr_line' id='line_1_97' title="bbox 2340 4916 3859 4992; baseline -0.006 -19"><span class='ocrx_word' id='word_1_732' title='bbox 2340 4926 2430 4973; x_wconf 87' lang='grc' dir='ltr'>καὶ</span> <span class='ocrx_word' id='word_1_733' title='bbox 2473 4921 2698 4972; x_wconf 80' lang='grc' dir='ltr'>ἀκοῦσαι</span> <span class='ocrx_word' id='word_1_734' title='bbox 2755 4921 2947 4991; x_wconf 82' lang='grc' dir='ltr'>μεστὰς</span> <span class='ocrx_word' id='word_1_735' title='bbox 2996 4916 3260 4992; x_wconf 86' lang='grc' dir='ltr'>βασάνους</span> <span class='ocrx_word' id='word_1_736' title='bbox 3308 4923 3524 4990; x_wconf 72' lang='grc' dir='ltr'>γενναίῳ</span> <span class='ocrx_word' id='word_1_737' title='bbox 3553 4918 3859 4989; x_wconf 48' lang='lat'><strong>{1915;325:1-</strong></span> 
     </span>
    </p>
   </div>
   <div class='ocr_carea' id='block_1_98' title="bbox 573 5001 2164 5082">
    <p class='ocr_par' dir='ltr' id='par_1_98' title="bbox 573 5007 2164 5074">
     <span class='ocr_line' id='line_1_98' title="bbox 573 5007 2164 5074; baseline -0.002 -8"><span class='ocrx_word' id='word_1_738' title='bbox 573 5010 942 5066; x_wconf 90' lang='lat' dir='ltr'><strong>mentionem</strong></span> <span class='ocrx_word' id='word_1_739' title='bbox 1003 5007 1194 5064; x_wconf 89' lang='lat' dir='ltr'><strong>solam</strong></span> <span class='ocrx_word' id='word_1_740' title='bbox 1252 5008 1491 5063; x_wconf 90' lang='lat' dir='ltr'><strong>animus</strong></span> <span class='ocrx_word' id='word_1_741' title='bbox 1561 5008 1940 5074; x_wconf 84' lang='lat' dir='ltr'><strong>exhorrescit,</strong></span> <span class='ocrx_word' id='word_1_742' title='bbox 2005 5009 2164 5065; x_wconf 75' lang='lat' dir='ltr'><strong>forti!</strong></span> 
     </span>
    </p>
   </div>
   <div class='ocr_carea' id='block_1_99' title="bbox 2267 5001 3858 5082">
    <p class='ocr_par' dir='ltr' id='par_1_99' title="bbox 2343 5001 3858 5082">
     <span class='ocr_line' id='line_1_99' title="bbox 2343 5001 3858 5082; baseline -0.005 -20"><span class='ocrx_word' id='word_1_743' title='bbox 2343 5014 2566 5082; x_wconf 81' lang='grc' dir='ltr'>στήματι</span> <span class='ocrx_word' id='word_1_744' title='bbox 2628 5007 2982 5072; x_wconf 83' lang='grc' dir='ltr'>διανύσαντες,</span> <span class='ocrx_word' id='word_1_745' title='bbox 3038 5011 3096 5059; x_wconf 87' lang='grc' dir='ltr'>τὸ</span> <span class='ocrx_word' id='word_1_746' title='bbox 3140 5008 3362 5060; x_wconf 78' lang='grc' dir='ltr'>ὕστατον</span> <span class='ocrx_word' id='word_1_747' title='bbox 3408 5014 3536 5080; x_wconf 80' lang='grc' dir='ltr'>πυρὶ</span> <span class='ocrx_word' id='word_1_748' title='bbox 3583 5001 3858 5076; x_wconf 55' lang='grc' dir='ltr'>κατεολέχθε·</span> 
     </span>
    </p>
   </div>
   <div class='ocr_carea' id='block_1_100' title="bbox 573 5089 2164 5172">
    <p class='ocr_par' dir='ltr' id='par_1_100' title="bbox 573 5097 2162 5172">
     <span class='ocr_line' id='line_1_100' title="bbox 573 5097 2162 5172; baseline 0 -18"><span class='ocrx_word' id='word_1_749' title='bbox 573 5099 852 5172; x_wconf 66' lang='lat' dir='ltr'><strong>praesenti</strong></span> <span class='ocrx_word' id='word_1_750' title='bbox 894 5098 1108 5153; x_wconf 92' lang='lat' dir='ltr'><strong>robore</strong></span> <span class='ocrx_word' id='word_1_751' title='bbox 1142 5097 1440 5166; x_wconf 88' lang='lat' dir='ltr'><strong>toleratos,</strong></span> <span class='ocrx_word' id='word_1_752' title='bbox 1477 5099 1717 5153; x_wconf 85' lang='lat' dir='ltr'><strong>tandem</strong></span> <span class='ocrx_word' id='word_1_753' title='bbox 1759 5098 1881 5168; x_wconf 90' lang='lat' dir='ltr'><strong>igni</strong></span> <span class='ocrx_word' id='word_1_754' title='bbox 1925 5107 2062 5153; x_wconf 91' lang='lat' dir='ltr'><strong>sunt</strong></span> <span class='ocrx_word' id='word_1_755' title='bbox 2092 5115 2162 5154; x_wconf 92' lang='lat' dir='ltr'><strong>co</strong></span> 
     </span>
    </p>
   </div>
   <div class='ocr_carea' id='block_1_101' title="bbox 2264 5089 3855 5172">
    <p class='ocr_par' dir='ltr' id='par_1_101' title="bbox 2342 5089 3855 5170">
     <span class='ocr_line' id='line_1_101' title="bbox 2342 5089 3855 5170; baseline -0.007 -17"><span class='ocrx_word' id='word_1_756' title='bbox 2342 5118 2436 5153; x_wconf 91' lang='grc' dir='ltr'><strong>σαν</strong></span> <span class='ocrx_word' id='word_1_757' title='bbox 2469 5117 2482 5130; x_wconf 77' lang='grc'><em>⁸</em></span> <span class='ocrx_word' id='word_1_758' title='bbox 2517 5101 2566 5152; x_wconf 83' lang='grc' dir='ltr'><strong>οἱ</strong></span> <span class='ocrx_word' id='word_1_759' title='bbox 2621 5095 2680 5150; x_wconf 75' lang='grc' dir='ltr'>δὲ</span> <span class='ocrx_word' id='word_1_760' title='bbox 2734 5097 2925 5156; x_wconf 81' lang='grc' dir='ltr'>πλῆθος</span> <span class='ocrx_word' id='word_1_761' title='bbox 2962 5101 3146 5170; x_wconf 82' lang='grc' dir='ltr'>μυρίον</span> <span class='ocrx_word' id='word_1_762' title='bbox 3181 5100 3266 5149; x_wconf 83' lang='grc' dir='ltr'>ἐπὶ</span> <span class='ocrx_word' id='word_1_763' title='bbox 3325 5099 3550 5168; x_wconf 70' lang='grc' dir='ltr'>σκάφαις</span> <span class='ocrx_word' id='word_1_764' title='bbox 3596 5103 3696 5155; x_wconf 87' lang='grc' dir='ltr'>τοῖς</span> <span class='ocrx_word' id='word_1_765' title='bbox 3739 5089 3855 5142; x_wconf 58' lang='grc' dir='ltr'><strong>Βαλίε·</strong></span> 
     </span>
    </p>
   </div>
   <div class='ocr_carea' id='block_1_102' title="bbox 574 5181 2165 5262">
    <p class='ocr_par' dir='ltr' id='par_1_102' title="bbox 574 5185 2165 5260">
     <span class='ocr_line' id='line_1_102' title="bbox 574 5185 2165 5260; baseline 0 -16"><span class='ocrx_word' id='word_1_766' title='bbox 574 5188 816 5260; x_wconf 89' lang='lat' dir='ltr'><strong>sumpti.</strong></span> <span class='ocrx_word' id='word_1_767' title='bbox 878 5185 1010 5250; x_wconf 86' lang='lat' dir='ltr'><strong>Alii,</strong></span> <span class='ocrx_word' id='word_1_768' title='bbox 1053 5192 1110 5242; x_wconf 90' lang='lat' dir='ltr'><strong>et</strong></span> <span class='ocrx_word' id='word_1_769' title='bbox 1161 5186 1406 5260; x_wconf 81' lang='lat' dir='ltr'><strong>quidem</strong></span> <span class='ocrx_word' id='word_1_770' title='bbox 1461 5187 1947 5252; x_wconf 89' lang='lat' dir='ltr'><strong>innumerabiles,</strong></span> <span class='ocrx_word' id='word_1_771' title='bbox 1992 5190 2165 5260; x_wconf 84' lang='lat' dir='ltr'><strong>scaph</strong></span> 
     </span>
    </p>
   </div>
   <div class='ocr_carea' id='block_1_103' title="bbox 2262 5181 3853 5262">
    <p class='ocr_par' dir='ltr' id='par_1_103' title="bbox 2338 5181 3853 5262">
     <span class='ocr_line' id='line_1_103' title="bbox 2338 5181 3853 5262; baseline -0.008 -20"><span class='ocrx_word' id='word_1_772' title='bbox 2338 5195 2464 5250; x_wconf 88' lang='grc' dir='ltr'>τίοις</span> <span class='ocrx_word' id='word_1_773' title='bbox 2522 5187 2703 5262; x_wconf 85' lang='grc' dir='ltr'>βυθοῖς</span> <span class='ocrx_word' id='word_1_774' title='bbox 2762 5185 3142 5260; x_wconf 72' lang='grc' dir='ltr'>ἀπερρίφησαν.</span> <span class='ocrx_word' id='word_1_775' title='bbox 3192 5181 3363 5238; x_wconf 74' lang='grc' dir='ltr'>Ἀλλοι</span> <span class='ocrx_word' id='word_1_776' title='bbox 3420 5182 3478 5238; x_wconf 77' lang='grc' dir='ltr'>δε</span> <span class='ocrx_word' id='word_1_777' title='bbox 3541 5181 3762 5255; x_wconf 79' lang='grc' dir='ltr'>ἀνδρείως</span> <span class='ocrx_word' id='word_1_778' title='bbox 3787 5181 3853 5231; x_wconf 75' lang='grc' dir='ltr'><strong>τοῖς</strong></span> 
     </span>
    </p>
   </div>
   <div class='ocr_carea' id='block_1_104' title="bbox 573 5266 2164 5350">
    <p class='ocr_par' dir='ltr' id='par_1_104' title="bbox 573 5267 2163 5348">
     <span class='ocr_line' id='line_1_104' title="bbox 573 5267 2163 5348; baseline 0 -15"><span class='ocrx_word' id='word_1_779' title='bbox 573 5277 857 5348; x_wconf 90' lang='lat' dir='ltr'><strong>impositi,</strong></span> <span class='ocrx_word' id='word_1_780' title='bbox 895 5277 954 5332; x_wconf 92' lang='lat' dir='ltr'><strong>in</strong></span> <span class='ocrx_word' id='word_1_781' title='bbox 988 5275 1108 5332; x_wconf 92' lang='lat' dir='ltr'><strong>alto</strong></span> <span class='ocrx_word' id='word_1_782' title='bbox 1135 5267 1438 5330; x_wconf 82' lang='lat' dir='ltr'><strong>submersi</strong></span> <span class='ocrx_word' id='word_1_783' title='bbox 1464 5275 1696 5346; x_wconf 89' lang='lat' dir='ltr'><strong>pelago.</strong></span> <span class='ocrx_word' id='word_1_784' title='bbox 1733 5276 2009 5332; x_wconf 86' lang='lat' dir='ltr'><strong>Nonnulli</strong></span> <span class='ocrx_word' id='word_1_785' title='bbox 2049 5279 2163 5333; x_wconf 89' lang='lat' dir='ltr'><strong>etia</strong></span> 
     </span>
    </p>
   </div>
   <div class='ocr_carea' id='block_1_105' title="bbox 2259 5266 3850 5350">
    <p class='ocr_par' dir='ltr' id='par_1_105' title="bbox 2337 5266 3850 5350">
     <span class='ocr_line' id='line_1_105' title="bbox 2337 5266 3850 5350; baseline -0.006 -20"><span class='ocrx_word' id='word_1_786' title='bbox 2337 5283 2531 5350; x_wconf 78' lang='grc' dir='ltr'>τέμνειν</span> <span class='ocrx_word' id='word_1_787' title='bbox 2577 5277 2786 5330; x_wconf 80' lang='grc' dir='ltr'>θέλουσι</span> <span class='ocrx_word' id='word_1_788' title='bbox 2834 5279 2922 5336; x_wconf 75' lang='grc' dir='ltr'>τὰς</span> <span class='ocrx_word' id='word_1_789' title='bbox 2972 5275 3191 5348; x_wconf 75' lang='grc' dir='ltr'>κεφαλὰς</span> <span class='ocrx_word' id='word_1_790' title='bbox 3246 5279 3566 5350; x_wconf 72' lang='grc' dir='ltr'>προῦτεινον.</span> <span class='ocrx_word' id='word_1_791' title='bbox 3623 5275 3680 5326; x_wconf 80' lang='lat' dir='ltr'><strong>Oi</strong></span> <span class='ocrx_word' id='word_1_792' title='bbox 3722 5266 3766 5321; x_wconf 66' lang='grc' dir='ltr'>δὲ</span> <span class='ocrx_word' id='word_1_793' title='bbox 3800 5282 3850 5314; x_wconf 65' lang='grc' dir='ltr'><strong>ιω</strong></span> 
     </span>
    </p>
   </div>
   <div class='ocr_carea' id='block_1_106' title="bbox 573 5353 2164 5440">
    <p class='ocr_par' dir='ltr' id='par_1_106' title="bbox 573 5365 2160 5438">
     <span class='ocr_line' id='line_1_106' title="bbox 573 5365 2160 5438; baseline -0.001 -15"><span class='ocrx_word' id='word_1_794' title='bbox 573 5381 844 5423; x_wconf 86' lang='lat' dir='ltr'><strong>resecare</strong></span> <span class='ocrx_word' id='word_1_795' title='bbox 871 5365 1208 5422; x_wconf 89' lang='lat' dir='ltr'><strong>volentibus</strong></span> <span class='ocrx_word' id='word_1_796' title='bbox 1241 5369 1438 5435; x_wconf 90' lang='lat' dir='ltr'><strong>caput,</strong></span> <span class='ocrx_word' id='word_1_797' title='bbox 1473 5380 1694 5434; x_wconf 86' lang='lat' dir='ltr'><strong>magno</strong></span> <span class='ocrx_word' id='word_1_798' title='bbox 1720 5366 1926 5422; x_wconf 89' lang='lat' dir='ltr'><strong>animo</strong></span> <span class='ocrx_word' id='word_1_799' title='bbox 1945 5367 2160 5438; x_wconf 85' lang='lat' dir='ltr'><strong>jugulu</strong></span> 
     </span>
    </p>
   </div>
   <div class='ocr_carea' id='block_1_107' title="bbox 2258 5353 3849 5440">
    <p class='ocr_par' dir='ltr' id='par_1_107' title="bbox 2335 5353 3849 5440">
     <span class='ocr_line' id='line_1_107' title="bbox 2335 5353 3849 5440; baseline -0.007 -20"><span class='ocrx_word' id='word_1_800' title='bbox 2335 5367 2468 5440; x_wconf 77' lang='grc' dir='ltr'>λιμῷ</span> <span class='ocrx_word' id='word_1_801' title='bbox 2531 5365 2890 5440; x_wconf 79' lang='grc' dir='ltr'>διεφθάρησαν</span> <span class='ocrx_word' id='word_1_802' title='bbox 2919 5382 2932 5394; x_wconf 78' lang='grc'><strong>⁸</strong></span> <span class='ocrx_word' id='word_1_803' title='bbox 3001 5365 3516 5423; x_wconf 77' lang='grc' dir='ltr'>ἀνεσκολοπίσθησαν</span> <span class='ocrx_word' id='word_1_804' title='bbox 3575 5360 3622 5415; x_wconf 82' lang='grc' dir='ltr'>δ’</span> <span class='ocrx_word' id='word_1_805' title='bbox 3653 5364 3798 5433; x_wconf 81' lang='grc' dir='ltr'>ἕτεροι,</span> 
     </span>
    </p>
   </div>
   <div class='ocr_carea' id='block_1_108' title="bbox 573 5437 2164 5534">
    <p class='ocr_par' dir='ltr' id='par_1_108' title="bbox 573 5437 2114 5534">
     <span class='ocr_line' id='line_1_108' title="bbox 573 5437 2114 5534; baseline 0.002 -25"><span class='ocrx_word' id='word_1_806' title='bbox 573 5455 979 5534; x_wconf 56' lang='lat' dir='ltr'><strong>praebuerunt.</strong></span> <span class='ocrx_word' id='word_1_807' title='bbox 1036 5456 1192 5512; x_wconf 86' lang='lat' dir='ltr'><strong>Multi</strong></span> <span class='ocrx_word' id='word_1_808' title='bbox 1241 5455 1398 5511; x_wconf 83' lang='lat' dir='ltr'><strong>fame</strong></span> <span class='ocrx_word' id='word_1_809' title='bbox 1451 5454 1637 5510; x_wconf 91' lang='lat' dir='ltr'><strong>enecti</strong></span> <span class='ocrx_word' id='word_1_810' title='bbox 1694 5461 1850 5520; x_wconf 87' lang='lat' dir='ltr'><strong>sunt,</strong></span> <span class='ocrx_word' id='word_1_811' title='bbox 1917 5437 2114 5528; x_wconf 89' lang='lat' dir='ltr'><strong>plures</strong></span> 
     </span>
    </p>
   </div>
   <div class='ocr_carea' id='block_1_109' title="bbox 2253 5437 3844 5534">
    <p class='ocr_par' dir='ltr' id='par_1_109' title="bbox 2335 5437 3844 5530">
     <span class='ocr_line' id='line_1_109' title="bbox 2335 5437 3844 5530; baseline -0.008 -19"><span class='ocrx_word' id='word_1_812' title='bbox 2335 5461 2424 5530; x_wconf 74' lang='grc' dir='ltr'><strong>μὲν</strong></span> <span class='ocrx_word' id='word_1_813' title='bbox 2493 5460 2606 5510; x_wconf 85' lang='grc' dir='ltr'>ἴσον</span> <span class='ocrx_word' id='word_1_814' title='bbox 2660 5459 2972 5528; x_wconf 76' lang='grc' dir='ltr'>κακούργοις</span> <span class='ocrx_word' id='word_1_815' title='bbox 3049 5453 3386 5525; x_wconf 78' lang='grc' dir='ltr'>λαμϐάνοντες</span> <span class='ocrx_word' id='word_1_816' title='bbox 3447 5456 3676 5519; x_wconf 82' lang='grc' dir='ltr'>θάνατον,</span> <span class='ocrx_word' id='word_1_817' title='bbox 3731 5449 3768 5500; x_wconf 75' lang='grc' dir='ltr'><strong>οἱ</strong></span> <span class='ocrx_word' id='word_1_818' title='bbox 3817 5437 3844 5491; x_wconf 57' lang='grc' dir='ltr'><strong>δε</strong></span> 
     </span>
    </p>
   </div>
   <div class='ocr_carea' id='block_1_110' title="bbox 575 5533 2166 5622">
    <p class='ocr_par' dir='ltr' id='par_1_110' title="bbox 575 5533 2166 5618">
     <span class='ocr_line' id='line_1_110' title="bbox 575 5533 2166 5618; baseline 0.004 -20"><span class='ocrx_word' id='word_1_819' title='bbox 575 5533 815 5600; x_wconf 80' lang='lat' dir='ltr'><strong>crucem</strong></span> <span class='ocrx_word' id='word_1_820' title='bbox 854 5546 968 5603; x_wconf 90' lang='lat' dir='ltr'><strong>acti</strong></span> <span class='ocrx_word' id='word_1_821' title='bbox 1000 5560 1013 5601; x_wconf 94' lang='lat'><strong>:</strong></span> <span class='ocrx_word' id='word_1_822' title='bbox 1060 5549 1118 5602; x_wconf 87' lang='lat' dir='ltr'><strong>et</strong></span> <span class='ocrx_word' id='word_1_823' title='bbox 1147 5543 1245 5601; x_wconf 88' lang='lat' dir='ltr'><strong>alii</strong></span> <span class='ocrx_word' id='word_1_824' title='bbox 1283 5544 1530 5618; x_wconf 89' lang='lat' dir='ltr'><strong>quidem</strong></span> <span class='ocrx_word' id='word_1_825' title='bbox 1570 5544 1784 5602; x_wconf 88' lang='lat' dir='ltr'><strong>eodem</strong></span> <span class='ocrx_word' id='word_1_826' title='bbox 1812 5561 1935 5618; x_wconf 88' lang='lat' dir='ltr'><strong>quo</strong></span> <span class='ocrx_word' id='word_1_827' title='bbox 1967 5546 2166 5605; x_wconf 87' lang='lat' dir='ltr'><strong>maleﬁ</strong></span> 
     </span>
    </p>
   </div>
   <div class='ocr_carea' id='block_1_111' title="bbox 2252 5533 3843 5622">
    <p class='ocr_par' dir='ltr' id='par_1_111' title="bbox 2334 5533 3843 5622">
     <span class='ocr_line' id='line_1_111' title="bbox 2334 5533 3843 5622; baseline -0.011 -18"><span class='ocrx_word' id='word_1_828' title='bbox 2334 5547 2622 5622; x_wconf 80' lang='grc' dir='ltr'>τοῦμπαλιν</span> <span class='ocrx_word' id='word_1_829' title='bbox 2682 5543 2958 5618; x_wconf 79' lang='grc' dir='ltr'>κύμϐαχοι</span> <span class='ocrx_word' id='word_1_830' title='bbox 3006 5543 3448 5619; x_wconf 79' lang='grc' dir='ltr'>προσηλώθέντες,</span> <span class='ocrx_word' id='word_1_831' title='bbox 3503 5547 3562 5597; x_wconf 81' lang='grc' dir='ltr'>τό</span> <span class='ocrx_word' id='word_1_832' title='bbox 3611 5543 3696 5613; x_wconf 74' lang='grc' dir='ltr'><strong>ζῇν</strong></span> <span class='ocrx_word' id='word_1_833' title='bbox 3729 5533 3843 5590; x_wconf 59' lang='grc' dir='ltr'>δεινή</span> 
     </span>
    </p>
   </div>
  </div>
