4028 6294
133 309 253 364 1221

129 439 292 508 ἔφερον
331 447 345 461 ⁶
384 434 547 506 ἄχρις
574 433 634 485 οὗ
665 437 945 505 σχήματος
998 435 1163 493 οὕτως
1189 434 1416 503 ἔχοντες,
1453 432 1605 501 λιμοῦ
1631 449 1711 501 γε·
1741 432 1782 484 Α

129 530 308 596 γόνασι
357 523 730 594 παρανάλωμα.
769 521 837 576 Ἀ
898 519 948 575 δ’
999 522 1048 574 οἰ
1101 525 1234 574 κατὰ
1289 517 1540 579 Θηϐαίδα
1596 516 1715 576 διή-

128 632 304 683 νεγκαν
357 614 633 686 μάρτυρες,
683 608 806 664 ούδε
856 615 990 682 λόγῳ
1020 610 1079 662 ἆν
1109 614 1307 682 γένοιτο
1359 607 1544 684 ῥᾴδιον
1597 607 1716 667 διη-

126 704 348 774 γεῖσθαι.
409 709 630 773 Σῶματα
683 703 782 773 γὰρ
849 701 940 752 ὅλα
1009 700 1289 774 ὀστράκοις
1343 700 1456 751 ἀντὶ
1509 699 1714 771 ὀνύχων

125 791 392 856 ἑξαίνοντο,
443 794 530 851 ἔως
579 791 639 842 οὗ
686 795 934 863 παρέμενε
988 793 1186 850 τούτοις
1235 793 1290 841 τὸ
1341 790 1457 862 ζῇν.
1493 794 1593 842 Καὶ
1622 792 1714 860 γύ-

125 902 239 934 ναια
287 879 346 935 δέ
401 902 516 934 τινα
567 888 838 954 μηχαναῖς
867 901 1005 933 τισιν
1037 881 1108 941 εἰς
1143 880 1272 951 ὕψος
1301 885 1531 953 μετέωρα
1563 881 1715 953 ἀναρ-

123 977 340 1042 τώμενα,
399 969 450 1033 EE
498 969 601 1031 ἐνὸς
659 977 767 1022 τοῖν
821 965 1010 1022 ποδοῖν
1039 972 1173 1021 κατά
1217 969 1439 1040 κεφαλὴν
1487 970 1571 1021 οἶά
1601 989 1716 1020 τινα

125 1062 278 1132 ἱερεῖα
329 1065 796 1132 προσαπηώρητο·
849 1055 988 1130 μηδὲ
1043 1067 1136 1120 τῆς
1191 1058 1268 1110 ἐπ’
1321 1055 1456 1110 αὶδὼ
1518 1063 1714 1120 σκέπης

121 1149 602 1222 μεταλαγχάνοντα,
653 1155 830 1201 πᾶσαν
898 1148 1147 1219 ὡμότητα
1195 1153 1284 1199 καὶ
1344 1145 1713 1220 ἀπανθρωπίας

119 1237 404 1311 ὑπερϐολὴν
456 1244 567 1298 τοῖς
608 1238 772 1312 ὁρῶσι
819 1244 1096 1308 παρεῖχον.
1141 1233 1370 1310 Δένδρων
1413 1232 1472 1288 δε
1497 1233 1712 1297 κλάδοις

118 1328 281 1400 ἕτεροι
325 1324 744 1399 ἰνδεσμούμενοι,
804 1327 1072 1383 ἔθνησκον.
1125 1328 1191 1378 Οἱ
1241 1328 1341 1396 γὰρ
1386 1324 1710 1399 σρερρότεροι

118 1425 219 1469 τῶν
271 1420 526 1490 πρέμνων,
585 1419 745 1488 τέχνῃ
781 1411 849 1472 δή
881 1434 980 1466 τινι
1027 1413 1075 1476 ἐς
1113 1417 1274 1466 ταυτό
1331 1418 1610 1478 συνιόντες,
1646 1418 1711 1467 τὰ

118 1512 220 1557 τῶν
250 1507 522 1579 μαρτύρων
565 1504 718 1561 σκέλη
770 1501 1130 1574 διατεινόμενα
1172 1499 1524 1574 συνεδέσμουν
1554 1520 1565 1532 °
1602 1499 1712 1556 εἶτα

118 1592 395 1666 ἀφιεμένων
473 1597 674 1646 ἐκείνων
742 1592 810 1653 εἰς
887 1597 980 1650 τὴν
1037 1596 1174 1644 κατὰ
1253 1595 1406 1664 φύσιν
1475 1597 1708 1667 πορείαν,

117 1682 306 1756 ἁθρόον
375 1686 441 1736 τὰ
509 1682 635 1755 μέλη
687 1679 996 1745 διεσπῶντο,
1053 1682 1172 1733 καθ’
1227 1682 1292 1732 ὧν
1350 1680 1708 1755 ἐγχειροῦντες

114 1768 254 1831 ἦσαν
301 1776 389 1825 τόν
429 1769 742 1844 σύνδεσμον.
805 1778 984 1823 Ταῦτα
1037 1767 1096 1823 δε
1137 1773 1306 1823 πάντα
1336 1771 1429 1823 οὐκ
1465 1772 1547 1823 ἐπὶ
1581 1768 1706 1844 βρα·
1742 1784 1786 1840 Β

113 1865 220 1933 χύν
269 1861 531 1934 ένηργείτο
585 1863 797 1934 χρόνον,
855 1859 962 1911 ἀλλ’
995 1860 1067 1922 εἷς
1102 1863 1188 1918 ἔτη
1241 1860 1396 1913 πλείω
1440 1857 1711 1932 διαγέγονε

112 1955 173 2003 τὸ
203 1947 365 2004 δεινόν
399 1971 411 1983 ο
435 1953 570 2024 ἄχρι
626 1953 715 2022 μὲν
738 1953 840 2023 γὰρ
881 1945 1101 2009 δεκάδος
1149 1954 1238 2001 καὶ
1267 1954 1381 2023 τρὶς
1435 1946 1583 2013 δέκα,
1621 1955 1710 2002 καὶ

113 2037 201 2102 δὶς
255 2048 510 2106 τοσαῦτα,
568 2045 657 2092 καὶ
721 2039 898 2091 ἑκατόν
959 2038 1137 2091 ἄλλοτε
1202 2035 1389 2110 ἄνδρες
1459 2037 1708 2112 ἀνῄρητο.

111 2135 238 2182 Νέοι
301 2149 356 2181 τε
415 2125 610 2201 κομιδῆ
677 2134 767 2180 καὶ
822 2135 1056 2199 γυναῖκες
1102 2127 1499 2199 ἐνηλλαγμένως
1556 2147 1712 2201 τιμω-

110 2224 251 2292 ρίαις
302 2219 634 2275 καθεκοίστην
691 2215 986 2281 ἐκτείνοντο,
1043 2215 1208 2290 ἀθρόᾳ
1262 2216 1435 2289 πληγῇ
1492 2222 1585 2274 τὴν
1634 2220 1712 2270 ἑκ-

111 2312 280 2381 τομην
335 2308 672 2380 ὑφιστάμενοι,
705 2327 718 2338 ·
775 2310 844 2366 ὡς
895 2311 983 2358 καὶ
1014 2306 1168 2358 αύτόν
1221 2310 1306 2358 τὸν
1367 2303 1589 2380 σίδηρον
1616 2306 1712 2379 ἀμ-

111 2398 394 2451 ϐλύνεσθαι
444 2403 506 2469 τῇ
555 2405 656 2448 τῶν
711 2397 943 2467 αἱμάτων
991 2393 1157 2467 βαφῇ,
1213 2399 1302 2447 καὶ
1350 2396 1713 2449 καταθλᾶσθαι

112 2486 523 2560 ἀπαγορεύοντα,
576 2487 698 2545 τούς
751 2503 810 2555 γε
857 2489 959 2555 μὴν
1021 2487 1312 2545 κτείνοντας
1380 2482 1710 2546 ἐξασθενοῦν-

112 2595 224 2641 τας,
283 2580 522 2644 συνεχῶς
577 2570 898 2644 μεταμείϐειν
962 2570 1230 2633 ἀλλήλους.
1292 2578 1512 2646 Συνορᾴν
1569 2569 1620 2624 δ’
1651 2569 1712 2632 ἦν

112 2669 206 2716 καὶ
233 2663 292 2716 τό
330 2665 596 2736 πρόθυμον
637 2670 727 2722 τῆς
759 2661 830 2723 εἰς
861 2665 1090 2732 Χριστόν
1134 2666 1360 2722 πίστεως
1393 2678 1405 2690 ·
1440 2661 1533 2712 οὐκ
1557 2663 1712 2734 ἔφθα-

114 2773 200 2805 νον
254 2756 352 2824 γὰρ
415 2754 464 2804 οἱ
525 2749 861 2825 προλαϐόντες
937 2755 1030 2808 τὴν
1107 2748 1367 2821 ἀπόφασιν
1435 2749 1709 2822 εἰληφότες,

118 2847 207 2894 καὶ
251 2841 393 2893 ἄλλοι
441 2839 649 2892 ἄλλοθεν
707 2835 1078 2904 εἰσπηδῶντες,
1140 2845 1274 2910 σφᾶς
1331 2838 1544 2900 ἑαυτοὺς
1585 2847 1712 2915 Χρι-

122 2934 360 2992 στιανοὺς
408 2929 725 3002 ὡμολόγουν,
780 2932 881 3003 πρὸ
931 2935 1024 2980 τοῦ
1077 2924 1392 2980 δικαστικοῦ
1445 2927 1712 2999 ἁλλόμενοι

115 3017 374 3094 βήματος,
433 3023 564 3091 μήτε
614 3021 744 3090 πρὸς
772 3021 831 3069 τὸ
887 3020 1072 3089 πικρόν
1132 3025 1230 3069 τῶν
1278 3013 1518 3090 βασάνων
1557 3019 1712 3090 ὁρῶν-

110 3127 197 3170 τες
229 3125 242 3138 ·
269 3106 652 3178 ἀκαταπλήκτῳ
707 3102 765 3158 δι
816 3105 1088 3180 παρρησίᾳ
1134 3107 1260 3179 ὑπερ
1305 3113 1540 3180 Χριστοῦ
1594 3104 1710 3159 δια·
1743 3121 1784 3178 C

107 3197 470 3270 γωνιζόμενοι,
528 3198 622 3247 σύν
655 3191 896 3267 θυμηδίᾲ
945 3194 1105 3268 πολλῇ
1137 3199 1231 3253 τὴν
1262 3196 1495 3252 ὑστάτην
1538 3194 1709 3268 ψῆφον

106 3291 397 3359 προσίοντο
429 3304 443 3318 ο
484 3289 590 3337 καὶ
645 3291 894 3336 τοσοῦτον
937 3287 1002 3344 ὡς
1047 3285 1156 3356 μετ’
1187 3286 1510 3358 εὐχαρίστου
1540 3285 1710 3356 γλώσ-

108 3395 212 3437 σης
242 3377 377 3449 ἄχρι
431 3373 604 3436 τέλους
653 3373 845 3446 ὕμνους
894 3371 1251 3446 έξυφαίνοντας
1282 3375 1548 3447 εὐρύθμως
1585 3373 1711 3426 ἁνα-

104 3470 332 3537 πέμπειν
359 3469 465 3534 Θεῷ
480 3507 493 3520 .

1175 301 1740 361 ΕΟΟΙΕΞΙΑΞΤΙΟΑΞ
1782 300 2135 361 ΗΙΞΤΟΒΙΕ
2175 305 2306 360 LIB.
2350 302 2466 361 VII.

3330 309 3354 363 1
3363 309 3468 365 222

1824 431 2027 499 modo,
2059 431 2353 504 supplicio
2406 430 2602 486 aﬂ'ecti
2633 431 2766 487 :alii
2795 437 2995 489 autem
3033 433 3275 498 inversi,
3304 435 3467 506 pedi-

1821 519 1937 574 bus
1967 509 2238 576 videlicet
2268 523 2327 575 in
2359 519 2612 575 sublime
2635 521 2908 586 sublatis,
2929 523 3111 578 vitam
3139 523 3246 578 diu
3276 525 3469 594 gravi-

1822 611 2027 680 terque
2061 614 2382 672 traxerunt,
2428 610 2620 664 donec
2650 609 2709 664 in
2752 625 2925 665 cruce
2977 611 3110 682 ipsa
3161 611 3242 667 ita
3272 612 3467 668 sufﬁxi

1824 697 1980 753 fame
2011 698 2334 768 perierunt.
2369 701 2473 752 Per
2501 698 2863 754 Thebaidem
2908 716 3084 771 porro
3111 717 3245 771 quae
3276 701 3464 757 sancti

1826 794 2117 857 martyres
2143 787 2508 858 pertulerint,
2545 789 2811 843 oratione
2843 790 3118 862 persequi
3153 789 3320 845 facile
3347 807 3468 846 non

1824 882 1912 929 est
1951 878 2212 946 Corpora
2254 879 2413 930 enim
2459 890 2667 931 eorum
2720 877 2881 932 testis
2925 877 3284 947 ungularum
3344 879 3469 935 vice

1826 966 2112 1034 tantisper
2127 965 2269 1018 dum
2293 965 2411 1019 vita
2436 963 2546 1019 illis
2567 972 2927 1035 superesset,
2949 972 3199 1023 tortores
3220 967 3468 1024 dilania-

1823 1051 1988 1107 bant.
2025 1055 2086 1106 Et
2118 1052 2409 1107 machinis
2434 1053 2803 1124 quibusdam
2832 1054 3210 1112 mulierculas
3233 1056 3293 1112 in
3325 1057 3470 1112 sub-

1821 1140 1960 1196 lime
1977 1141 2127 1212 pede
2148 1156 2288 1207 uno,
2308 1143 2498 1211 capite
2519 1141 2912 1213 dependente,
2941 1150 3175 1210 tractas,
3201 1146 3468 1202 victima-

1821 1247 1954 1286 rum
1996 1246 2160 1286 more
2192 1230 2658 1301 suspendebant,
2696 1247 2888 1302 neque
2932 1249 3002 1288 ea
3047 1250 3182 1306 quia
3232 1237 3469 1290 nativus

1821 1321 2017 1392 pudor
2036 1319 2269 1375 occulta
2294 1335 2422 1375 esse
2456 1318 2641 1375 voluit
2669 1327 3068 1393 contegentes,
3097 1329 3151 1379 et
3182 1324 3468 1380 omnibus

1821 1425 2075 1464 summae
2128 1408 2580 1464 inhumanitatis
2639 1413 2695 1465 et
2735 1411 3096 1466 crudelitatis
3131 1415 3466 1483 praebentes

1821 1497 2184 1570 spectacula.
2214 1497 2464 1564 Quidam
2497 1498 2781 1553 arborum
2813 1500 2994 1554 ramis
3021 1501 3262 1571 alligati,
3291 1503 3467 1560 mise-

1821 1587 2084 1643 rabiliter
2106 1587 2708 1642 excarniﬁcabantur.
2729 1589 2896 1644 Rami
2917 1591 3074 1645 enim
3097 1592 3466 1648 robustiores

1823 1677 1876 1732 vi
1907 1682 2107 1732 etarte
2136 1676 2402 1748 quadam
2443 1677 2750 1745 contracti,
2793 1684 3124 1750 martyrum
3156 1696 3329 1737 crura
3375 1681 3470 1736 di-

1819 1767 1999 1821 ducta
2052 1765 2301 1820 vinculis
2341 1765 2778 1836 distringebant
2818 1783 2831 1821 :
2886 1783 2956 1823 ac
2994 1768 3211 1825 deinde
3256 1769 3368 1826 illis
3407 1772 3468 1826 in

1818 1854 2154 1911 naturalem
2196 1860 2416 1910 statum
2464 1872 2642 1912 suum
2673 1857 2864 1911 redire
2895 1859 3219 1928 permissis,
3271 1860 3468 1918 subito

1819 1944 2115 2012 membra,
2150 1949 2214 1998 ut
2243 1945 2458 2016 cuique
2489 1951 2658 2000 erant
2687 1945 2947 2015 alligata,
3000 1948 3320 2004 saevissime
3352 1950 3470 2005 dis-

1820 2034 2164 2105 cerpebant.
2223 2034 2409 2104 Atque
2461 2035 2588 2089 haec
2619 2035 2822 2091 omnia
2851 2052 2971 2091 non
3004 2037 3168 2092 brevi
3203 2043 3468 2111 tempore

1822 2130 1963 2179 sunt
1991 2129 2242 2194 patrata,
2267 2125 2370 2177 sed
2394 2125 2566 2177 annis
2598 2123 2870 2194 pluribus
2897 2125 3122 2180 malum
3148 2127 3261 2182 hoc
3291 2129 3469 2184 dura-

1820 2214 1920 2267 vit.
1953 2212 2038 2266 Ad
2071 2211 2279 2266 decem
2315 2227 2596 2283 namque,
2631 2220 2685 2267 et
2717 2213 2973 2282 triginta,
2997 2220 3054 2269 et
3084 2214 3170 2269 bis
3200 2217 3464 2281 totidem,

1821 2309 1999 2374 atque
2040 2301 2218 2356 etiam
2251 2301 2618 2372 quandoque
2662 2303 2739 2356 ad
2781 2308 3012 2358 centum
3044 2305 3312 2375 quotidie
3358 2307 3467 2362 viri

1816 2393 2187 2462 juvenesque
2217 2389 2550 2446 admodum
2573 2396 2629 2444 et
2651 2391 2925 2447 mulieres
2947 2394 3257 2464 suppliciis
3290 2397 3467 2451 variis

1821 2479 2266 2546 occidebantur,
2297 2478 2610 2534 confertim
2641 2479 2815 2535 veluti
2851 2497 2970 2536 una
3001 2482 3180 2553 plaga
3211 2483 3468 2539 interne-

1822 2571 2054 2625 cionem
2086 2568 2442 2623 sustinentes
2469 2584 2480 2622 :
2516 2568 2596 2624 ita
2627 2575 2689 2624 ut
2712 2569 2846 2624 ferri
2877 2587 3123 2643 quoque
3145 2573 3303 2628 acies
3331 2588 3468 2628 con-

1823 2660 1986 2714 tinua
2012 2657 2320 2726 sanguinis
2344 2656 2599 2713 tinctura
2619 2657 2886 2714 hebetior
2908 2659 3090 2725 ﬁeret,
3116 2667 3171 2716 et
3197 2661 3469 2717 scindere

1823 2746 2082 2818 amplius
2098 2761 2214 2802 non
2233 2745 2454 2802 valeret
2477 2762 2490 2802 :
2515 2746 2944 2820 carniﬁcesque
2966 2748 3292 2819 defatigati,
3312 2751 3472 2805 inﬁr-

1821 2837 2159 2907 mioresque
2181 2834 2337 2901 facti,
2359 2851 2728 2892 successores
2743 2836 2892 2892 alios
2907 2838 3261 2909 acciperent.
3288 2838 3468 2912 450

1819 2926 2306 2981 Animadvertere
2336 2939 2476 2980 vero
2497 2931 2620 2981 erat
2649 2927 2708 2981 in
2735 2925 3082 2982 hominibus
3113 2930 3330 2984 nostris
3351 2929 3469 2985 ala-

1820 3015 2106 3080 critatem,
2123 3021 2176 3069 et
2189 3014 2326 3069 ﬁdei
2340 3016 2397 3069 in
2414 3014 2705 3070 Christum
2721 3015 2996 3072 ardorem
3014 3016 3278 3072 vividum
3301 3034 3313 3071 :
3330 3033 3468 3073 cum

1820 3104 1978 3160 enim
2009 3103 2099 3160 vix
2129 3109 2334 3160 contra
2366 3104 2590 3175 priores
2625 3107 2917 3161 sententia
2950 3106 3470 3162 condemnationis

1819 3193 2081 3264 ajudice
2136 3192 2367 3264 prolata
2418 3197 2590 3258 esset,
2650 3192 2747 3248 alii
2800 3193 3040 3250 aliunde
3079 3195 3469 3260 conﬂuentes,

1821 3282 2181 3337 Christianos
2230 3298 2291 3336 se
2339 3296 2467 3336 esse
2522 3280 2980 3349 conﬁtebantur,
3026 3299 3135 3354 pro
3188 3283 3468 3340 tribunali

1819 3372 1950 3445 ipso
1979 3370 2362 3436 exsultantes,
2397 3385 2591 3442 neque
2622 3376 3054 3428 tormentorum
3087 3374 3470 3429 acerbitatem

1820 3461 2204 3532 respicientes
2247 3477 2260 3515 :
2301 3460 2402 3514 sed
2464 3460 2728 3515 interrita
2770 3476 3012 3530 prorsus
3057 3462 3329 3518 libertate
3360 3478 3470 3534 pro

105 3553 344 3612 Christo
369 3554 759 3620 decertantes,
791 3567 929 3606 cum
965 3550 1183 3620 megda
1214 3551 1554 3608 animorum
1596 3551 1796 3608 laetitia
1846 3549 2235 3606 libentissime
2266 3564 2613 3620 supremam
2645 3550 3015 3621 excipiebant
3064 3553 3418 3607 sententiam
3452 3567 3466 3608 :

101 3658 305 3715 usque
325 3643 494 3711 adeo,
527 3646 588 3698 ut
613 3657 751 3698 cum
778 3640 1104 3712 gratiarum
1138 3640 1369 3698 actione
1421 3639 1500 3698 ad
1531 3640 1713 3697 tinem
1744 3655 1937 3712 usque
1991 3653 2286 3711 perquam
2341 3637 2618 3694 decenter
2673 3638 2934 3709 hymnos
2977 3639 3297 3713 laudesque
3348 3641 3467 3700 Deo

105 3738 416 3792 canerent.

730 3831 971 3880 ΚΕΦΑΛ.
1015 3825 1097 3880 Θ’.

111 3940 424 4010 Περὶᾼτῶν
455 3942 807 4007 περιφανῶν
837 3933 1598 4010 μαρτύρῌωνέιιιλορώμου
1623 3937 1714 3986 καὶ

191 4003 752 4062 Φιλαίουοκαὶτῶν
782 4003 1426 4077 κατ”Ἂλεξάνδρειαν
1457 4003 1575 4058 ύπὸ
1604 4014 1712 4058 τῶν

192 4077 526 4133 δυσσεϐῶν
564 4082 1014 4150 γεγενημένων
1052 4081 1215 4130 κατὰ
1255 4085 1683 4151 Χριστιανῶν.

195 4193 294 4240 Καὶ
349 4187 536 4246 πάντες
589 4187 678 4256 μεν
731 4180 818 4236 οὖν
869 4187 1133 4256 θαύματος
1185 4184 1324 4247 ἄξιοι
1371 4187 1418 4236 οἱ
1446 4193 1542 4247 τῆς
1574 4185 1714 4236 εύσε-

111 4275 262 4337 θείας
304 4276 607 4348 ὑπέρμαχοι
634 4293 647 4306 ·
679 4273 849 4344 πολλῷ
889 4270 939 4324 δ’
995 4275 1374 4347 ὑπερφέροντες,
1432 4273 1480 4326 οἱ
1510 4274 1713 4345 πλούτῳ

109 4369 205 4419 καὶ
251 4368 406 4437 γένει,
459 4361 586 4436 δόξῃ
619 4382 673 4415 τε
719 4368 810 4416 καὶ
840 4362 976 4434 λόγῳ
1024 4367 1208 4434 σοφίας
1236 4382 1296 4416 το
1327 4365 1597 4436 περιφανὲς
1629 4381 1717 4415 κε-

111 4459 382 4527 κτημένοι,
457 4450 567 4506 εἶτα
650 4461 722 4524 τῷ
777 4457 895 4525 περί
979 4459 1214 4524 Χριστοῦ
1292 4455 1435 4524 πόθῳ
1498 4450 1715 4525 δεύτερα

114 4547 308 4598 ἔθεντο.
343 4543 468 4605 Οἷος
513 4545 699 4602 ἐκεῖνος
744 4541 1041 4614 Φιλόρωμος
1084 4546 1178 4600 τὴν
1213 4547 1420 4615 πρώτην
1469 4541 1522 4593 έκ
1554 4540 1716 4614 βασι-

113 4634 247 4695 λέως
298 4635 748 4704 ὶγκεχειρισμένος
799 4629 946 4693 ἀξίαν
977 4633 1113 4683 κατὰ
1139 4634 1230 4688 την
1278 4627 1670 4704 Ἀλεξάνδρειαν
1697 4649 1711 4664 ·

115 4723 177 4784 ὃς
207 4725 337 4794 μετὰ
365 4728 459 4783 τῆς
488 4719 540 4772 ἐκ
582 4719 844 4792 Ῥωμαίων
895 4727 1051 4791 τιμῆς
1101 4715 1425 4795 δορυφόρους
1475 4739 1530 4772 τε
1560 4739 1718 4794 στρα-

113 4817 314 4872 τιώτας
365 4812 521 4882 ἔχων,
556 4807 626 4881 59’
682 4808 908 4870 ἑκάστης
954 4811 1152 4880 ἡμέρας
1206 4805 1538 4883 δικαστηρίῳ
1582 4828 1715 4882 παρ-

117 4906 326 4955 ίστατο.
374 4903 508 4974 Πρός
539 4895 598 4950 δε
649 4903 738 4950 καὶ
791 4898 1002 4960 Φιλαίας
1052 4898 1218 4970 ἔτερος
1280 4905 1374 4960 τῆς
1441 4906 1717 4970 Θμουιῑτῶν

115 4990 400 5052 ἒκκλησίας
453 4987 740 5049 ἐπίσκοπος
771 5005 782 5018 ·
818 4987 872 5049 ὃς
920 4986 968 5038 ἐν
1019 4988 1368 5061 λειτουργίαις
1415 4993 1531 5050 ταῖς
1584 4990 1720 5039 κατὰ

113 5085 216 5138 τὴν
265 5079 524 5132 πολιτείαν
592 5076 907 5139 ἀνηκούσαις
982 5077 1214 5149 μάλιστα
1287 5074 1610 5149 διαπρέπων,
1669 5076 1718 5129 ἒν

116 5170 421 5243 φιλοσόφοις
469 5168 644 5239 λόγοις
712 5166 901 5240 μᾶλλον
962 5165 1074 5238 εἶχε
1145 5170 1202 5220 τό
1250 5168 1460 5239 κράτος.
1517 5165 1717 5219 Πολλῶν

115 5264 294 5312 τοίνυν
324 5267 422 5311 τῶν
473 5276 527 5310 τε
582 5259 707 5331 πρὸς
763 5260 906 5327 γένος
961 5256 1118 5328 φίλων
1167 5272 1222 5308 τε
1268 5255 1430 5317 ἄλλως
1472 5260 1562 5308 καὶ
1595 5275 1720 5308 συν-

117 5350 262 5408 ήθων
288 5353 376 5400 καὶ
405 5355 504 5400 τῶν
554 5345 631 5398 ίπ⁹
674 5345 841 5408 ἀξίαις
899 5349 1054 5396 ὄντων
1105 5344 1267 5415 αύτῷ,
1299 5346 1375 5397 ἔτι
1428 5341 1487 5398 δε
1518 5349 1607 5398 καὶ
1630 5344 1719 5396 αύ-

1743 4510 1789 4566 D

119 5445 216 5490 τοῦ
262 5444 355 5490 τοῦ
408 5433 666 5489 δικαστοῦ
712 5439 805 5488 σὺν
847 5437 1020 5508 ἱκεσίᾳ
1049 5431 1320 5507 δεομένων,
1383 5431 1544 5507 φειδώ
1604 5454 1719 5488 τινα

120 5527 311 5580 ἑαυτοῦ
362 5531 452 5579 καὶ
494 5521 700 5578 παίδων
755 5529 844 5578 καὶ
893 5528 1146 5597 γυναικός
1175 5521 1347 5577 οἶκτον
1399 5530 1570 5596 σχεῖν,
1599 5519 1714 5576 οὐδ’

119 5614 250 5677 ὅλως
305 5617 364 5668 τὸ
418 5613 667 5686 φιλόζωον
698 5613 877 5681 είλετο,
928 5617 1020 5666 καὶ
1060 5615 1120 5666 τὸ
1175 5615 1312 5666 κατὰ
1348 5615 1581 5688 Χριστὸν
1611 5610 1718 5676 ἕξο-

2473 3826 2696 3881 CAPUT
2733 3825 2829 3880 IX.

1824 3934 1907 3989 De
1933 3932 2275 4006 Philaromo
2305 3936 2359 3988 et
2389 3932 2635 4006 Philae,
2658 3932 3000 4006 illustribus
3053 3935 3426 4006 martyribus
3448 3952 3469 3993 :

1893 4009 1947 4060 et
1990 4019 2123 4086 qum
2175 4003 2566 4086 Alesqndriar
2610 4003 2782 4074 impii
2828 4010 3038 4061 contra
3097 4003 3468 4066 Christianos

1887 4081 2170 4147 perpeira
2179 4081 2390 4133 verint.

1895 4184 1962 4236 Et
1985 4197 2197 4237 omnes
2225 4180 2470 4252 quidem
2517 4179 2718 4236 eximii
2773 4195 2922 4236 verae
2978 4181 3213 4253 pietatis
3250 4199 3471 4258 propu-

1823 4277 2101 4342 gnatores
2157 4271 2324 4340 digni
2365 4274 2503 4325 sunt
2552 4269 2995 4326 admiratione:
3055 4271 3241 4327 multo
3271 4278 3470 4330 tamen

1824 4359 2286 4426 excellentiores,
2339 4359 2443 4430 qui
2482 4358 2718 4424 divitiis,
2773 4373 3007 4429 genere,
3057 4360 3247 4429 gloria
3286 4367 3342 4417 et
3380 4378 3473 4418 sa-

1823 4451 2052 4523 pientia:
2091 4449 2323 4514 studiis,
2366 4447 2716 4520 praeclaram
2739 4448 3040 4504 consecuti
3067 4449 3313 4517 famam,
3347 4467 3473 4507 om-

1823 4540 1924 4596 nia
1953 4556 2022 4595 ea
2053 4538 2262 4595 Christi
2282 4537 2582 4592 desiderio
2605 4536 3025 4609 posthabuere.
3051 4539 3256 4604 Qualis
3281 4539 3474 4596 Philo-

1824 4645 2028 4684 romus
2097 4627 2190 4683 ille
2259 4627 2383 4693 fuit,
2457 4626 2558 4698 qui
2622 4626 2972 4698 primariam
3038 4627 3472 4699 dignitatemab

1824 4711 2181 4789 imperatore
2211 4715 2377 4788 apud
2428 4714 2858 4771 Alexandrinos
2911 4721 3288 4784 consecutus,
3333 4734 3471 4773 cum

1825 4806 2141 4878 splendido
2190 4805 2445 4861 militum
2505 4803 2798 4870 satellitio,
2853 4819 2961 4876 pro
3009 4805 3295 4874 dignitate
3339 4823 3470 4877 sua,

1826 4895 2096 4950 Romano
2123 4910 2308 4959 more,
2340 4893 2607 4964 quotidie
2637 4892 2937 4957 tribunali,
2966 4909 3214 4950 causam
3244 4894 3469 4962 dicens,

1826 4985 2081 5042 astabat.
2116 4987 2180 5039 Et
2211 4983 2481 5050 Philaaas,
2512 4981 2922 5038 Thmuitarum
2954 4981 3221 5039 ecclesias
3247 4985 3475 5056 episco-

1826 5091 1963 5149 pus,
1991 5077 2258 5147 quicum
2285 5072 2634 5127 muneribus
2667 5071 2938 5129 civilibus
2979 5073 3083 5128 rite
3115 5079 3170 5129 et
3195 5073 3473 5132 decenter

1827 5164 2122 5220 obeundis
2151 5163 2344 5220 clarus
2387 5161 2516 5228 fuit,
2577 5167 2700 5216 tum
2734 5161 2994 5216 maxime
3046 5161 3473 5235 philosophicis

1829 5253 2056 5309 artibus
2083 5250 2374 5308 excelluit.
2408 5253 2555 5308 Cum
2595 5249 2775 5320 igitur
2812 5250 3157 5323 propinqui,
3188 5252 3382 5323 amici,
3416 5257 3474 5310 et

1827 5343 2168 5407 familiares,
2232 5346 2288 5396 et
2358 5340 2454 5396 alii
2500 5355 2753 5409 magnas
2809 5346 3076 5409 gerentes
3131 5340 3469 5409 dignitates,

1825 5431 1956 5504 ipse
1983 5445 2225 5503 quoque
2244 5428 2453 5499 judex,
2479 5443 2582 5483 eos
2606 5428 3062 5494 obtestarentur,
3098 5435 3161 5484 ut
3185 5429 3296 5487 sibi
3323 5430 3472 5502 ipsis

1827 5523 2158 5593 parcerent,
2202 5518 2652 5590 conjugumque
2703 5521 2759 5573 et
2796 5516 3120 5574 liberorum
3154 5533 3260 5591 per
3301 5519 3474 5576 mise-

1823 5609 2147 5668 ricordiam
2175 5608 2472 5666 rationem
2495 5605 2804 5675 haberent,
2835 5607 3002 5666 nullo
3039 5608 3226 5666 modo
3251 5608 3476 5670 adduci
