4028 6294
617 245 758 300 1223

1953 246 1998 300 Ν
2006 249 2022 302 Ι
2030 244 2342 302 CEPHORI
2383 243 2704 300 CALLISTI
3741 255 3826 310 im

615 377 886 444 potuere,
915 375 978 427 ut
1005 373 1142 428 vita
1173 387 1299 426 sua;
1337 372 1731 439 consulerent,
1765 376 1822 428 et
1849 372 2075 428 cultum
2108 372 2260 428 Chri-

2379 373 2650 442 μόσασθαι
2701 369 2875 432 σέϐας.
2929 369 3061 424 Ἀλλ’
3105 371 3260 442 ἄμφω
3308 371 3468 438 οὗτοι,
3508 370 3833 446 φιλοσόφῳ,

617 463 693 517 sti
725 463 1089 532 abjurarent.
1118 463 1323 534 itaque
1345 462 1448 528 illi,
1481 463 1664 518 ambo
1696 465 1996 519 constanti
2031 465 2266 535 sapien-

615 552 729 617 tiie,
759 567 863 606 seu
895 553 1092 623 potius
1124 553 1218 607 Dei
1251 553 1508 607 amantis
1527 555 1745 608 animae
1777 553 1992 608 robore
2018 552 2268 623 injurias

617 646 1034 712 tormentaque
1065 657 1100 696 a
1125 641 1330 711 judice
1356 643 1439 696 eis
1465 641 1648 706 illata,
1682 649 1738 697 et
1765 649 2066 712 postremo
2096 658 2269 710 gene-

613 745 747 785 rose
801 730 1132 785 admodum
1161 736 1217 784 et
1262 729 1488 785 fortiter
1529 733 1709 785 etiam
1750 731 2000 802 capitale
2043 730 2262 801 suppli-

615 820 775 875 cium
802 820 1155 874 sustinuere.
1195 819 1694 892 Quandoquidem
1739 826 1939 875 autem
1989 820 2266 875 Philaeam

615 907 797 980 paulo
829 913 964 963 ante
1008 909 1272 964 diximus
1313 908 1665 980 eloquentiae
1705 910 1762 964 vi
1791 909 1969 978 longe
1993 909 2141 964 alios
2165 925 2267 964 an-

613 997 963 1058 tecelluisse.
993 997 1246 1068 ipsemet
1295 998 1560 1069 prodeat,
1591 999 1889 1070 simulque
1918 1003 1975 1053 et
2017 998 2268 1054 Alexan-

613 1085 788 1142 drina
834 1086 1122 1157 martyria
1176 1093 1454 1158 exponat,
1490 1095 1546 1143 et
1590 1087 1718 1159 ipse
1758 1087 1869 1142 sibi
1915 1088 2110 1143 verbis
2143 1089 2267 1142 suis

611 1183 839 1231 certum
873 1176 1136 1246 praebeat
1165 1177 1570 1232 testimonium
1601 1196 1613 1232 :
1645 1193 1781 1249 quae
1812 1177 1995 1232 verba
2038 1179 2164 1248 ipse
2194 1193 2267 1232 ex

610 1263 864 1320 vinculis
913 1263 1079 1336 prius
1129 1265 1207 1320 ad
1238 1264 1500 1320 ecclesiae
1548 1283 1671 1322 suae
1724 1265 1959 1336 plebem
2010 1265 2260 1338 scripsit,

613 1370 800 1425 quam
825 1359 1088 1408 extrema
1113 1354 1171 1408 in
1195 1369 1330 1408 eum
1353 1361 1438 1409 est
1461 1361 1515 1409 ct
1532 1356 1798 1425 capitalis
1816 1356 1935 1411 lata
1952 1357 2261 1411 sententia.

617 1441 734 1515 45
749 1445 791 1512 ι
815 1445 960 1497 Cum
991 1443 1080 1498 eni
1092 1459 1146 1497 m
1166 1443 1390 1513 prolixe
1407 1451 1696 1515 martyres
1710 1444 1783 1499 de
1797 1445 2034 1516 egregia
2054 1461 2262 1500 eorum

615 1531 679 1588 in
728 1537 910 1586 Deum
969 1532 1348 1587 aamulatione
1392 1539 1448 1587 et
1496 1533 1708 1589 Christi
1765 1535 2090 1589 imitatione
2136 1535 2261 1590 lau-

612 1623 834 1687 dasset,
884 1620 1014 1676 hiec
1065 1622 1348 1693 deinceps
1396 1621 1613 1678 infert:
1659 1627 1857 1694 Itaque
1905 1623 2261 1679 aamulantes

2378 460 2461 512 λον
2493 457 2552 512 δὲ
2600 459 2814 531 φιλοθέῳ
2843 459 3026 530 ψυχῆς
3055 465 3427 534 παραστήματι
3471 464 3578 532 πρὸς
3617 466 3690 522 τὰς
3719 463 3833 536 ἐπι-ρ-

2377 553 2529 622 μένας
2579 549 2636 600 ἐκ
2669 546 2928 601 δικαστοῦ
2979 549 3152 622 ὕϐρεις
3201 552 3430 616 στάντες,
3462 548 3538 602 ἐπὶ
3562 550 3665 603 τέλει
3699 559 3762 604 καὶ
3783 562 3831 610 τί)

2379 636 2472 690 διὰ
2501 639 2675 710 ξίφους
2703 643 2942 709 γενναίως
2999 643 3218 710 ἤνεγκαν
3271 638 3523 696 τελευτήν.
3570 645 3682 692 Ἐπεὶ
3722 638 3831 694 diu:

2374 727 2537 799 λόγων
2576 734 2851 800 περιουσίᾳ
2887 737 2984 779 τῶν
3034 728 3230 780 πολλῶν
3279 733 3515 800 προέχειν
3558 734 3628 781 τόν
3660 731 3832 782 Φιλαίοέ

2375 817 2526 888 λόγος
2574 815 2832 889 ἀνέγραψε
2882 822 3148 890 πρότερον,
3205 818 3355 877 αύτός
3410 821 3756 891 παρίτωοόμοῦ
3787 841 3832 888 ρει

2375 911 2464 958 καὶ
2522 910 2587 958 τὰ
2642 907 2757 957 κατ’
2815 904 3206 980 Ἀλεξάνδρειαν
3263 911 3504 979 γενόμενα
3548 906 3839 981 μαρτύριαδιι-

2373 997 2587 1066 γείσθω,
2620 995 2729 1067 ἅμα
2785 991 2844 1047 δὲ
2882 1001 2971 1048 και
3027 996 3104 1048 ἐπ’
3157 995 3361 1070 ἀκριϐὲς
3413 999 3595 1070 μάρτυς
3641 996 3840 1049 ἐαντοὺδιι

2375 1093 2473 1136 τῶν
2531 1084 2726 1136 οἰκείων
2774 1083 2937 1154 λόγων
2993 1087 3236 1156 γινέσθω,
3269 1085 3353 1146 ούς
3402 1089 3600 1160 ἐγραφεν
3639 1084 3841 1158 ἔτιδίῇκν·

2374 1194 2465 1235 της
2511 1176 2597 1240 ὢν,
2631 1179 2750 1247 πρὶν
2802 1176 2830 1233 ἦ
2889 1175 3183 1228 τελευταίαν
3238 1174 3496 1248 ἀπόφασιν
3527 1172 3751 1238 δέξασθαι,
3783 1186 3836 1236 tsi;

2374 1266 2459 1316 ὑπ’
2491 1264 2632 1334 αύτῷ
2686 1264 2891 1316 τελοῦσι
2937 1265 3099 1326 λαοῖς.
3159 1265 3461 1325 Ἐπαινέσας
3517 1268 3606 1338 γὰρ
3655 1265 3835 1336 uim-im;

2373 1358 2493 1416 τοὺς
2523 1357 2792 1426 μάρτυρας
2844 1363 2916 1424 τῷ
2946 1359 3072 1426 πρὸς
3127 1360 3254 1408 Θεὸν
3282 1355 3423 1426 ζήλῳ
3452 1360 3539 1406 καὶ
3575 1357 3644 1416 οἷς
3668 1359 3830 1425 inseris

2373 1441 2516 1515 εἶχον
2563 1448 2811 1515 Χριστόν,
2847 1443 3025 1514 ἐπάγει
3082 1449 3170 1496 καὶ
3200 1451 3365 1496 ταῦτα
3391 1462 3403 1476 ”
3440 1448 3523 1496 Διὸ
3563 1451 3643 1495 καὶ
3670 1444 3826 1504 ζηλωτο-

2372 1552 2454 1594 τες
2475 1535 2538 1584 τὰ
2567 1536 2779 1604 μείζονα
2821 1538 3136 1605 χαρίσματα
3183 1537 3231 1585 οἱ
3283 1535 3622 1607 Χριστοφόροι
3666 1537 3826 1605 pulcras;

2372 1623 2542 1673 πάντα
2588 1624 2677 1693 μὲν
2729 1627 2879 1673 πόνον
2939 1627 3028 1673 xui
3094 1628 3341 1683 παντοίας
3405 1625 3622 1682 ἐπινοίας
3667 1625 3831 1692 uixisse.

611 1713 845 1782 majora
915 1710 1019 1766 illa
1079 1710 1240 1766 dona
1287 1711 1602 1766 Christiani
1660 1720 1972 1784 martyres,
2026 1713 2260 1769 labores

2373 1710 2466 1762 ούκ
2520 1709 2762 1775 εἰσάπαξ,
2815 1709 2921 1761 ἀλλ’
2953 1707 3060 1768 ἤδη
3093 1715 3182 1763 καὶ
3235 1708 3321 1771 δίς
3358 1730 3488 1772 τινες
3516 1713 3837 1782 ύπέμειναν·ει-

611 1816 823 1858 omnes
845 1806 899 1855 et
929 1798 1283 1868 omnigenas
1309 1816 1629 1871 poenarum
1657 1801 1884 1872 species
1912 1817 2032 1858 non
2055 1803 2260 1869 semel,

613 1889 719 1946 sed
759 1889 948 1960 aliqui
975 1889 1156 1944 etiam
1208 1888 1298 1944 bis
1333 1889 1718 1960 pertulerunt.
1769 1893 1834 1946 Et
1862 1907 2040 1946 omne
2074 1907 2263 1962 genus

612 1979 932 2043 minarum,
980 1993 1117 2032 cum
1165 1977 1413 2049 quidem
1473 1980 1757 2035 militares
1800 1980 2078 2036 satellites
2124 1997 2260 2036 cum

610 2067 724 2123 illis
779 2066 1099 2122 ambitiosa
1145 2065 1448 2122 ferocitate
1498 2069 1945 2134 contendentes,
1999 2086 2102 2124 eas
2142 2085 2262 2126 non

611 2157 812 2213 verbis
873 2155 1074 2220 modo,
1136 2155 1237 2210 sed
1293 2157 1474 2212 etiam
1527 2156 1698 2212 factis
1751 2159 2128 2223 intentarent,
2187 2159 2263 2214 de

613 2252 903 2318 concepta
955 2261 1059 2301 eos
1112 2249 1409 2302 sententia
1473 2249 1717 2303 minime
1769 2250 2070 2315 deterruit,
2125 2265 2264 2320 pro-

611 2342 817 2409 pterea
856 2336 1020 2408 quod
1069 2334 1330 2391 charitas
1380 2336 1640 2408 perfecta
1671 2337 1942 2393 timorem
1993 2339 2252 2408 ejiceret.

611 2427 876 2492 Quorum
913 2425 1208 2490 virtutem,
1241 2433 1297 2480 et
1329 2424 1390 2480 in
1422 2425 1784 2482 cruciatibus
1814 2428 2098 2482 omnibus
2125 2443 2263 2483 con-

615 2517 918 2581 stantiam,
967 2531 1248 2587 quasnam
1281 2514 1477 2571 valeat
1522 2531 1996 2571 commemorare
2027 2518 2257 2573 oratio:

609 2604 917 2677 Siquidem
957 2604 1239 2660 omnibus
1287 2606 1390 2676 qui
1447 2620 1550 2660 eos
1601 2605 1884 2660 conviciis
1913 2606 2262 2678 injuriisque

612 2693 853 2750 afﬁcere
886 2692 1118 2760 vellent,
1153 2700 1443 2765 potestate
1483 2694 1794 2765 permissa,
1825 2696 2070 2766 quidam
2100 2695 2262 2752 fusti-

608 2783 722 2839 bus
751 2783 1240 2848 verberabantur,
1275 2782 1459 2854 aliqui
1517 2783 1718 2852 virgis,
1751 2783 2022 2839 nonnulli
2061 2783 2262 2853 ﬂagel-

607 2871 702 2939 lis,
731 2872 828 2927 alii
861 2871 1020 2940 loris,
1043 2872 1142 2926 alii
1171 2887 1409 2926 rursum
1436 2870 1700 2926 funibus.
1736 2874 1800 2927 Et
1830 2879 2260 2929 tormentorum

609 2962 842 3018 varium
869 2960 1281 3034 spectaculum
1304 2961 1630 3032 plurimum
1655 2961 1878 3017 laboris
1897 2967 1954 3017 et
1975 2978 2259 3018 aerumnas

2375 1819 2466 1860 σας
2512 1795 2571 1851 δὲ
2615 1798 2849 1862 ἀπειλὰς,
2897 1799 2955 1851 ού
2987 1799 3178 1872 λόγοις,
3213 1799 3342 1852 ἀλλὰ
3384 1807 3476 1852 καὶ
3530 1803 3680 1874 ἔργοις
3719 1797 3840 1850 rvina",

2370 1893 2605 1962 ρυφόρων
2656 1889 2770 1939 κατ’
2829 1888 2995 1940 αὐτῶν
3058 1889 3512 1962 φιλοτιμουμένων,
3561 1890 3644 1942 οὐκ
3701 1885 3844 1940 initia-4

2371 1983 2464 2038 τὴν
2493 1984 2724 2050 γνώμην,
2777 1975 2870 2030 διὰ
2899 1983 2956 2030 τὸ
3013 1984 3106 2037 τὴν
3163 1980 3350 2032 τελείαν
3395 1981 3600 2050 ἀγάπην
3627 1979 3704 2042 ἔξω
3728 1977 3847 2048 sum

2371 2072 2457 2118 τόν
2511 2065 2687 2138 φόϐον.
2741 2067 2834 2118 Ὧν
2885 2068 3180 2139 καταλέγειν
3227 2074 3318 2126 την
3363 2069 3552 2140 ἀρετὴν
3599 2074 3676 2120 xui
3712 2072 3775 2125 τὴν
3811 2065 3848 2135 ἐν’

2372 2155 2574 2227 ἑκάστῳ
2627 2155 2844 2228 βασάνῳ
2894 2154 3112 2230 ἀνδρίαν
3162 2163 3240 2219 τίς
3271 2157 3330 2208 ἆν
3364 2157 3577 2231 ἀρκέσοι
3621 2155 3852 2227 167031:-

2372 2250 2527 2308 έσεως
2562 2249 2663 2320 γὰρ
2716 2249 2875 2306 οὔσης
2905 2246 3072 2298 ἅπασι
3124 2254 3228 2306 τοίς
3268 2246 3602 2318 βουλομνοις
3647 2244 3852 2315 ἐνυϐρίζειν,

2371 2339 2420 2388 οἱ
2449 2339 2538 2407 μὲν
2579 2335 2744 2397 ξύλοις
2791 2338 2989 2400 ἔπαιον,
3043 2338 3092 2387 οἱ
3143 2333 3201 2388 δε
3229 2332 3471 2410 ῥάϐδοις,
3503 2337 3636 2387 ἀλλοι
3669 2332 3716 2387 δε
3737 2337 3853 2404 μάστι-

2372 2425 2469 2491 ξιν,
2518 2427 2677 2497 ἕτεροι
2728 2421 2786 2477 δὲ
2816 2426 2967 2477 πάλιν
3018 2425 3218 2497 ἱμᾶσιν,
3264 2426 3413 2478 οἵλλοι
3456 2423 3515 2477 δε
3543 2426 3851 2497 610t¥t0t;.hil

2372 2511 2432 2573 ἧν
2488 2516 2518 2572 ἡ
2571 2517 2660 2566 θέα
2713 2522 2814 2566 τῶν
2866 2514 3126 2586 αἰκισμῶν
3195 2513 3544 2586 ἐνηλλαγμένη
3609 2519 3686 2565 xui
3737 2512 3847 2563 πολλῆ

2370 2609 2556 2656 κακίαν
2587 2607 2789 2674 ἔχουσα
2820 2618 2834 2633 ⁶
2865 2605 2913 2656 οἱ
2969 2608 3057 2674 μὲν
3099 2607 3200 2677 γὰρ
3255 2604 3428 2656 ὀπίσω
3484 2610 3552 2656 τὼ
3598 2611 3722 2676 χεῖρε
3758 2598 3847 2652 δίεν

2369 2713 2476 2761 τες⁹
2529 2698 2646 2765 περὶ
2694 2701 2765 2763 τῷ
2819 2693 2951 2764 ξύλῳ
3011 2691 3309 2768 ἐξήρτηντο,
3368 2699 3463 2746 καὶ
3514 2696 3760 2765 μαγγάνοις
3797 2707 3851 2739 τιτι

2372 2780 2617 2836 διέτειναν
2669 2789 2768 2834 πᾶν
2816 2782 2965 2854 μέλος
2999 2801 3009 2812 ·
3041 2779 3134 2835 εἶθ’
3191 2784 3352 2844 οὕτως
3388 2780 3488 2835 διὰ
3532 2786 3783 2841 παντόςτοῡ
3805 2781 3858 2827 ενι

2369 2891 2527 2943 ματος
2557 2869 2748 2941 ἐπῆγον
2799 2872 2854 2922 ἐκ
2901 2870 3177 2932 κελεύσεως
3224 2873 3271 2922 οἱ
3321 2869 3661 2942 βασάνισταὶ,
3686 2869 3732 2920 οὗ
3767 2865 3849 2917 xuii

2369 2980 2461 3032 περ
2493 2966 2597 3020 τοῖς
2649 2966 2885 3030 φονεῦσιν
2934 2963 3017 3011 ἐπὶ
3045 2968 3142 3012 τῶν
3184 2960 3416 3032 πλευρῶν
3475 2965 3638 3032 μόνον,
3682 2957 3777 3008 ἀλλὰ
3809 2957 3856 3003 ui

607 3049 839 3107 habuit.
893 3052 956 3106 Hi
987 3065 1250 3122 namque
1283 3049 1565 3105 manibus
1615 3056 1750 3121 post
1790 3055 1954 3120 terga
1998 3051 2194 3120 ligatis
2226 3069 2256 3108 e

2368 3057 2459 3110 τῆς
2495 3052 2724 3122 γαστρός
2767 3053 2857 3100 καὶ
2904 3057 3003 3100 τῶν
3057 3057 3236 3120 κημῶν
3288 3054 3380 3100 xui
3411 3058 3626 3122 παρειῶν
3652 3045 3857 3112 τοῖς

607 3139 774 3209 ligno
833 3139 1379 3212 suspendebantur,
1428 3145 1484 3194 et
1536 3139 1828 3194 machinis
1892 3141 2258 3211 quibusdam

608 3228 884 3284 membra
909 3244 1115 3283 eorum
1143 3228 1349 3283 omnia
1374 3228 1864 3282 distrahebantur
1892 3245 1905 3281 :
1937 3229 2154 3285 deinde
2197 3231 2258 3286 in

608 3332 864 3388 corpora
894 3317 971 3373 ad
1025 3319 1186 3371 hunc
1233 3316 1483 3372 modum
1541 3317 1800 3373 distenta
1843 3317 2152 3374 carniﬁces
2191 3336 2259 3376 ex

603 3407 824 3478 judicis
861 3408 1208 3480 praescripto
1248 3414 1426 3478 atque
1475 3407 1785 3473 mandato,
1819 3423 1940 3463 non
1972 3409 2258 3480 quemad-

607 3497 857 3552 modum
886 3498 1173 3552 adversus
1218 3495 1558 3551 homicidas
1611 3495 1736 3551 ﬁeri
1767 3497 1932 3565 solet,
1976 3499 2036 3552 in
2073 3497 2259 3554 latera

606 3586 822 3648 solum,
862 3585 965 3640 sed
1005 3585 1272 3641 etiamin
1319 3591 1586 3640 ventrem
1620 3585 1846 3656 ipsum,
1875 3587 1933 3640 in
1976 3603 2149 3643 suras
2202 3595 2259 3644 et

605 3675 880 3730 maxillas
920 3680 1215 3730 tormenta
1246 3675 1405 3729 varie
1451 3679 1506 3729 et
1531 3673 1845 3730 crudeliter
1873 3675 2248 3746 ingerebant.

606 3762 690 3819 llli
719 3779 854 3818 vero
885 3779 956 3818 ex
987 3763 1206 3819 fornice
1239 3780 1421 3819 manu
1457 3780 1575 3818 una
1623 3763 1846 3834 alligati
1893 3765 2256 3836 pendebant,

605 3853 829 3924 quibus
870 3853 1140 3908 cruciatu
1187 3855 1354 3909 omni
1409 3855 1646 3924 gravior
1692 3859 1820 3909 erat
1872 3856 2258 3911 articulorum

605 3943 1140 4014 membrorumque
1171 3943 1444 3998 omnium
1491 3943 1798 3998 distensio.
1839 3943 1944 3998 Alii
1976 3960 2154 4014 porro
2180 3945 2259 4000 ad

603 4030 939 4098 columnas,
983 4032 1144 4086 vultu
1179 4030 1254 4086 ad
1314 4048 1416 4086 eas
1450 4047 1639 4100 verso,
1669 4032 1749 4087 ita
1798 4031 2022 4102 alligati
2071 4040 2254 4100 erant,

605 4124 668 4175 ut
700 4119 954 4192 pedibus
989 4135 1108 4174 non
1150 4120 1504 4174 insisterent.
1537 4120 1700 4175 Unde
1732 4119 1930 4185 ﬁebat,
1965 4128 2028 4176 ut
2054 4138 2257 4195 corpo-

603 4223 737 4265 rum
768 4209 923 4263 mole
945 4209 1227 4264 deorsum
1256 4215 1552 4278 vergente,
1583 4210 1823 4265 vincula
1852 4227 2093 4282 quoque
2122 4212 2258 4284 ipsa

604 4298 800 4367 magis
812 4299 1841 4371 constringerentur,gravioremque
1857 4299 1966 4354 illis
1981 4299 2259 4356 afferrent

603 4387 894 4444 dolorem.
928 4389 1119 4459 Atque
1152 4387 1278 4442 haec
1309 4403 1430 4442 non
1463 4393 1716 4454 tantum,
1743 4404 1879 4444 cum
1909 4389 2091 4446 verba
2120 4407 2254 4446 cum

603 4476 690 4532 eis
739 4475 1168 4543 conferrentur,
1221 4481 1324 4532 aut
1372 4491 1594 4547 praeses
1643 4477 1786 4549 ipsis
1834 4479 2099 4542 instaret,
2151 4481 2258 4536 sed

604 4570 836 4621 tantum
861 4581 982 4620 non
1004 4563 1220 4620 diebus
1238 4566 1478 4634 integris
1503 4567 1901 4622 sustinebant.
1927 4570 2072 4624 Cum
2096 4570 2257 4626 enim

605 4654 702 4710 ille
732 4654 808 4709 ad
841 4653 990 4710 alios
1020 4654 1496 4726 progrederetur,
1529 4656 1692 4727 apud
1728 4657 1956 4727 priores
1986 4675 2121 4712 cum
2155 4675 2258 4730 po-

605 4749 815 4800 testate
843 4760 954 4799 sua
997 4743 1146 4799 alios
1173 4744 1565 4816 relinquebat,
1597 4745 1699 4816 qui
1730 4745 1814 4800 eis
1859 4747 2050 4802 vicem
2082 4764 2262 4815 suam

608 4833 907 4899 adessent,
940 4832 1129 4889 sicubi
1161 4834 1377 4904 aliquis
1427 4834 1737 4889 tormentis
1782 4835 1976 4891 victus
2020 4838 2094 4891 de
2125 4852 2258 4892 sen-

606 4923 790 4978 tentia
833 4921 1120 4977 decedere
1193 4922 1510 4978 videretur.
1566 4922 1823 4978 Juhebat
1865 4923 1959 4979 ille
2015 4941 2257 4998 quoque

605 5011 858 5068 vinculis
887 5027 989 5068 eos
1017 5010 1229 5067 acriter
1252 5013 1680 5082 constringere,
1709 5028 1778 5068 ac
1804 5013 2019 5069 deinde
2052 5015 2257 5071 anima

607 5099 888 5170 defectos,
941 5106 1118 5172 atque
1151 5101 1209 5155 in
1251 5106 1468 5156 terram
1521 5101 1837 5172 repositos,
1864 5102 2001 5157 hinc
2033 5109 2089 5157 et
2119 5103 2257 5159 inde

607 5190 862 5246 trahere.
892 5192 1092 5259 Neque
1122 5189 1280 5244 enim
1313 5189 1387 5244 de
1417 5189 1591 5245 nobis
1622 5189 1712 5244 vel
1746 5191 1997 5246 minima
2022 5208 2166 5248 cura
2196 5192 2257 5248 in

608 5295 813 5335 eorum
853 5279 1072 5334 animis
1100 5278 1352 5334 resedit:
1381 5278 1486 5334 sed
1524 5294 1596 5334 ea
1632 5285 1925 5335 tormenta
1959 5281 2259 5352 excogita-

605 5371 748 5423 runt
766 5375 822 5423 et
843 5368 1268 5433 adhibuerunt,
1296 5374 1358 5423 ut
1386 5383 1772 5440 nequaquam
1803 5370 1931 5425 haec
1962 5370 2257 5426 secundas

607 5455 825 5512 ferrent
876 5463 1095 5529 partes,
1145 5473 1268 5529 prie
1314 5457 1400 5513 eis
1441 5473 1580 5529 qua:
1631 5457 1960 5528 aliquando
2007 5459 2258 5532 quidam

607 5544 1020 5605 crudelissima
1047 5546 1122 5604 ad
1133 5562 1341 5605 versus
1358 5546 1561 5604 hostes
1580 5547 1965 5606 invenissent.
1997 5549 2262 5606 Fuerunt.

2368 3143 2568 3211 τηρίοις
2599 3141 2691 3198 τὰς
2719 3141 2972 3198 κολάσεις.
3004 3137 3205 3209 ’Ἑτεροι
3253 3134 3332 3202 δὲ,
3385 3138 3488 3192 ἀπό
3520 3147 3609 3199 τῆς
3647 3136 3859 3201 creduli;

2366 3231 2550 3301 χειρὸς
2601 3227 2954 3302 ἐξηρτημένοι,
3007 3228 3263 3299 ᾐωρηντο,
3295 3214 3475 3289 πάσης
3529 3223 3775 3298 ἀλγηδόνος
3805 3217 3866 3272 35:-

2367 3322 2574 3389 νοτέραν
2607 3322 2697 3374 τὴν
2749 3315 2847 3368 ἀπὸ
2877 3325 2976 3369 τῶν
3031 3318 3236 3391 ἄρθρων
3288 3322 3380 3369 καὶ
3422 3318 3583 3389 μελῶν
3619 3319 3746 3368 τάσιν
3780 3315 3867 3380 ἔχειν

2366 3426 2469 3468 τες.
2495 3406 2674 3458 ’Ἄλλοι
2701 3403 2760 3458 δὲ
2789 3409 2888 3478 πρὸ
2926 3413 3028 3466 τοῖς
3067 3411 3235 3458 κίοσιν
3281 3405 3398 3459 ἀντι
3433 3413 3691 3482 πρόσωποι
3715 3400 3865 3456 ἓδοὺντσ.

2367 3495 2426 3548 ού
2485 3494 2767 3568 βεϐηκότες
2815 3503 2920 3556 τοῖς
2970 3500 3117 3560 ποσὶ,
3173 3494 3244 3566 τῷ
3275 3492 3336 3548 δὲ
3373 3494 3529 3569 βάρει
3575 3503 3660 3548 τοῦ
3710 3498 3862 3562 σώματος

2369 3584 2713 3658 βιαζομένων,
2759 3587 2888 3656 μετὰ
2935 3587 3134 3647 τάσεως
3182 3584 3525 3657 ἁνελκομένων
3582 3593 3672 3637 τῶν
3710 3579 3857 3652 δεσμνι.

2371 3680 2468 3728 Καὶ
2513 3676 2654 3727 τοῦθ’
2729 3676 3000 3746 ὑπέμενον,
3051 3675 3144 3727 ούκ
3214 3675 3291 3747 ἐφ’
3329 3677 3454 3728 ὅσον
3506 3670 3853 3748 προσδιελίγσντι,

2368 3761 2482 3816 οὐδ’
2515 3765 2690 3825 αὐτοῖς
2736 3763 3024 3835 ἐσχόλαζεν
3055 3765 3081 3815 ό
3107 3766 3329 3835 ἡγεμὼν,
3389 3764 3521 3818 ἀλλὰ
3561 3765 3798 3837 μονονουχὶ
3825 3753 3857 3806 ἓί

2369 3854 2488 3914 ὅλης
2536 3861 2630 3914 τῆς
2683 3855 2901 3925 ἡμέρας.
2960 3852 3083 3905 Ὅτε
3120 3856 3221 3929 γὰρ
3252 3859 3339 3906 καὶ
3370 3853 3449 3926 ἐφ’
3480 3855 3667 3927 ἐτέρους
3696 3848 3855 3904 διέϐαινε

2368 3951 2476 4005 τοῖς
2519 3947 2784 4017 προτέροις
2835 3941 3179 4014 κατελίμπανε
3230 3947 3350 4004 τούς
3407 3951 3470 4016 τῇ
3537 3943 3727 4012 ἐξουσίᾳ
3769 3937 3857 3987 εὶτεῠ

2368 4033 2835 4105 ύπηρετουμένους,
2885 4035 3033 4083 εἵπου
3111 4051 3186 4092 τις
3234 4034 3479 4094 ἡττηθεὶς
3537 4041 3632 4084 τῶν
3679 4029 3854 4103 ﬂauum.

2369 4118 2635 4174 ἐνδιδόναι
2677 4119 2882 4173 ἐδόκει·
2917 4118 3146 4192 ἀφειδῶς
3195 4117 3253 4174 δὲ
3303 4121 3521 4174 κελεύων
3572 4127 3652 4172 καὶ
3691 4125 3776 4177 τοῖς
3796 4111 3859 4165 δεῖ·

2368 4218 2486 4283 μοῖς
2531 4215 2803 4285 προσιέναι
2837 4228 2849 4240 ⁸
2879 4215 2969 4262 καὶ
3008 4213 3135 4282 μετὰ
3163 4219 3348 4275 ταῦτα,
3375 4211 3796 4286 ψυχορραγοῦντες
3813 4200 3862 4250 κί’

2366 4305 2508 4370 τοὺς,
2545 4302 2976 4372 κατατιθεμένους
3030 4300 3102 4362 εἰς
3139 4304 3232 4358 τὴν
3259 4310 3380 4370 γῆν,
3431 4303 3681 4353 ἕλκεσθαι.
3727 4296 3782 4348 0'5
3804 4293 3857 4360 ἰίθ

2368 4387 2495 4443 εἶναι
2542 4389 2636 4441 κᾶν
2701 4393 2851 4463 μέρος
2915 4386 3169 4462 φροντίδα
3224 4389 3397 4450 αύτοίς
3457 4395 3573 4461 περὶ
3621 4393 3769 4458 ἡμῶν·
3803 4376 3860 4429 ἀλλ’

2367 4480 2500 4531 οὕτω
2550 4485 2638 4530 καὶ
2695 4475 3024 4530 διανοεῖσθαι
3080 4484 3169 4530 καὶ
3221 4480 3484 4551 πράττειν,
3536 4482 3600 4540 ὡς
3645 4471 3785 4548 μηιέτ¹
3820 4471 3860 4516 ἔτ·

2366 4588 2467 4620 των
2497 4571 2693 4625 ταύτην
2744 4564 2990 4641 δευτέραν
3045 4564 3273 4640 βάσανον
3303 4567 3385 4620 ἐπὶ
3438 4575 3549 4629 ταῖς
3599 4567 3778 4636 πληγαῖς
3803 4564 3858 4608 τέ’

2365 4659 2678 4710 ὑπεναντίων
2731 4655 3061 4729 ἐφευρόντων.
3109 4656 3278 4709 Ἦσαν
3329 4654 3388 4710 δε
3427 4657 3476 4710 οἱ
3535 4661 3614 4708 καὶ
3668 4655 3860 4726 μιτάτσυς

2368 4746 2648 4818 αἰκισμοὺς
2693 4744 2778 4797 ἐπὶ
2824 4753 2916 4797 τοῦ
2949 4745 3101 4808 ξύλου
3154 4751 3380 4818 κείμενοι
3422 4744 3519 4799 διὰ
3558 4753 3650 4797 τῶν
3676 4741 3854 4808 Incipe"

2367 4835 2504 4888 ὀπῶν
2582 4833 3001 4907 ἀντιτεταγμένοι
3078 4837 3231 4908 ἄμφω
3308 4844 3380 4906 τῷ
3469 4832 3614 4894 πόδε.
3683 4835 3732 4890 ὡς
3779 4839 3858 4875 ικττ

2367 4924 2596 4996 ἀνάγκην
2646 4923 2836 4984 αύτούς
2887 4926 2971 4976 ἐπὶ
3020 4932 3109 4976 του
3136 4925 3288 4987 ξύλου
3336 4926 3555 4987 ύπτίους
3587 4921 3787 4989 εἶναι,μέ
3806 4908 3857 4963 δν·
3931 4909 3933 4968 ἶ

2366 5018 2613 5085 ναμένους
2657 5010 2750 5066 διὰ
2791 5017 2848 5065 τό
2899 5013 3077 5066 ἔνουλα
3122 5017 3186 5066 τὰ
3237 5017 3514 5088 τραύματα
3561 5014 3652 5066 ἀπό
3689 5003 3855 5062 tibi)"

2365 5112 2472 5174 γῶν
2519 5105 2636 5155 καθ’
2686 5103 2804 5154 ὅλου
2864 5111 2952 5155 τοῦ
3003 5109 3242 5175 σώματος
3297 5107 3458 5175 ἔχειν.
3513 5104 3695 5172 Ἐτεροι
3739 5093 3780 5148 δί
3815 5106 3852 5145 αὖ

2368 5190 2636 5264 τοῦδαφος
2689 5193 2932 5266 ῥιφέντες,
2987 5195 3178 5245 ἔκειντο
3225 5195 3325 5245 ύπό
3367 5203 3461 5255 τῆς
3491 5191 3709 5266 βασάνων
3733 5186 3847 5252 ἐΰρρόῆ

2367 5281 2684 5353 προσϐολῆς,
2735 5279 3024 5355 δεινοτέραν
3079 5287 3171 5340 τὴν
3226 5283 3343 5353 ὄψιν
3396 5292 3485 5343 τῆς
3539 5285 3758 5350 ἐνεργείας
3790 5272 3844 5320 τῖες

2368 5373 2533 5444 ὁρῶσι
2587 5375 2923 5445 παρέχοντες,
2981 5371 3219 5435 ποικίλας
3274 5377 3362 5424 xui
3411 5368 3676 5443 διαφόρους
3723 5368 3758 5416 ἐν
3794 5362 3842 5406 tsi;

2371 5466 2584 5532 σώμασι
2636 5465 2866 5533 φέροντες
2894 5462 2990 5523 τὰς
3039 5469 3135 5513 τῶν
3185 5459 3424 5533 βασάνων
3464 5460 3690 5519 ἐπινοίας.
3725 5453 3835 5505 T037“I

2363 5550 2529 5612 ούτῶς
2581 5549 2828 5624 ἐχόντων,
2871 5552 2924 5604 οἱ
3115 5549 3488 5610 ἐναπέθνησκον
3538 5556 3646 5612 ταῖς
3687 5542 3835 5620 βιισ11ωῆ
