4028 6294
128 287 268 348 1225

110 425 173 490 τῇ
221 420 468 491 καρτερίᾳ
519 418 967 488 καταισχύναντες
1012 419 1099 468 τὸν
1151 415 1427 469 ἀντίπαλον
1468 433 1482 447 °
1543 419 1591 470 οἱ
1656 414 1714 470 δε
1748 419 1791 472 Α

109 508 387 578 ἡμιθνῆτες
443 507 492 557 ἓν
566 513 638 576 τῷ
711 501 1059 579 δεσμωτηρίῳ
1109 506 1522 578 συγκλειόμενοι,
1603 506 1714 576 μετ’

110 595 168 646 οὗ
227 595 417 655 πολλὰς
471 595 670 667 ἡμέρας
709 601 819 653 ταῖς
880 590 1141 663 ἀλγηδόσι
1201 601 1561 666 συνεχόμενοι,
1612 594 1716 647 ἐτε-

106 683 352 737 λειοῦντο.
394 685 458 735 Οἱ
508 679 566 735 δε
612 683 801 744 λοιποὶ,
838 691 932 743 τῆς
979 681 1080 734 ἀπὸ
1121 693 1213 745 τῆς
1267 683 1593 744 ἀνακτήσεως
1634 687 1717 736 θε-

106 778 328 844 ραπείας
355 776 622 842 τυχόντες,
667 781 739 842 τῷ
767 776 944 844 χρόνῳ
983 777 1072 824 καὶ
1112 781 1171 844 τῇ
1206 781 1301 834 τῆς
1334 773 1562 845 φυλακῆς
1599 770 1715 825 δια-

107 861 286 934 τριϐῇ,
343 860 752 934 θαρσαλεώτεροι
819 859 1066 932 ἐγένοντο.
1138 865 1289 913 Οὕτω
1363 870 1486 932 γοῦν
1561 867 1716 920 ήνίκα

104 953 488 1024 προσετέτακτο
537 951 777 1023 αἱρέσεως
842 953 1096 1020 κειμένης,
1151 951 1180 1007 ἣ
1237 949 1559 1022 ἐφαψάμενον
1624 959 1715 1011 τῆς

103 1037 318 1110 ἐναγοῦς
371 1041 554 1098 θυσίας
615 1037 959 1109 ἁνενόχλητον
1027 1036 1175 1103 εἶναι,
1226 1048 1317 1100 τῆς
1370 1040 1492 1113 παρ’
1551 1039 1712 1091 αὐτοῦ

104 1126 396 1200 ἐλευθερίας
454 1127 575 1200 παρ’
629 1127 799 1178 αὐτῶν
849 1133 1097 1198 τνχόντα,
1155 1128 1183 1186 ἦ
1218 1132 1290 1200 μή
1356 1129 1566 1191 θύοντα,
1620 1131 1714 1186 τὴν

104 1218 190 1269 ἐπὶ
256 1219 459 1287 θανάτῳ
541 1213 698 1274 δίκην
771 1213 1110 1287 ἐκδέχεσθαι,
1190 1213 1314 1269 οὐδὲ
1377 1217 1712 1288 μελήσαντες,

105 1305 350 1378 ἀσμένως
396 1309 480 1358 ἐπὶ
527 1310 612 1358 τόν
675 1308 891 1358 θάνατον
932 1307 1196 1379 ἐχώρουν.
1231 1303 1476 1378 ”ῌδεο·αν
1514 1309 1615 1380 γὰρ
1651 1309 1718 1358 τὰ

105 1394 214 1447 ἀπὸ
267 1405 368 1448 τῶν
425 1398 568 1468 ἱερῶν
623 1397 746 1467 ἡμῖν
806 1401 1018 1470 Γραφῶν
1076 1395 1579 1469 προορισθέντα.’0
1613 1399 1712 1467 γὰρ

107 1485 472 1548 θυσιάζων,
511 1490 690 1556 φησὶ,
737 1486 903 1546 θεοῖς
945 1484 1206 1556 ἑτέροις
1246 1483 1712 1555 ἐξολοθρευθή-

107 1593 300 1625 σεται
339 1592 350 1602 ·
401 1578 490 1625 καὶ
533 1576 613 1625 ὅτι
660 1573 790 1624 Οὐκ
850 1576 1108 1625 ἔσονταί
1163 1593 1267 1625 σοι
1321 1575 1452 1625 θεοὶ
1501 1575 1718 1647 ἕτεροι

103 1663 271 1720 πλὴν
310 1661 378 1734 ἐμ
395 1682 422 1715 ο
439 1671 492 1720 υ.
513 1683 542 1714 ι)
564 1663 1028 1730 Τοιαῦταψιλαίας
1058 1664 1084 1714 ό
1111 1663 1216 1733 οὐχ
1241 1664 1392 1721 ἧττον
1426 1661 1658 1734 φιλόθεος
1683 1663 1712 1722 ἣ

101 1752 382 1824 φιλόσοφος
413 1754 758 1825 παρατίθησι,
799 1760 894 1814 τῆς
927 1751 1211 1812 θεοσεϐείας
1247 1752 1407 1825 ἀπρὶξ
1438 1760 1718 1824 παρορμῶν
1752 1767 1796 1821 Β

102 1847 206 1899 τὴν
233 1841 319 1892 ὑπ’
345 1841 501 1893 αᾶτόν
533 1846 831 1915 παροικίαν.

1160 286 1730 348 ECCLESIASTICAS
1777 286 2134 348 HISTORLE
2175 293 2313 350 LIB.
2361 290 2470 350 VII.

3349 288 3486 349 1226

1824 419 1926 489 qui
1951 422 2084 489 post
2107 418 2406 474 cruciatus
2439 417 2498 473 in
2527 421 2754 474 catasta
2777 433 2881 489 per
2905 422 3167 490 quatuor
3193 417 3489 476 foramina

1825 507 2079 579 pedibus
2127 507 2394 578 utrisque
2433 507 2932 570 distenderentur,
2967 506 3143 579 452
3186 512 3242 562 et
3274 523 3489 564 neces-

1826 598 1980 651 sario
2009 595 2206 667 supini
2248 597 2448 665 jacere
2499 597 2556 652 in
2609 600 2847 652 catastae
2887 597 3048 666 ligno
3084 603 3484 667 cogerentur:

1824 702 1961 740 cum
1997 689 2116 740 toto
2141 700 2392 756 corpore
2414 701 2450 740 a
2472 691 2555 740 tot
2584 685 2776 757 plagis
2797 686 3055 740 recentia
3076 685 3274 741 adhuc
3304 687 3487 742 habe-

1823 778 1953 829 rent
1995 778 2050 828 et
2082 773 2290 828 intima
2333 773 2596 841 vulnera,
2630 790 2740 829 nec
2784 773 3118 829 substratas
3164 773 3276 829 sibi
3309 779 3487 830 testas

1824 861 1973 916 ferre
2004 867 2271 933 possent.
2304 862 2413 917 Alii
2443 878 2581 918 vero
2605 864 2664 918 in
2690 863 2886 918 solum
2913 863 2990 918 ab
3021 863 3219 918 omnis
3251 863 3486 932 generis

1824 955 2261 1006 tormentorum
2300 951 2355 1005 vi
2385 952 2652 1022 projecti,
2681 951 2984 1022 jacebant,
3023 951 3484 1022 gravioremque

1824 1040 2002 1094 etiam
2030 1039 2392 1094 cruciatibus
2419 1039 2566 1111 ipsis
2599 1040 3004 1111 spectantibus
3035 1040 3297 1111 speciem
3335 1055 3485 1112 prm-

1823 1129 2068 1194 bebant,
2137 1129 2300 1184 varia
2359 1130 2585 1201 quippe
2651 1135 2708 1185 et
2765 1128 3118 1201 multiplicia
3166 1145 3484 1200 poenarum

1826 1233 2046 1286 genera
2075 1217 2428 1290 corporibus
2460 1234 2581 1289 prie
2613 1234 2677 1273 se
2709 1219 2983 1273 ferentes.
3016 1220 3077 1274 Et
3107 1235 3243 1274 cum
3275 1219 3485 1274 crude-

1823 1306 1958 1362 litas
1991 1308 2123 1378 ipsa
2162 1307 2241 1362 ad
2267 1307 2428 1362 hunc
2461 1306 2710 1362 modum
2742 1307 2994 1373 saeviret,
3039 1307 3287 1378 quidam
3334 1308 3485 1363 inter

1826 1397 1957 1468 ipsa
1984 1401 2280 1451 tormenta
2309 1395 2702 1462 decedebant,
2753 1397 3089 1452 constantia
3132 1413 3242 1452 sua
3271 1397 3486 1452 adver-

1827 1483 1996 1539 sariis
2027 1484 2322 1556 pudorem
2355 1485 2709 1540 incutientes
2745 1501 2756 1537 :
2786 1485 3036 1556 quidam
3061 1485 3394 1541 semineces
3421 1486 3481 1541 in

1828 1589 2063 1629 carcere
2111 1573 2344 1640 inclusi,
2390 1579 2526 1645 post
2567 1573 2696 1628 dies
2727 1589 2954 1644 paucos
2985 1574 3296 1630 doloribus
3337 1591 3484 1630 con-

1827 1663 2012 1717 stricti
2065 1662 2532 1718 emoriebantur.
2586 1663 2863 1718 Nonnulli
2917 1680 3057 1719 vero
3088 1681 3125 1719 a
3174 1665 3484 1720 tormentis

1832 1752 2195 1806 medicorum
2229 1767 2376 1806 cura
2418 1753 2686 1818 restituti,
2727 1751 3072 1824 diutiusque
3098 1753 3157 1806 in
3198 1753 3484 1808 custodiis

1827 1840 2072 1904 detenti,
2127 1839 2522 1897 animosiores
2574 1841 2752 1896 etiam
2799 1841 3040 1896 ﬁebant.
3095 1841 3308 1913 ltaque’
3345 1857 3484 1896 cum

104 1931 474 2002 imperatum
525 1940 700 1995 esset,
733 1931 973 2000 optione
1019 1931 1345 2002 proposita,
1391 1935 1452 1984 ut
1492 1929 1582 1984 vel
1627 1929 1914 1985 contactis
1964 1929 2108 1984 diris
2152 1929 2268 1984 illis
2320 1929 2630 1985 sacriﬁciis
2673 1929 2942 1985 molestia
2979 1931 3146 1985 omni
3192 1936 3480 1996 carerent,

108 2019 572 2091 labertatemque
614 2035 800 2090 quam
846 2035 881 2074 a
920 2020 1132 2089 seipsis
1183 2019 1506 2083 habebant,
1557 2018 1636 2074 ab
1680 2018 1792 2073 illis
1841 2024 2368 2090 consequerentur,
2408 2018 2502 2073 vel
2542 2019 2590 2073 si
2639 2035 2760 2074 non
2801 2018 3217 2082 sacriﬁcarent,
3262 2019 3484 2090 capita-

108 2112 234 2164 lem
282 2109 641 2164 sententiam
689 2110 1074 2178 exciperent:
1127 2108 1206 2162 illi
1254 2108 1400 2162 nihil
1446 2107 1676 2172 morati,
1736 2106 2093 2178 perlibentes
2137 2107 2216 2162 ad
2263 2107 2623 2178 supplicium
2669 2108 2855 2162 ibant.
2907 2108 3185 2164 Sciebant
3241 2111 3481 2173 etenim,

107 2213 252 2269 quin
284 2197 459 2252 nobis
491 2197 549 2251 in
575 2195 791 2251 divinis
820 2197 1042 2251 Litteris
1066 2202 1204 2250 sunt
1234 2196 1542 2268 proposita
1569 2203 1746 2267 atque
1777 2197 2122 2267 praascripta
2152 2195 2398 2252 oracula
2433 2213 2446 2262 ;
2479 2212 2642 2259 nam,
2680 2197 2808 2263 Qui,
2839 2197 3052 2268 inquit,
3083 2197 3195 2252 diis
3227 2197 3362 2252 aliis
3389 2213 3483 2252 sa-

108 2286 373 2352 criﬁcat,
420 2285 937 2341 exterminabitur.
974 2287 1034 2340 Et
1073 2301 1310 2340 rursum
1342 2301 1354 2339 :
1389 2285 1566 2340 «Non
1593 2291 1768 2340 erunt
1805 2284 1912 2338 tibi
1942 2285 2027 2338 dii
2061 2285 2170 2339 alii
2198 2290 2423 2353 praeter
2459 2300 2570 2341 me.
2604 2306 2632 2335 »
2659 2287 2790 2340 Hmc
2824 2285 3088 2350 Philaaas,
3129 2301 3250 2340 non
3286 2287 3484 2340 minus

108 2375 218 2430 Dei
258 2390 444 2445 quam
489 2374 794 2445 sapientia:
842 2380 1098 2439 amator,
1153 2374 1236 2428 sic
1281 2380 1568 2437 recenset,
1624 2372 1941 2429 ecclesiam
1985 2389 2179 2438 suam,
2235 2378 2296 2429 ut
2344 2389 2548 2428 veram
2598 2374 2880 2445 pietatem
2931 2375 3305 2430 tenacissime
3350 2375 3487 2429 reti-

110 2469 302 2528 neret,
360 2462 702 2519 cohortans.

748 2583 990 2635 ΚΕΦΔΛ.
1033 2577 1092 2634 Ῑ’.

116 2689 271 2760 Περὶ
312 2693 424 2746 τῆς
464 2688 521 2737 ἓν
562 2685 1093 2760 Φρυγίᾳλπόᾲλεως
1131 2683 1352 2760 ἄρδην
1391 2702 1715 2758 μαρτυρη-

198 2754 436 2817 σάσης·
493 2754 803 2830 καῖ’περϊ
841 2754 1187 2810 Ἀδαύκου’
1215 2765 1324 2809 τοῦ
1363 2754 1712 2830 μάρτυρος.

198 2862 345 2918 Ἀλλά
380 2866 433 2915 τί
461 2868 571 2936 χρή
603 2868 697 2927 τὰς
725 2865 841 2915 καθ’
870 2865 1089 2916 ἕκαστον
1118 2873 1217 2916 τῶν
1249 2863 1490 2935 θεοφιλῶν
1521 2864 1718 2936 μαρτύ-

119 2972 225 3026 ρων
275 2949 652 3025 ἀνδραγαθίας,
702 2956 918 3013 καὶτὰς
975 2953 1442 3027 καινοτέραςαύτῶν
1483 2950 1718 3010 ἀθλήσείς

117 3049 221 3093 τῶν
252 3045 385 3093 κατὰ
436 3048 612 3093 πᾶσαν
661 3043 963 3114 οἰκουμένην
1011 3045 1369 3116 παρατιθέναι,
1424 3040 1529 3092 ἐνὸν
1572 3042 1720 3114 ἔτερα

112 3130 300 3200 λέγειν,
347 3127 421 3182 δι’
450 3132 517 3181 ὧν
567 3133 626 3182 ἄν
656 3150 731 3191 τις
769 3136 1108 3202 παραστήσοι
1161 3133 1343 3184 θᾶττον
1382 3136 1469 3188 τήν
1523 3149 1576 3181 τε
1618 3136 1718 3180 τῶν
1757 3170 1798 3227 C

110 3220 379 3292 τυράννων
431 3217 742 3294 θηριωδίαν,
776 3225 866 3272 καὶ
905 3228 1000 3281 τῆς
1038 3224 1168 3292 πρὸς
1215 3223 1439 3291 Χριστὸν
1486 3223 1722 3290 σχέσεως

110 3316 220 3361 τῶν
258 3307 560 3360 καλλινίκων
597 3312 875 3382 μαρτύρων
904 3313 960 3361 τὸ
1001 3307 1292 3380 ἀδιήγητον
1325 3325 1340 3374 ;
1384 3309 1458 3361 Οὐ
1497 3311 1596 3380 γὰρ
1637 3310 1724 3360 ἕνα

115 3403 215 3450 καὶ
247 3393 363 3462 δύο,
393 3398 423 3455 ᾖ
455 3402 540 3448 καὶ
571 3401 706 3450 κατὰ
755 3403 1094 3470 συστήματα,
1127 3397 1254 3450 ἀλλὰ
1279 3403 1369 3449 καὶ
1419 3397 1568 3449 πόλιν
1597 3401 1722 3468 μίαν

120 3490 244 3559 περὶ
291 3505 390 3537 που
434 3491 525 3544 τὴν
576 3491 826 3558 Φρυγίαν,
884 3483 1196 3560 αὔτανδρον,
1256 3489 1464 3556 σύναμα
1515 3485 1723 3556 γυναιξὶ

115 3581 217 3628 καὶ
261 3579 459 3635 νηπίοις
514 3575 704 3647 ἁθρόαν
757 3575 966 3628 ὁπλῖται
1013 3574 1384 3639 πεοιλαϐόντες,
1434 3579 1524 3626 καὶ
1553 3573 1724 3644 κύκλῳ

119 3670 232 3736 πῦρ
288 3663 599 3734 ὑφάραντες,
663 3669 830 3739 πυρὸς
883 3667 1030 3739 ἔργον
1083 3667 1312 3720 εποίουν.
1359 3662 1634 3734 ’Ἐγκλημα
1673 3658 1724 3713 δ’

122 3749 192 3810 ἧν
249 3753 324 3804 ὅτι
364 3757 454 3804 καὶ
517 3757 812 3826 στρατηγὸς
869 3759 959 3806 καὶ
1006 3756 1056 3806 οἱ
1111 3756 1160 3806 ἓν
1191 3753 1342 3821 τέλει,
1370 3757 1455 3804 καὶ
1489 3751 1599 3812 ὅλος
1631 3747 1728 3810 δῆ-

119 3861 242 3914 μος,
300 3846 530 3913 Χριστὸν
581 3842 821 3908 ἐπεϐόων,
878 3847 968 3895 καὶ
1024 3845 1239 3915 πάμπαν
1299 3841 1531 3902 ἀπειθεῖς
1590 3837 1727 3898 ἦσαν

122 3938 235 3990 τοῖς
300 3933 720 4004 προστάττουσιν
801 3928 1214 4004 εἰδωλολατρεῖν.
1276 3935 1377 3984 Καί
1449 3951 1527 3990 τις
1601 3928 1726 4002 ἀνὴρ

120 4019 149 4033 ”
182 4015 417 4080 Αδαυκος
452 4018 546 4072 διὰ
586 4019 762 4083 πὰσης
800 4021 954 4072 ἐλθὼν
1001 4029 1178 4092 τιμῆς,
1212 4024 1260 4072 ἓν
1308 4019 1549 4090 ἕπισήμῳ
1595 4037 1730 4090 γενει

125 4118 230 4161 τῶν
273 4109 394 4181 παρ’
437 4109 658 4171 Ἰταλοῖς
703 4109 1016 4182 ἀξιούμενος,
1071 4111 1248 4171 κοινάς
1292 4128 1345 4161 τε
1396 4117 1495 4160 τῶν
1548 4105 1731 4164 διοκή-

130 4217 260 4250 σεων
307 4198 390 4250 ἐπὶ
436 4198 672 4251 πλεῖστον
712 4198 882 4272 ἀρχὰς
922 4195 1219 4264 διοικήσας,
1274 4201 1342 4258 ὡς
1380 4202 1470 4250 καὶ
1509 4197 1578 4258 εἰς
1631 4217 1731 4268 μα-

122 4292 358 4358 γίστρων
399 4287 603 4360 ἀξίωμα
656 4287 896 4354 ἀνελθεῖν,
940 4287 1022 4340 ἐπὶ
1055 4284 1114 4340 δε
1161 4295 1219 4360 τῇ
1278 4290 1410 4360 πρὸς
1472 4289 1602 4339 Θεὸν
1652 4285 1731 4338 εὐ-

129 4374 306 4447 σεϐείᾳ
356 4381 446 4428 καὶ
498 4376 749 4448 ὁμολογίᾳ
804 4378 1000 4438 πάντας
1056 4381 1399 4449 παρενεγκὼν,
1444 4375 1523 4427 ἐπ’
1569 4373 1729 4437 αὐτῆς

127 4473 230 4525 τῆς
258 4463 405 4526 ἀξίας
439 4468 525 4517 τόν
564 4473 656 4518 τοῦ
697 4471 987 4540 μαρτυρίου
1030 4463 1323 4524 ἀνεδήσατο
1356 4468 1624 4536 στέφανον.

2493 2579 2716 2634 CAPUT
2759 2580 2818 2632 Χ.

1828 2685 1912 2740 De
1941 2684 2174 2740 civitate
2199 2685 2458 2756 quadam
2489 2685 2791 2754 Phrygias,
2821 2699 2953 2756 quae
2983 2688 3105 2740 tota
3127 2684 3486 2754 martyrium

2147 2757 2324 2811 subiit
2353 2775 2374 2811 :
2405 2762 2459 2812 et
2487 2756 2560 2812 de
2596 2757 2844 2811 Adauco
2873 2762 3162 2825 martyre.

1903 2860 2016 2916 Sed
2062 2860 2209 2932 quid
2265 2877 2422 2932 opus
2474 2866 2562 2917 est
2617 2860 2919 2931 sigillatim
2966 2864 3082 2916 Deo
3138 2862 3488 2917 dilectorum

1832 2956 2164 3020 martyrum
2197 2949 2420 3005 fortiter
2467 2949 2622 3006 facta
2669 2954 2726 3005 et
2768 2965 2925 3005 nova
2969 2951 3320 3015 certamina,
3351 2966 3487 3020 quae

1829 3053 1934 3110 per
1957 3039 2164 3094 orbem
2185 3055 2429 3094 omnem
2455 3039 2676 3107 obiere,
2704 3037 2937 3104 referre,
2965 3053 3101 3094 cum
3130 3039 3249 3094 alia
3279 3037 3489 3095 afferre

1829 3127 2017 3198 liceat,
2060 3144 2166 3201 per
2185 3145 2321 3202 quas
2365 3127 2596 3184 facilius
2626 3143 2765 3183 cum
2796 3127 3064 3200 ipsorum
3091 3134 3488 3200 tyrannorum

1830 3216 2136 3273 efferatam
2163 3216 2594 3283 crudelitatem,
2633 3223 2760 3273 tum
2787 3219 3161 3288 egregiorum
3199 3219 3492 3274 victorum

1829 3307 2240 3362 incredibilem
2278 3321 2423 3376 erga
2459 3307 2751 3362 Christum
2792 3307 3169 3362 affectionem
3215 3313 3273 3363 et
3311 3309 3494 3379 pieta-

1832 3400 1950 3451 tem
1982 3396 2236 3467 probare
2267 3396 2575 3467 possimus
2603 3394 2632 3449 ?
2669 3399 2793 3450 Non
2824 3396 2983 3450 enim
3028 3412 3212 3450 unum
3254 3401 3309 3450 et
3346 3396 3494 3451 alte-

1831 3501 1988 3546 rum.
2025 3491 2129 3539 aut
2169 3485 2347 3540 etiam
2393 3483 2594 3555 plures
2637 3485 3009 3551 catervatim,
3043 3485 3147 3539 sed
3196 3485 3491 3555 oppidum

1834 3578 2023 3628 totum
2056 3574 2324 3644 Phrygias
2371 3573 2702 3643 quoddam,
2734 3572 2895 3627 cives
2941 3573 3161 3627 scilicet
3207 3589 3323 3626 una
3353 3589 3494 3627 cum

1835 3662 2193 3731 conjugibus
2249 3665 2308 3716 et
2358 3660 2560 3717 liberis
2628 3661 2952 3726 universos,
3020 3661 3231 3715 milites
3279 3659 3494 3715 armati

1836 3750 2374 3815 circumvallantes,
2418 3750 2555 3819 igne
2595 3749 2811 3820 injecto
2853 3755 3222 3804 exusserunt.
3256 3749 3494 3803 Crimen

1836 3842 1982 3902 erat,
2011 3838 2175 3909 quod
2206 3842 2264 3892 et
2287 3837 2597 3908 praefectus
2625 3839 3132 3908 magistratusque
3157 3843 3212 3893 et
3239 3836 3496 3908 populus

1837 3929 1966 3998 ejus
1995 3928 2192 3983 omnis
2233 3927 2530 3984 Christum
2563 3926 2930 3990 invocarent,
2967 3927 3170 3998 eisque
3201 3927 3303 3998 qui
3336 3925 3498 3982 idola

1838 4017 2030 4072 colere
2075 4031 2179 4072 eos
2225 4016 2566 4086 jussissent,
2608 4016 2807 4070 minus
2836 4015 3242 4086 obsequentes
3273 4020 3494 4070 essent.

1841 4106 1937 4160 Vir
1973 4106 2154 4160 etiam
2185 4105 2434 4176 quidam
2466 4104 2743 4159 Adaucus
2778 4104 3040 4167 nomine,
3075 4105 3359 4158 omnibus
3387 4103 3498 4158 ho-

1839 4195 2088 4251 noribus
2115 4194 2372 4261 functus,
2402 4192 2728 4265 illustrique
2757 4194 2918 4264 apud
2945 4193 3120 4250 Italos
3143 4193 3275 4248 loco
3299 4197 3493 4258 natus,

1840 4285 2066 4356 quique
2109 4299 2215 4354 per
2254 4281 2639 4354 magistratus
2669 4287 2725 4338 et
2753 4282 3096 4352 dignitates,
3129 4297 3281 4354 quas
3319 4279 3499 4353 pluri-

1843 4389 1974 4428 mas
1999 4376 2283 4442 gesserat,
2313 4370 2490 4442 453
2519 4371 2597 4426 ad
2624 4370 3052 4426 sublimitatem
3076 4370 3342 4442 magistri
3373 4367 3500 4425 ofﬁ-

1841 4462 2069 4516 ciorum
2114 4468 2483 4533 pervenerat.
2531 4459 2747 4531 pietate
2791 4465 2992 4514 autem
3034 4465 3088 4514 et
3119 4457 3498 4513 confessione

1765 4522 1810 4576 D
1846 4551 1942 4606 Dei
1974 4522 2144 4605 facile
2181 4564 2394 4604 omnes
2425 4522 2837 4613 antecellebat,
2877 4547 2938 4604 in
2969 4563 3039 4604 eo
3085 4548 3220 4619 ipso
3255 4560 3499 4602 munere

747 4770 989 4822 ΚΕΦΑΛ.
1034 4767 1140 4821 ΙΑ¹.

138 4880 295 4948 Περὶ
358 4873 550 4928 ἄλλων
603 4873 931 4948 πλείστων
988 4876 1337 4948 μαρτξύρων
1405 4871 1740 4946 διαφόρως

675 4947 1206 5017 ἀγωνισαμένων.

210 5052 369 5106 Ἀλλὰ
405 5057 457 5104 τί
507 5049 590 5104 δεῖ
639 5059 748 5113 τοῖς
793 5054 928 5104 κατὰ
977 5057 1132 5124 μέρος
1188 5052 1460 5116 ἐπεξιέναι,
1495 5052 1525 5110 ἣ
1574 5055 1740 5124 τυχὸν

134 5147 194 5196 τὸ
249 5142 442 5201 πλῆθος
509 5139 828 5215 ἁναμετρεῖν,
909 5141 1196 5215 ζωγραφεῖν
1245 5159 1296 5193 τε
1340 5149 1412 5211 τῷ
1468 5141 1605 5212 λόγῳ
1678 5144 1744 5193 τόι

134 5226 388 5288 πολυειδῆ
442 5229 765 5302 κολαστήρια
799 5245 813 5295 ;
851 5237 962 5282 Τῶν
995 5234 1084 5302 μεν
1131 5234 1345 5282 κοπίσιν
1389 5229 1742 5304 ἀνῃρημένων,

136 5322 227 5372 οἶα
279 5319 327 5370 έν
375 5319 596 5392 Ἀραϐίᾳ
634 5321 942 5384 πέπόνθασι,
996 5328 1095 5372 τῶν
1149 5315 1207 5371 δὲ
1272 5319 1636 5392 συνθλωμένων
1680 5321 1747 5371 τὰ

141 5408 326 5471 σκελη,
367 5409 538 5480 ὥσπερ
573 5405 640 5466 δή
698 5415 803 5468 τοῖς
849 5406 897 5459 ἐν
953 5404 1310 5480 Καππαδοκιᾳ
1363 5413 1680 5466 συνήντησεν
1725 5423 1742 5437 ⁸

137 5497 310 5548 ἄλλων
361 5501 451 5568 μεν
500 5498 715 5570 θατέρου
755 5503 863 5548 τοῖν
895 5493 1077 5548 ποδοῖν
1131 5499 1266 5548 κατὰ
1311 5497 1474 5568 κάραν
1523 5495 1786 5572 ἀνηρτηο·

137 5590 327 5659 μένων,
384 5585 656 5658 μαλθακοῦ
714 5589 877 5658 πυρὸς
931 5587 1159 5638 κάτωθεν
1216 5587 1614 5658 ὑποκαιομένου,
1655 5590 1746 5638 καὶ

434 5682 676 5738 ΡΑτιιοι..
711 5685 814 5741 Gn.
855 5681 1074 5742 CXLV.

1844 4638 2116 4710 martyrii
2144 4652 2434 4694 coronam
2462 4637 2712 4709 accepit.

2493 4762 2715 4817 CAPUT
2760 4760 2850 4817 XI.

1847 4871 2078 4928 Dealiis
2089 4885 2260 4941 quam
2271 4866 2544 4938 plurimis
2558 4865 3332 4941 mar‘lyiious,pturifai-iam
3346 4881 3505 4922 mar-

2450 4940 2608 5009 tyrio
2648 4938 2899 5007 affectis.

1923 5048 2037 5105 Sed
2082 5047 2229 5120 quid
2273 5044 2480 5102 attinet
2519 5044 2822 5113 sigillatim
2873 5049 3162 5115 martyres
3206 5045 3367 5115 ipsos
3414 5060 3506 5099 re-

1851 5153 2112 5204 censere,
2161 5139 2264 5192 aut
2320 5135 2502 5190 etiam
2549 5149 2870 5189 numerum
2919 5149 3129 5188 eorum
3184 5133 3504 5205 inquirere,

1853 5227 2284 5298 suppliciorum
2339 5223 2599 5294 denique
2663 5229 2784 5278 tam
2840 5223 3036 5278 varias
3087 5221 3316 5293 species
3375 5221 3507 5278 stilo

1854 5315 2189 5390 persequi?
2236 5329 2375 5368 cum
2419 5327 2628 5367 eorum
2673 5310 2938 5383 plerique
2979 5311 3173 5365 securi
3220 5312 3507 5382 percussi,

1854 5405 2019 5480 quod
2045 5405 2129 5459 eis
2153 5403 2213 5458 in
2240 5401 2457 5456 Arabia
2483 5399 2697 5456 accidit
2727 5415 2739 5455 :
2771 5399 3073 5455 nonnullis
3099 5415 3273 5454 crura
3298 5398 3508 5470 fracta,

1831 5495 2024 5550 ~sicuti
2063 5494 2124 5548 in
2168 5489 2552 5562 Cappadocia
2597 5487 2820 5544 factum
2855 5505 2868 5544 :
2902 5487 3087 5559 aliqui
3135 5487 3286 5559 pede
3325 5487 3511 5544 altero

1857 5586 1914 5640 in
1943 5582 2197 5638 sublime
2222 5578 2459 5642 sublati,
2491 5577 2684 5650 capite
2714 5578 2772 5633 in
2808 5585 3021 5634 terram
3049 5576 3334 5642 demisso,
3368 5577 3514 5634 ωσι·-

3161 5676 3229 5730 39
