4028 6294
629 325 767 386 1227

1963 325 2353 382 NICEPHORI
2395 322 2717 382 CALLISTI
3777 334 3871 391 1228

617 456 766 514 liore
816 459 950 528 igne
1001 458 1337 532 supposito,
1390 455 1558 514 fumo
1590 471 1663 512 ex
1693 455 1944 512 materia
2006 452 2252 510 viridiort

2354 456 2840 526 ,καταπνιγομένων
2913 459 2986 523 τῷ
3057 451 3354 526 ἀναῤῥὲοντι
3411 461 3502 514 τῆς
3549 455 3656 516 ύλης
3707 471 3870 529 καπνῷ·

619 550 1002 619 proveniente
1051 556 1167 603 sunt
1198 546 1492 612 suffocati,
1539 547 1705 619 quod
1756 548 1814 601 in
1855 544 2277 615 Mesoiiotamia

620 636 893 692 evenisse
923 637 1199 706 legi-.ius.
1235 638 1605 703 Quibusdam
1640 652 1830 700 nares,
1867 634 2045 698 labia,
2080 647 2270 696 aures,

619 742 836 781 manus
857 729 1032 782 etiam
1066 730 1122 782 et
1150 727 1332 798 pedes
1359 726 1671 798 amputati,
1700 731 1756 781 et
1781 725 1890 796 ipsi
1912 723 2088 778 veluti
2114 737 2275 793 qure-

614 811 758 870 dam
790 815 1044 871 victimae
1077 817 1134 870 in
1165 832 1374 871 carnes
1404 814 1640 870 dissecti
1675 833 1686 869 :
1721 812 1885 886 quod
1913 811 2273 867 Alexandria

613 901 787 960 vidit.
839 905 980 970 Quis
1021 921 1158 960 vero
1202 905 1569 960 Antiochena
1601 903 1895 976 supplicia
1929 900 2272 956 memoret?

614 991 716 1046 ubi
748 995 915 1062 ignes
940 998 996 1049 et
1025 994 1320 1050 craticula:
1353 993 1596 1061 ﬁebant,
1619 1009 1739 1048 non
1767 991 2076 1048 confestim
2112 1005 2266 1045 mor-

612 1085 727 1136 tem
761 1083 1176 1146 accelerantes,
1231 1082 1330 1138 sed
1373 1084 1596 1138 sensim
1652 1087 1983 1153 martyrum
2014 1094 2268 1150 corpora

610 1176 923 1236 torrentes,
955 1172 1369 1244 suppliciaque
1392 1180 1447 1227 et
1476 1189 1686 1243 pmnas
1712 1172 1770 1226 in
1797 1173 2046 1240 longum
2077 1176 2267 1224 extra-

608 1258 834 1314 hentes.
873 1262 1126 1315 Fuerunt
1157 1262 1234 1315 ibi
1275 1264 1474 1323 etiam,
1518 1263 1618 1332 qui
1668 1259 1907 1315 dextras
1938 1260 2108 1312 cttius
2145 1259 2264 1325 igni

609 1348 844 1404 ardenti
904 1349 1348 1405 comburendas
1400 1351 1801 1413 immitterent,
1853 1363 2036 1421 quam
2095 1363 2263 1402 exse-

605 1439 833 1494 cranda
889 1455 1058 1495 sacra
1116 1445 1172 1495 et
1233 1439 1526 1494 sacrificia
1583 1439 1964 1508 attingerent.
2033 1435 2264 1508 Reperti

603 1542 848 1600 quoque
879 1533 1038 1594 sunt,
1071 1529 1172 1600 qui
1220 1529 1386 1600 prius
1416 1545 1476 1584 se
1533 1544 1604 1583 ex
1657 1527 1803 1583 locis
1857 1525 2262 1598 superioribus

601 1616 937 1688 praecipites
967 1615 1198 1683 darent,
1231 1634 1418 1690 quam
1463 1616 1794 1690 periculum
1825 1620 2260 1672 tormentorum

599 1703 836 1761 adirent
867 1722 880 1757 :
915 1710 1166 1762 mortem
1194 1706 1392 1778 potius
1422 1706 1598 1762 citam
1631 1704 1816 1770 obire,
1845 1719 2029 1777 quam
2062 1709 2125 1758 ut
2153 1703 2261 1758 im-

2387 544 2470 595 οἶα
2516 548 2563 596 ἐν
2606 551 2665 615 τῇ
2701 548 2846 615 Μέσῃ
2881 551 2980 594 τῶν
3011 551 3257 613 ποταμων
3293 545 3585 614 πεπρᾶχθαι
3627 544 3870 618 ἀνέγνωμεν·

2384 631 2545 684 α’λλων
2595 632 2740 706 ῥῖνας
2779 638 2868 683 καὶ
2916 631 3069 703 χείλη
3128 637 3217 683 καὶ
3256 630 3378 696 ὦτα,
3427 636 3499 683 ἐτι
3550 631 3602 685 δὲ
3635 642 3709 687 καὶ
3746 646 3871 708 χεῖρας

2383 726 2467 772 καὶ
2523 719 2693 782 πόδας
2747 724 3204 793 περιαιρουμένων,
3255 727 3346 773 καὶ
3415 725 3546 773 καθά
3597 743 3695 774 τινα
3738 730 3868 796 σοάγιε

2381 815 2829 882 κρεανομουμένων
2878 828 2891 841 ·
2933 811 3088 862 ὁποῖα
3140 807 3272 861 εἶδεν
3326 812 3355 864 ἡ
3404 809 3761 884 Ἀλεξάνδρεια.
3803 821 3873 874 Πῶς

2381 895 2440 951 δὲ
2462 908 2557 951 τῶν
2583 901 2698 952 κατ’
2730 902 2742 921 '
2763 902 3076 971 Αντιόχειαν
3107 901 3132 950 ὁ
3162 899 3312 969 λόγος
3338 901 3675 971 ὑπομνησθείη
3703 917 3712 965 ;
3739 903 3870 974 Ἐσχίο

2376 1007 2467 1061 ραι
2527 992 2689 1062 πυρὸς
2737 988 2858 1055 ἐκεῖ,
2917 990 3010 1040 οὐκ
3065 987 3251 1062 ἀθρόον
3307 993 3392 1040 τὸν
3456 995 3606 1063 μόρον
3648 990 3869 1060 ἐπάγοντα,

2377 1079 2546 1150 ἠρέμα
2589 1075 2642 1130 δ’
2683 1078 2972 1140 ἑξοπτὼσαι
3015 1082 3071 1129 τό
3134 1077 3450 1150 καταϐραχύ
3499 1081 3684 1152 μακρὰν
3736 1081 3871 1148 ἐπάγειν

2375 1171 2466 1223 τὴν
2515 1172 2788 1238 τιμωρίαν,
2829 1173 2918 1219 καὶ
2973 1164 3140 1229 δεξιαὶ
3188 1163 3238 1218 δ’
3266 1167 3428 1219 ἐκεῖσε
3481 1169 3508 1225 ἦ
3541 1170 3705 1219 θᾶττον
3735 1167 3870 1239 σοοέρῷ

2374 1261 2502 1328 πυρὶ
2542 1258 2858 1325 καθιέμεναι,
2916 1257 2942 1314 ἦ
2997 1264 3096 1306 τῶν
3156 1255 3347 1325 ἐναγῶν
3398 1258 3586 1306 θυσιῶν
3631 1259 3870 1326 Iahniu-

2373 1364 2478 1398 ναι.
2518 1345 2540 1364 '
2584 1353 2656 1396 Ων
2698 1342 2763 1402 δὴ
2827 1365 2958 1406 τινες
3006 1342 3135 1416 μηδ’
3164 1345 3235 1405 εἰς
3281 1353 3460 1418 πεῖραν
3517 1349 3648 1403 ἣκειν
3687 1346 3862 1408 ἔθελε-ιτα,

2374 1433 2562 1486 ἄνωθεν
2609 1434 2662 1496 ἐξ
2717 1435 2956 1507 ὑπερῴων
3000 1434 3217 1495 ἑαυτούς
3269 1439 3662 1498 κατηκόντισαν,
3716 1443 3787 1486 τοῦ
3812 1457 3859 1503 ρω-

2371 1543 2463 1594 ρου
2527 1525 2711 1575 θᾶττον
2763 1531 2946 1594 τυχεῖν
3000 1523 3270 1594 ἐφιέμενοι,
3326 1528 3482 1595 πρινὴ
3538 1531 3629 1575 τῶν
3679 1521 3854 1576 desciit»

2371 1611 2560 1664 ἀλῶναι
2593 1619 2704 1672 ταῖς
2738 1615 2952 1683 πάγαις.
3012 1609 3258 1686 Φρικώδη
3291 1609 3349 1664 δὲ
3398 1618 3490 1664 καὶ
3545 1613 3711 1673 ἀκοαῖς
3750 1619 3856 1670 Exin

2371 1704 2572 1775 φορητά
2613 1703 2748 1754 κατά
2779 1707 2968 1754 Πόντον
3010 1704 3246 1774 ἔπασχον
3285 1705 3448 1776 ἕτεροι
3483 1720 3495 1734 ·
3537 1705 3691 1756 (ὗν-οὶ
3730 1709 3860 1776 μένει-

600 1794 837 1865 piorum
870 1792 1100 1867 laqueis
1118 1802 1492 1867 caperentur,
1518 1799 1926 1867 properantes.
1952 1790 2252 1848 Horrenda

2368 1791 2548 1863 λάμοις
2591 1792 2726 1843 κατά
2781 1799 2879 1842 τῶν
2938 1792 3108 1860 ἄκρων
3139 1788 3408 1843 δακτύλων
3461 1796 3579 1852 τούς
3627 1795 3787 1863 ὄνυχας
3809 1789 3865 1844 διε·

599 1898 744 1939 vera
785 1899 1033 1956 prorsus
1071 1889 1210 1939 sunt
1250 1887 1307 1940 et
1351 1883 1559 1940 auditu
1585 1881 2000 1948 intolerabilia,
2032 1897 2169 1953 quas
2198 1880 2258 1936 in

598 1969 787 2027 Ponto
837 1979 1134 2044 martyres
1188 1976 1326 2029 sunt
1373 1973 1555 2045 passi.
1593 1971 1962 2038 Quibusdam
2005 1971 2165 2027 enim
2198 1969 2258 2025 in

596 2060 854 2116 summis
894 2061 1091 2131 digitis
1123 2063 1437 2134 praeacutis
1487 2061 1735 2117 calamis
1786 2076 2018 2131 ungues
2063 2059 2258 2132 perfo-

595 2146 932 2206 diebantur.
974 2149 1082 2206 Alii
1133 2168 1274 2208 vero
1326 2149 1644 2223 plumbum
1677 2150 1812 2222 igne
1845 2146 2252 2223 liquefactum,

598 2236 915 2312 picemque
968 2237 1314 2296 bullientem
1363 2239 1627 2313 scapulis
1676 2245 1730 2296 et
1773 2241 1956 2296 dorso
2001 2237 2254 2310 excipie-

593 2326 762 2384 bant.
784 2328 1057 2384 Nonnulli
1077 2329 1344 2400 partibus
1365 2328 1447 2384 eis
1469 2346 1604 2402 quae
1627 2329 1874 2385 honeste
1906 2343 2028 2384 non
2067 2328 2256 2383 nomi-

594 2423 833 2482 nantur,
868 2418 1161 2474 cruciatus
1192 2418 1383 2476 foedos
1419 2417 1770 2492 silentioque
1801 2418 2088 2488 tegendos
2120 2432 2254 2490 per-

595 2504 866 2561 ferebant
891 2526 904 2565 :
931 2523 1084 2579 quos
1110 2507 1340 2563 nobiles
1366 2507 1446 2562 illi
1469 2513 1525 2563 et
1550 2508 1728 2563 fortes
1755 2508 1862 2562 viri
1894 2507 2252 2578 philosopho

593 2593 770 2665 plane
803 2596 1006 2652 animo
1031 2602 1087 2653 et
1117 2598 1217 2668 pia
1245 2594 1516 2669 quadam
1551 2597 1878 2653 ambitione
1908 2597 2020 2652 sibi
2046 2602 2252 2652 contra

590 2698 798 2740 recens
832 2686 1074 2742 inventa
1107 2691 1420 2752 tormenta,
1461 2686 1890 2742 exuberantem
1929 2687 2251 2742 abundan-

593 2771 735 2828 tiam
802 2774 1150 2830 constantias
1216 2788 1345 2830 esse
1411 2775 1818 2840 ostenderunt,
1893 2789 2249 2844 generosam

590 2854 1390 2932 quamdam'contentionem
1437 2865 1610 2919 novis
1660 2864 1922 2936 praemiis
1958 2865 2249 2920 adversus

590 2965 810 3021 spurca
855 2957 914 3006 et
964 2952 1278 3008 inhonesta
1312 2953 1609 3024 supplicia
1646 2953 2040 3008 instituentes-
2079 2955 2248 3009 Post-

589 3052 775 3110 quam
827 3053 967 3096 vero
1016 3041 1153 3096 victi
1206 3041 1566 3097 immanium
1619 3046 2055 3098 tormentorum
2106 3043 2248 3097 novi

589 3127 842 3184 artiﬁces
872 3129 1259 3202 caadibusque
1295 3129 1520 3202 fatigati
1573 3135 1731 3196 sunt,
1785 3130 2091 3202 adimpleti
2118 3131 2247 3201 jam
2277 3159 2316 3214 ρ

587 3217 667 3272 ad
697 3219 1025 3274 satietatem
1058 3235 1248 3291 usque
1292 3221 1644 3276 torrentium
1674 3221 1879 3289 instar,
1912 3219 2247 3292 proﬂuente

589 3311 924 3379 martyrum
967 3309 1278 3378 sanguine,
1328 3309 1572 3365 tandem
1617 3310 1695 3365 ad
1726 3310 2153 3366 adumbratam
2191 3314 2248 3367 et

586 3394 852 3452 fucatam
881 3396 1205 3452 bonitatem
1237 3403 1376 3453 sunt
1423 3399 1716 3468 conversi,
1755 3404 1818 3454 ut
1847 3399 2065 3454 scilicet
2119 3415 2244 3455 am-

585 3483 742 3556 plius
773 3491 895 3541 tam
927 3486 1332 3542 inhumaniter
1359 3494 1538 3558 atque
1589 3488 1903 3544 crudeliter
1927 3487 2246 3545 nobiscum

586 3587 762 3644 agere
789 3590 909 3631 non
937 3576 1296 3631 viderentur.
1325 3575 1504 3648 454
1527 3577 1653 3633 Non
1674 3577 1833 3633 enim
1858 3578 2245 3650 popularium

581 3675 790 3718 cruore
821 3665 1089 3720 civitates
1119 3665 1536 3730 contaminari,
1566 3681 1762 3739 neque
1803 3667 2244 3723 inhumanitate

584 3751 1018 3823 imperatorum
1062 3753 1494 3822 benignitatem
1542 3755 1858 3810 calumniis
1909 3756 2088 3827 objici
2138 3756 2245 3812 de-

581 3838 744 3905 bere,
788 3841 890 3896 sed
935 3843 1134 3912 potius
1169 3842 1494 3914 imperialis
1534 3845 1844 3915 potestatis
1887 3844 2244 3900 benevolen-

581 3928 728 3984 tiam
761 3934 940 4001 atque
970 3929 1346 3986 clementiam
1370 3932 1430 3986 in
1462 3932 1774 3988 universos
1799 3933 2242 3990 extendendam

584 4031 714 4071 esse
753 4017 1050 4073 dicebant.
1097 4020 1471 4091 Quapropter
1499 4020 1694 4076 edicto
1733 4026 1978 4077 cautum
2027 4026 2132 4088 est,
2165 4037 2242 4078 ne

584 4103 900 4160 Christiani
964 4107 1091 4161 neci
1163 4107 1564 4166 dederentur:
1643 4109 1810 4181 quod
1870 4110 2117 4181 perinde
2179 4111 2241 4166 id

583 4199 759 4259 esset,
785 4199 964 4266 atque
991 4196 1039 4249 si
1064 4195 1258 4266 poenis
1285 4195 1715 4268 suppliciisque
1746 4197 1961 4253 modus
1984 4198 2240 4271 ﬁnisque

582 4281 1009 4353 imponeretur.
1043 4283 1407 4355 Imperatum
1437 4300 1598 4355 vero,
1625 4289 1689 4340 ut
1712 4285 1868 4341 oculi
1892 4285 2240 4344 hominibus

579 4373 797 4426 nostris
835 4372 1255 4439 effoderentur,
1297 4377 1350 4428 et
1397 4373 1623 4445 pedum
1671 4374 1816 4430 alter
1864 4375 2240 4433 abscindere-

578 4463 695 4515 tur.
729 4461 814 4517 Ita
848 4462 1004 4516 enim
1038 4461 1181 4528 fore,
1217 4467 1281 4518 ut
1318 4463 1730 4519 inhumanitas
1760 4465 1893 4534 ipsa
1917 4467 2241 4522 humanior

579 4553 638 4604 et
691 4550 770 4606 ad
821 4550 1144 4606 vindictam
1198 4551 1390 4606 lenior
1441 4568 1568 4607 esse
1624 4552 1938 4610 videretur.
1995 4557 2237 4612 Factum

575 4653 722 4694 sane
771 4655 876 4711 per
930 4640 1302 4710 ejuscemodi
1347 4641 1684 4697 humanam
1733 4643 2236 4700 inhumanitatem

572 4727 898 4799 impiorum
929 4728 1268 4799 hominum,
1303 4729 1361 4784 ui
1385 4731 1513 4801 jam
1543 4731 1741 4787 verbis
1771 4733 2082 4804 complecti
2113 4749 2237 4790 non

574 4817 666 4882 sit,
687 4822 913 4890 quanta
937 4818 1260 4876 multitudo
1280 4835 1488 4875 eorum
1511 4819 1735 4891 quibus
1752 4821 1943 4876 dextri
1970 4822 2245 4893 primum

2367 1886 2604 1954 πείροντο
2631 1897 2644 1910 ⁶
2675 1877 2807 1938 ἦσαν
2839 1876 2889 1931 δ’
2921 1879 2968 1931 οἱ
3007 1877 3257 1951 μόλιϐδον
3299 1877 3610 1933 διατακέντα
3649 1887 3767 1955 πυρὶ,
3795 1888 3864 1931 πίτ-

2372 1989 2465 2022 σαν
2491 1988 2544 2022 τε
2571 1970 2948 2041 καχλάζουσαν
2988 1976 3098 2030 τοῖς
3135 1972 3473 2043 μεταφρένοις
3513 1967 3749 2042 ἐδέχοντο.
3780 1971 3866 2021 ’Δὶ-

2366 2059 2446 2111 λοι
2502 2067 2608 2118 τοῖς
2660 2057 2970 2133 ἀπορρήτοις
3015 2066 3115 2109 τῶν
3177 2057 3339 2129 μελῶν
3392 2060 3628 2131 αἰσχράς
3677 2077 3784 2118 τινας
3817 2079 3867 2108 m

2367 2152 2564 2208 ἣκιστα
2591 2149 2726 2219 λόγῳ
2778 2148 2938 2221 ῥητὰς
2980 2151 3248 2220 συμφορὰς
3300 2145 3628 2222 διαφέροντες
3675 2145 3869 2209 invii;

2367 2242 2416 2290 οἱ
2473 2244 2696 2310 γενναῖοι
2747 2234 3021 2294 διαιτηταὶ
3075 2237 3337 2309 φιλοσόφῳ
3382 2238 3650 2310 φιλοτιμία
3683 2239 3788 2288 κατὰ
3812 2245 3868 2287 riu

2365 2333 2670 2400 καινοτέρων
2740 2326 2998 2379 κολάσεων
3099 2333 3406 2400 περιουσίαν
3489 2331 3602 2380 τινα
3685 2333 3869 2401 aceruis;

2366 2413 2744 2479 ἐπεδείκνυντο,
2807 2413 3024 2487 ἅμιλλαν
3086 2413 3177 2466 ούκ
3226 2413 3409 2486 ἀγεννῆ
3467 2418 3767 2476 συνιστάντες
3808 2418 3870 2473 τοῖς

2365 2512 2557 2564 καινοῖς
2606 2502 2867 2578 βραϐείοις
2919 2513 3016 2554 τῶν
3068 2502 3263 2576 ἀτίμων
3313 2513 3598 2578 τιμωριῶν.
3633 2505 3710 2566 Ὠς
3745 2502 3790 2556 δε
3820 2521 3868 2574 με·

2363 2593 2442 2654 λις
2484 2593 2816 2666 ἀπειρηκότες
2857 2590 2991 2650 ἦσαν
3037 2595 3087 2644 οἱ
3132 2599 3301 2646 καινοὶ
3340 2603 3444 2645 τῶν
3486 2595 3721 2646 κολάσεων
3764 2613 3860 2644 στιν-

2365 2680 2584 2752 δασταὶ,
2651 2686 2925 2744 κτείνοντές
2972 2701 3024 2733 τε
3065 2681 3348 2754 ἀπέκαμον,
3411 2682 3864 2756 ύπερεπίμπλαιτοτι

2363 2773 2430 2832 εἰς
2492 2777 2641 2847 κόρον
2697 2779 2802 2832 τοῖς
2846 2771 3109 2845 ἐκρέουσιν
3156 2771 3363 2842 ὀχετοῖς
3421 2782 3522 2825 τῶν
3587 2771 3864 2844 αἰμάτων,ἐτῑ

2360 2867 2710 2934 χρηστότητα
2749 2858 2905 2920 δῆθεν
2947 2865 3319 2932 κεχρωσμένην
3352 2859 3590 2936 ἐχώρουν
3631 2879 3642 2891 ·
3691 2859 3865 2928 ωςὼμ

2361 2948 2566 3004 δοκοῖεν
2595 2954 2670 3003 ἔτι
2727 2951 2840 3003 καθ’
2880 2952 3024 3022 ἡμῶν
3065 2952 3130 3002 τὰ
3193 2947 3338 3002 δεινά
3397 2953 3638 3018 πράττειν
3667 2967 3679 2979 ·
3711 2955 3765 3022 μὴ
3804 2945 3866 2998 δέν

2357 3042 2456 3114 γὰρ
2489 3037 2618 3092 εἶναι
2669 3039 2936 3111 ὁμοφύλων
2981 3041 3172 3110 αἵμασι
3218 3043 3448 3110 μιαίνειν
3502 3043 3586 3100 τάς
3632 3039 3772 3099 πόλεις
3801 3037 3860 3086 ᾗσ-

2357 3149 2468 3200 γον.
2521 3125 2652 3202 μηδ’
2714 3128 3062 3201 ἀπανθρωπίᾳ
3122 3131 3215 3186 τὴν
3295 3137 3397 3180 τῶν
3446 3131 3742 3202 κρατούντων
3778 3125 3859 3192 τὲω-

2356 3237 2491 3270 νειαν
2532 3215 2828 3270 διαϐάλλειν
2862 3233 2874 3244 ⁸
2925 3220 2983 3270 τὸ
3025 3213 3083 3269 δὲ
3131 3222 3293 3289 πρᾶον
3341 3223 3437 3270 καὶ
3479 3217 3782 3291 φιλάνθρωπον
3807 3219 3866 3271 τῆς

2359 3305 2644 3378 βασιλικῆς
2708 3306 2947 3374 ἐξουσίας
3010 3304 3093 3358 ἐπὶ
3157 3309 3351 3366 πάντας
3431 3306 3726 3359 ἑκτείνεσθαι
3788 3299 3867 3353 δεῖν.
3960 3325 3961 3365 1

2353 3399 2504 3449 Ὅθεν
2562 3396 2786 3449 ἐκέλευον
2839 3400 2908 3468 μὴ
2971 3396 3172 3466 Θανάτῳ
3232 3394 3370 3447 λύειν
3430 3398 3568 3468 ἡμᾶς
3613 3412 3625 3424 ·
3683 3399 3772 3445 ἴσον
3806 3409 3866 3460 γαρ

2355 3482 2485 3537 εἶναι
2514 3489 2599 3536 καὶ
2645 3491 2736 3536 τοῦ
2780 3485 3123 3558 τιμωρεῖσθαι
3166 3486 3499 3540 πεπαῦσθαι,
3545 3485 3703 3538 Ἔνθεν
3740 3499 3868 3532 tum

2355 3575 2720 3647 ῖξορύττεσθαι
2760 3575 2850 3644 μεν
2892 3571 3203 3644 ὀφθαλμούς,
3262 3573 3481 3645 θάτερον
3531 3569 3586 3624 δε
3623 3568 3746 3623 πόδα
3769 3584 3865 3639 πρετ-

2354 3665 2692 3736 οιφαιρεῖσθαι
2759 3665 3126 3734 προσέταττον.
3195 3661 3344 3713 Οὕτω
3436 3665 3540 3736 σγάρ
3589 3655 3704 3713 εἶναι
3755 3659 3863 3710 dna;

2355 3751 2696 3826 ἀπάνθρωπον
2753 3754 2811 3802 τὸ
2894 3749 3247 3824 φιλάνθρωπον
3343 3755 3437 3802 καὶ
3524 3754 3644 3824 πρός
3697 3765 3859 3818 τιμωρεῖν

2353 3846 2656 3915 πραότερον,
2688 3839 2777 3901 Ὡς
2804 3839 3105 3911 συμϐαίνειν
3134 3835 3226 3891 διὰ
3255 3841 3454 3897 ταύτην
3485 3844 3575 3897 τὴν
3611 3838 3858 3908 ἀπάνθρωττι
3949 3857 3951 3913 χ

2353 3929 2734 4003 φιλανθρωπίαν
2785 3936 2886 3980 τῶν
2937 3926 3136 3980 ἀσεϐῶν
3167 3929 3345 4000 μηκέτ’
3389 3929 3500 3980 οἶόν
3539 3947 3591 3980 τε
3631 3923 3740 3979 εἶναι
3772 3923 3857 3988 λόγον

2353 4015 2642 4085 διαλαϐεἰς,
2676 4020 2792 4070 ὅσοι
2839 4021 2930 4090 μὲν
2959 4021 3080 4079 τούς
3127 4026 3226 4069 τῶν
3261 4017 3538 4091 ὀφθαλμῶν
3575 4013 3752 4078 δεξιούς
3780 4012 3856 4078 ξίφει

2349 4113 2598 4182 πρότερον
2659 4110 2972 4172 ἓκκοπέντες,
3029 4110 3204 4158 ἔπειτα
3253 4114 3349 4179 πῦρ
3444 4109 3580 4158 κατά
3637 4113 3716 4164 τῆς
3759 4105 3857 4168 "Pii

2351 4196 2731 4270 εἰσδεξάμενον,
2772 4196 3090 4269 πλανώμενοι
3115 4202 3391 4268 περιῄεσαν
3418 4216 3431 4227 ·
3475 4201 3566 4248 καὶ
3595 4197 3696 4248 ὅσοι
3722 4187 3771 4247 δή
3801 4194 3854 4238 τίὲν

2348 4284 2526 4340 ποδῶν
2599 4291 2713 4348 τούς
2767 4287 2939 4348 λοιούς
2991 4293 3217 4358 καυτῆρι
3271 4281 3430 4358 βιαίῳ
3480 4286 3783 4359 χρησάμενοι,
3817 4277 3853 4330 i;

2349 4379 2516 4448 ἄχθος
2565 4375 2773 4428 ἐτώσιον
2814 4371 2968 4439 ἦσαν,
3001 4377 3202 4434 τούτοις
3251 4373 3612 4448 ἐπισυρόμενοι
3642 4389 3654 4402 ’
3697 4366 3779 4422 εἶτα
3803 4381 3852 4411 ιιι

2348 4474 2458 4527 τοῖς
2495 4464 2609 4518 κατ’
2668 4463 2928 4538 ἐπαρχίαν
2958 4463 3228 4535 μετάλλοις
3265 4463 3324 4514 ού
3364 4469 3555 4535 χρείας
3600 4464 3712 4515 ἐνεκε
3742 4463 3849 4508 τόσοι.

2349 4558 2416 4617 ὡς
2466 4553 2532 4613 δὴ
2614 4559 2893 4615 κακώσεως
2946 4558 3036 4605 καὶ
3114 4553 3486 4626 ταλαιπωρίας,
3540 4545 3847 4604 κατεδικάζσντν

2803 4642 2946 4694 ἄλλοι
2987 4638 3046 4694 δὲ
3076 4641 3238 4702 ἄλλως
3296 4639 3650 4717 διεκαρτέρουν
3676 4657 3688 4668 ο
3719 4626 3847 4702 ista"!

2348 4646 2695 4717 ἀπηνέστερον
2728 4664 2742 4676 ο

2841 4739 3026 4784 νικῶσι
3079 4734 3179 4806 γὰρ
3219 4733 3390 4784 πάντα
3441 4731 3587 4804 λόγον
3632 4731 3688 4780 τὰ
3721 4724 3844 4777 ἐκείνων

2347 4733 2507 4805 λέγειν
2545 4729 2730 4807 ῥᾴδιον
2766 4749 2778 4761 ⁸

2348 4823 2711 4894 παλαίσματα.

571 4904 728 4961 oculi
779 4906 932 4962 ferro
976 4905 1155 4962 excisi
1203 4912 1359 4973 sunt,
1402 4906 1619 4964 deinde
1662 4909 1820 4978 ignis
1861 4911 1921 4964 in
1978 4910 2198 4966 vulnus
2255 4911 2454 4983 ipsum
2498 4911 2774 4981 injectus,
2820 4909 2999 4965 veluti
3049 4908 3392 4966 errabunda
3446 4909 3581 4965 hinc
3630 4905 3741 4962 inde
3780 4897 3843 4952 εἰτ’

570 4996 846 5051 cumierit
884 5013 897 5050 :
954 5002 1056 5052 aut
1082 5001 1308 5069 quanta
1337 4995 1421 5052 vis
1451 4997 1623 5053 fuerit
1653 5014 1857 5054 eorum
1892 4999 1996 5071 qui
2038 5001 2306 5056 sinistros
2356 5000 2540 5072 pedes
2588 4999 2776 5070 ignito
2805 4997 2962 5054 ferro
3019 4994 3336 5053 violentius
3383 4998 3598 5062 adusti,
3645 5009 3731 5082 eos
3762 4987 3840 5082 prii

570 5101 632 5139 se
664 5083 1002 5150 trahebant,
1034 5087 1211 5158 quasi
1243 5086 1464 5142 telluris
1504 5085 1707 5142 inutile
1736 5089 1974 5160 pondus
1997 5089 2135 5146 facti
2171 5106 2182 5143 :
2218 5093 2504 5160 praeterea
2533 5102 2765 5150 eorum,
2797 5088 2901 5160 qui
2936 5086 3435 5142 inhumanissime
3466 5101 3570 5158 per
3594 5078 3836 5157 provincias

571 5172 651 5230 ad
695 5174 956 5240 metalla,
1001 5191 1121 5230 non
1164 5174 1246 5230 illi
1285 5174 1535 5247 quidem
1579 5178 1947 5234 necessitatis
1978 5181 2080 5233 aut
2130 5193 2274 5232 usus
2306 5176 2558 5248 alicujus
2590 5177 2801 5247 gratia,
2835 5175 2940 5232 sed
2969 5180 3031 5230 ut
3053 5175 3133 5230 ibi
3166 5175 3418 5231 summis
3449 5174 3708 5231 aerumnis
3730 5177 3833 5220 vexa-

567 5266 796 5331 rentur,
867 5269 1005 5319 sunt
1067 5262 1363 5322 damnati.
1438 5263 1548 5320 Alii
1603 5279 1783 5338 porro
1836 5267 2004 5323 aliter
2047 5264 2248 5322 afﬂicti
2299 5265 2698 5338 perdurarunt
2740 5281 2753 5319 :
2805 5279 2959 5337 quos
3006 5263 3243 5332 referre,
3305 5263 3451 5336 quia
3511 5263 3670 5320 luctas
3719 5259 3830 5312 θεω-

565 5351 879 5427 tionesque
910 5368 1120 5413 eorum
1159 5369 1404 5413 omnem
1427 5359 1712 5428 superant
1741 5356 2096 5424 orationem,
2129 5371 2427 5429 perquam
2447 5359 2534 5413 est
2567 5352 2826 5412 difﬁcile.

2215 5525 2291 5544 υ-η
