4028 6294
152 315 274 372 4229

737 443 978 493 KE<l>AA.
1022 436 1122 495 lB’.

151 552 286 620 Περὶ
357 555 472 598 τῶν
537 548 707 620 κατ(
755 544 1165 618 Ἀντιόχειαν
1255 551 1584 619 σωφρόνως
1656 550 1723 600 τὸ

177 615 522 693 μαρτύριον
587 615 1015 670 διελθουσῶν-
1043 622 1290 692 ὡραίων
1336 615 1686 691 παρθένων.

211 725 315 777 Ούκ
345 721 528 800 ἀνδρες
559 721 616 776 δι
658 730 832 796 μόνον,
874 724 1002 776 ἀλλὰ
1029 731 1119 777 καὶ
1158 725 1325 796 πολλῷ
1354 724 1502 777 πλέον
1544 731 1728 796 γυναῖ-

145 832 220 876 κες
248 815 576 886 ἀνδρίζοντο.
619 819 719 867 Οῖα
750 813 912 873 ἐκείνη
965 818 1046 867 ἐπὶ
1077 824 1170 879 τῆς
1217 817 1518 887 Ἀντιόχου,
1553 808 1646 866 διά
1675 830 1729 866 τε

145 907 230 961 τὴν
281 902 463 976 ἀρετὴν
492 909 579 956 καὶ
620 903 781 956 τεῖλλα
808 904 952 979 παρὰ
988 912 1120 957 πᾶσι
1169 902 1454 965 διαϐόητος
1491 900 1626 956 οὖσα
1653 925 1664 936 ·
1694 905 1725 961 ἤ

144 993 318 1062 ζεῦγος
370 995 633 1065 παρθένων
685 1002 794 1064 ῶρᾳ
848 999 938 1046 καὶ
994 994 1199 1055 ἡλικίας
1253 992 1390 1065 ἀκμῇ
1444 990 1730 1064 διαπρέπον

144 1085 358 1152 ἔχουσα,
413 1079 593 1140 ἕπειδὴ
651 1081 721 1152 τῷ
752 1081 920 1154 πολλῷ
977 1084 1142 1154 φθόνῳ
1194 1082 1522 1134 λανθάνουσα
1560 1079 1621 1139 ἧν
1652 1080 1730 1133 ἐπ’

144 1167 434 1232 ἀλλοδαπῆς
504 1174 820 1242 πεποιημένη
901 1176 989 1230 τὴν
1066 1168 1364 1242 διατριϐὴν,
1442 1171 1606 1223 ἐκάλει
1672 1167 1732 1222 δὲ

140 1259 284 1329 μόλις
311 1258 472 1317 αὐτὴν
505 1262 535 1317 ἡ
569 1265 779 1334 πατρὶς,
817 1269 1146 1332 στρατιωτῶν
1183 1257 1414 1320 δικτύοις
1455 1261 1722 1318 ἡλίσκετο.

137 1356 225 1416 ξΩς
266 1345 314 1399 δ’
354 1349 401 1399 ἑν
454 1347 714 1420 ἀμηχάνῳ
759 1349 946 1407 ἑαυτὴν
983 1358 1072 1401 καί
1117 1344 1316 1411 παῖδας
1351 1352 1648 1414 κατεθεᾶτο,
1700 1348 1735 1400 ἅ

137 1455 194 1488 τε
237 1435 548 1508 καραδοκεῖν
601 1435 708 1490 ἔδει
757 1446 857 1489 τῶν
897 1435 1096 1502 δεινῶν,
1127 1437 1358 1492 ἁνεπόλει
1398 1445 1468 1508 τῷ
1505 1447 1592 1509 νῷ,
1644 1441 1734 1490 καὶ

138 1529 198 1577 τὸ
251 1533 345 1586 τῆς
391 1531 626 1599 πορνείας
681 1523 799 1587 δίος
847 1533 951 1587 τοῖς
1000 1525 1248 1599 βιαστοίς
1297 1526 1550 1579 ἀνισείιτο
1579 1543 1591 1556 ·
1651 1527 1736 1578 οἷα

137 1611 268 1686 μηδ’
327 1615 503 1687 οἷκροις
563 1617 690 1667 ὠσὶν
757 1615 964 1668 ἀνεκτόν
1029 1616 1259 1688 οἰομένη,
1327 1617 1557 1669 ὑπετίθει
1625 1621 1737 1675 ταῖς

138 1707 319 1776 κόραις
373 1706 643 1774 φυλάττειν
699 1707 787 1774 μεν
848 1703 1002 1775 ἀθιγῆ
1067 1710 1160 1762 τὴν
1205 1706 1483 1776 παρθενίαν
1538 1704 1609 1766 εἰς
1661 1707 1739 1756 τί·

1131 311 1701 372 ECCLESIASTICA‘]
1738 311 2098 373 HISTORIAE
2141 314 2278 370 LIB.
2332 314 2443 370 VII.

1753 443 1802 498 A

3345 318 3371 374 1
3381 317 3486 374 230

2477 437 2697 496 CAPUT
2732 437 2844 496 XII.

1834 549 1916 604 De
1937 546 2268 616 virginibus
2280 545 2669 619 Antiocheuis
2687 546 2889 619 forma
2903 544 3488 619 arguentibusque-

1940 620 2112 675 modo
2146 617 2430 688 martyrii
2449 617 2708 674 stadium
2733 617 2954 688 pudice
2981 617 3376 676 decurrerint.

1906 727 2020 780 Nec
2049 724 2156 779 viri
2197 727 2451 790 tantum,
2480 723 2585 780 sed
2615 722 2805 780 multo
2843 724 3022 781 etiam
3053 725 3247 795 magis
3274 723 3488 780 mulie-

1836 829 1931 869 res
1953 812 2216 869 virilibus
2249 811 2469 869 animis
2498 812 2782 885 praeclare
2814 827 2880 868 se
2909 819 3244 883 gesserunt.
3279 813 3485 880 Qualis

1837 902 2207 959 Antiochena
2230 901 2330 959 illa
2360 903 2492 970 fuit,
2521 906 2764 975 propter
2791 901 3071 959 virtutem
3093 902 3330 975 aliaque
3361 903 3484 959 exi-

1838 992 1962 1048 mia
1990 996 2346 1048 ornamenta
2391 992 2552 1064 apud
2592 1006 2804 1048 omnes
2834 991 3168 1049 admodum
3213 991 3486 1048 celebris.

1841 1083 1984 1146 Quae
2047 1080 2201 1136 ﬁlias
2255 1080 2410 1136 duas
2452 1080 2714 1151 virgines
2766 1080 2960 1138 forma
3021 1086 3078 1136 et
3113 1081 3307 1137 astatis
3345 1080 3493 1136 ﬂore

1842 1169 2195 1225 excellentes
2250 1169 2503 1236 habens,
2542 1184 2682 1226 cum
2712 1169 2791 1227 ad
2829 1170 3172 1226 evitandum
3201 1169 3490 1225 invidiam

1842 1258 1998 1314 clam
2023 1259 2080 1314 in
2103 1258 2434 1330 longinqua
2461 1264 2616 1316 terra
2639 1258 2830 1315 latens
2856 1259 3212 1331 aliquandiu
3243 1259 3496 1314 mansis-

1844 1353 1949 1413 set,
1983 1351 2038 1402 et
2063 1347 2122 1402 in
2145 1347 2402 1420 patriam
2432 1353 2710 1406 revocata
2737 1353 2912 1419 esset,
2956 1363 2992 1404 a
3018 1347 3277 1404 militum
3305 1362 3498 1403 manu

1842 1452 1966 1493 una
1999 1451 2138 1493 cum
2182 1436 2295 1493 illis
2348 1443 2523 1510 capta
2570 1443 2682 1495 est.
2723 1440 2914 1511 Atque
2973 1446 3036 1493 ut
3081 1438 3151 1493 de
3200 1438 3402 1510 seipsa
3441 1439 3498 1493 et

1843 1526 2056 1598 puellis
2095 1525 2302 1583 itidem
2334 1541 2505 1599 spem
2544 1542 2789 1584 omnem
2836 1527 3070 1599 abjecit,
3104 1542 3361 1600 quisque
3402 1541 3499 1582 ex-

1845 1614 2395 1687 spectandeeessent
2413 1631 2700 1672 aerumnae
2712 1621 2890 1690 atque
2909 1615 3276 1673 calamitates
3291 1630 3499 1672 secum
3576 1654 3579 1655 ν

1845 1703 1976 1774 ipsa
2016 1703 2076 1759 in
2126 1704 2330 1760 animo
2383 1704 2800 1769 consideravit,
2828 1710 2885 1762 et
2935 1705 3014 1762 ab
3054 1705 3348 1776 improbis
3387 1703 3500 1759 illis

137 1792 255 1852 λος·
327 1794 504 1854 πάσης
561 1789 620 1844 δὲ
675 1799 764 1844 καὶ
825 1796 1018 1867 φθορᾶς
1083 1793 1314 1846 επέκεινα
1364 1797 1451 1846 καὶ
1513 1795 1735 1846 θανάτου

1861 1793 2240 1866 violentisque
2283 1793 2630 1850 hominibus
2672 1794 2746 1851 de
2776 1794 3186 1851 fornicationis
3232 1792 3502 1867 periculo

134 1887 302 1953 χείρω
339 1886 433 1940 τὴν
479 1890 576 1933 τῶν
643 1878 866 1934 εἰδώλων
906 1882 1144 1957 λατρείαν
1196 1884 1326 1936 εἶναι
1363 1883 1515 1934 πάλιν
1568 1881 1740 1934 ἐπεισ-

137 1978 316 2041 ηγεῖτο
343 1986 356 2000 ·
417 1973 527 2023 ὅθεν
568 1976 660 2023 καὶ
700 1977 822 2044 μίαν
877 1973 1025 2023 λύσιν
1081 1971 1209 2024 εἶναι
1247 1973 1464 2040 τούτων,
1511 1976 1605 2030 τὴν
1655 1973 1738 2023 ἰπὶ

135 2065 230 2112 τὸν
287 2062 472 2134 Κύριον
534 2061 730 2121 πάντως
776 2064 1102 2132 καταφυγὴν,
1147 2068 1314 2133 σοφῶς
1353 2061 1603 2114 ὑπετίθει.
1640 2064 1741 2113 Καὶ

138 2145 214 2206 δή
252 2155 374 2220 μιᾶς
424 2151 577 2220 ἄμφω
610 2156 822 2220 γνώμης
851 2154 1138 2222 γενόμεναι,
1173 2155 1400 2221 κοσμίως
1433 2167 1488 2202 τε
1531 2152 1596 2201 τὰ
1645 2153 1743 2201 σὼ·

136 2257 286 2309 ματα
333 2238 747 2310 περιστείλασαι,
789 2235 864 2300 οἷς
906 2240 931 2290 ὁ
960 2243 1142 2312 καιρὸς
1178 2236 1463 2310 ἆσχεδίαζε
1502 2237 1743 2312 περιϐλή-

136 2345 297 2399 μασι,
354 2330 488 2379 κατὰ
553 2332 710 2399 μέσον
761 2333 1027 2400 γενόμεναι
1080 2338 1173 2391 τῆς
1229 2325 1378 2393 όδοῡ,
1445 2333 1630 2400 μικρόν
1691 2346 1743 2379 τι

135 2419 585 2488 ἀναχωρήσασαι,
636 2422 725 2469 καὶ
770 2422 862 2474 τὴν
910 2426 1008 2469 τῶν
1038 2417 1273 2489 φυλάκων
1304 2417 1422 2488 ὄψιν
1447 2434 1744 2492 παρακρου-

137 2508 384 2576 σάμεναι,
444 2504 527 2557 ἐπὶ
578 2508 662 2557 τὸν
717 2509 884 2557 ἐκείσέ
934 2523 1034 2558 που
1095 2507 1456 2580 παραρρέοντα
1513 2509 1744 2577 ποταμὸν

138 2595 332 2655 ἑαυτὰς
371 2598 771 2651 κατηκόντισαν.
825 2598 924 2648 Καὶ
980 2591 1106 2652 ἄλλη
1153 2592 1204 2647 δ’
1256 2592 1488 2667 ἀδελφῶν
1529 2595 1746 2669 ξυνωρὶς

144 2683 233 2736 ἐπὶ
273 2690 360 2743 τῆς
408 2683 570 2744 αὐτῆς
616 2684 825 2752 πόλεως,
879 2688 969 2736 καὶ
1016 2686 1120 2754 ούχ
1162 2684 1315 2742 ἧττον
1356 2688 1384 2741 ἤ
1439 2683 1626 2736 ἐκεῖναι
1658 2689 1746 2736 καὶ

147 2775 390 2845 παρθένοι
437 2777 524 2825 καὶ
568 2769 767 2844 ἀδελφὰ
824 2781 894 2843 τῷ
947 2777 1054 2824 ὄντι
1093 2781 1395 2845 φρονοῦσαι,
1446 2773 1649 2844 πλούτῳ
1694 2790 1747 2825 τι

155 2866 246 2914 καὶ
295 2859 421 2934 δόξῃ
472 2858 682 2923 ούδενὸς
739 2865 806 2914 τὰ
853 2859 1073 2934 δεύτερα
1118 2866 1390 2936 φέρουσαι,
1456 2861 1642 2922 ἐπίσης
1693 2865 1746 2914 τὶ

153 2955 247 3013 τὰς
303 2951 446 3022 ὄψεις
495 2955 685 3023 ὡραῖαι
737 2957 827 3004 καὶ
868 2956 956 3009 τὴν
994 2951 1180 3023 ψυχὴν
1224 2960 1442 3023 ευγενεῖς
1475 2969 1488 2983 ·
1541 2951 1749 3023 ἐφάμιλ-

148 3041 236 3092 λαι
275 3038 333 3093 δι
386 3045 492 3112 ούχ
541 3041 696 3098 ἧττον
743 3045 832 3093 καὶ
857 3045 952 3098 τὴν
985 3037 1219 3100 σπουδὴν
1250 3040 1332 3094 ἐπὶ
1363 3049 1470 3103 τοῖς
1497 3043 1636 3103 ἴσοις
1661 3044 1747 3094 τὸν

1846 1897 1918 1939 ea
1939 1897 2074 1954 quae
2097 1897 2206 1938 nec
2237 1885 2492 1939 summis
2521 1883 2770 1940 auribus
2798 1883 3046 1940 ferenda
3083 1897 3212 1939 esse
3233 1882 3504 1939 videren-

1847 1977 1942 2027 tur
1970 1970 2220 2036 audivit,
2261 1986 2401 2028 cum
2422 1971 2576 2028 ﬁlias
2628 1972 2709 2028 ad
2777 1971 3178 2042 virginitatem
3211 1987 3403 2044 usque
3425 1971 3505 2027 ad

1850 2061 1982 2116 vitae
2002 2060 2037 2115 ﬂ
2048 2075 2184 2118 nem
2207 2061 2557 2118 inviolatam
2574 2062 3051 2119 conservandam
3066 2061 3500 2127 estadhortata,

1850 2155 1977 2206 tum
2019 2165 2158 2206 vero
2214 2151 2515 2206 idolorum
2574 2150 2801 2207 cultum
2858 2150 3074 2224 quovis
3130 2150 3367 2207 interitu
3435 2165 3506 2206 ac

1851 2244 2040 2295 morte
2071 2239 2424 2295 deteriorem
2456 2255 2588 2296 esse
2627 2240 2742 2296 illis
2780 2239 3078 2313 persuasit
3117 2257 3131 2295 :
3159 2255 3347 2296 unum
3370 2254 3507 2296 esse

1853 2329 2159 2401 utriusque
2179 2327 2323 2385 mali
2347 2328 2636 2400 effugium
2681 2329 2979 2400 sapienter
3017 2343 3313 2395 asserens,
3354 2328 3405 2383 si
3427 2326 3506 2384 ad

1855 2418 2172 2474 Dominum
2225 2418 2627 2490 perfugerent.
2662 2417 2841 2491 455
2891 2416 3104 2474 Puellae
3159 2432 3338 2491 porro
3368 2431 3508 2472 cum

1852 2506 2050 2563 ambae
2083 2507 2140 2561 in
2182 2507 2379 2563 matris
2435 2508 2791 2564 sententiam
2848 2507 3244 2573 discederent,
3301 2520 3510 2577 corpo-

1852 2596 2018 2653 ribus
2065 2596 2188 2650 suis
2261 2597 2371 2652 rite
2428 2601 2609 2668 atque
2661 2597 2938 2653 decenter
2967 2613 3038 2653 eo
3078 2595 3290 2653 habitu
3320 2608 3506 2668 quem

1856 2691 1982 2742 tum
2012 2689 2246 2756 tempus
2285 2685 2714 2758 suppeditabat
2752 2686 3009 2753 amictis,
3039 2685 3182 2758 quia
3217 2687 3279 2740 in
3309 2684 3509 2740 medio

1856 2780 2022 2830 erant
2048 2774 2274 2838 itinere,
2297 2773 2610 2846 paululum
2640 2789 2678 2832 a
2706 2775 2805 2832 via
2829 2774 3134 2846 digressae,
3158 2773 3510 2831 custodibus

1854 2863 2138 2935 deceptis,
2170 2862 2231 2918 in
2255 2862 2510 2919 ﬂuvium
2536 2863 2641 2936 qui
2669 2863 2777 2920 tibi
2802 2862 3243 2936 praeterﬂuebat
3276 2877 3340 2917 se
3369 2876 3515 2917 con-

1851 2953 2044 3025 jecere
2076 2951 2174 3024 (l).
2216 2951 2390 3007 Aliud
2431 2967 2672 3024 quoque
2712 2954 2774 3008 in
2813 2952 3028 3009 eadem
3077 2951 3515 3008 urbesororum

1857 3055 1986 3113 par,
2020 3055 2142 3097 non
2170 3041 2369 3097 minus
2402 3057 2590 3114 quam
2616 3041 2730 3098 illa:
2781 3041 3139 3115 virginitatis
3165 3041 3324 3106 dote,
3366 3055 3515 3096 una.

145 3130 326 3201 ἀγῶνα
383 3129 805 3202 διαπονούμεναι,
856 3134 925 3192 ὡς
967 3131 1027 3182 ἄν
1074 3135 1144 3202 μὴ
1180 3138 1276 3193 τῆς
1317 3138 1417 3202 γῆς
1467 3133 1747 3204 χωρούσης

1861 3129 2006 3186 nimi
2051 3144 2371 3198 consensu,
2421 3129 2866 3202 pulchritudine
2907 3130 3124 3200 vultus,
3173 3131 3517 3187 animorum

141 3222 217 3271 τὰ
292 3227 526 3271 τοσαῦτα
589 3221 746 3290 καρὰ,
816 3218 1075 3280 θαλάττης
1133 3219 1340 3280 κόλποις
1426 3218 1743 3294 ἐρρίπτοντο.

145 3312 302 3362 Οὕτω
349 3308 448 3381 γὰρ
506 3307 732 3360 ἐκέλευον
771 3310 820 3359 οἱ
874 3313 966 3366 τὴν
1011 3313 1199 3360 κακίαν
1257 3307 1572 3362 ἁνείκαστοι.
1615 3310 1746 3381 Ἐγὼ

145 3396 214 3451 δι
265 3401 351 3449 καὶ
380 3396 501 3449 ἄλλο
536 3400 682 3471 ἔργον
730 3400 984 3472 παρθένου
1028 3405 1218 3466 σεμνῆς
1260 3398 1464 3451 ἀστεῖον
1513 3400 1582 3462 εἰς
1628 3396 1743 3457 διήι

142 3503 220 3559 γη
231 3503 311 3538 σιν
341 3489 548 3559 παροιθή
559 3504 738 3558 σομαι.

1857 3219 2250 3290 generositate
2276 3218 2472 3286 clam,
2501 3219 2722 3276 divitiis
2753 3235 2995 3292 quoque
3025 3224 3082 3275 et
3110 3217 3380 3291 praeclari
3411 3233 3515 3274 no-

1858 3309 2037 3364 minis
2075 3308 2239 3366 fama
2286 3307 2396 3364 illis
2427 3323 2551 3366 non
2602 3307 2932 3375 inferiores,
2989 3307 3186 3364 studio
3227 3308 3408 3363 etiam
3461 3309 3518 3363 et

1857 3397 2235 3453 aemulatione
2278 3412 2479 3469 pares,
2521 3397 2735 3454 eodem
2783 3398 3163 3454 decurrentes
3212 3395 3431 3460 stadio,
3455 3398 3519 3452 ut

1859 3490 1976 3540 tam
1989 3501 2083 3540 em
2114 3499 2236 3540 non
2265 3485 2393 3541 sola
2423 3491 2577 3542 terra
2615 3486 2666 3558 ej
2679 3486 2984 3542 uscemodi
3023 3485 3314 3542 obtineret
3344 3498 3520 3540 orna-

148 3582 374 3638 menta,
407 3577 466 3630 iu
499 3573 698 3631 sinum
727 3575 907 3631 maris
948 3575 1175 3646 seipsas
1203 3575 1668 3648 praecipitarunt.
1713 3578 1831 3632 Hoc
1869 3575 2029 3629 enim
2060 3573 2141 3629 ita
2166 3589 2267 3628 eas
2296 3572 2512 3641 facere,
2552 3590 2810 3647 quorum
2841 3573 3330 3646 incomparabilis
3361 3576 3521 3630 esset

146 3662 526 3734 improbitas,
559 3670 973 3736 persecutores
1005 3665 1182 3720 simul
1229 3670 1284 3719 et
1335 3664 1623 3736 impudici
1672 3665 1947 3721 homines
1974 3662 2289 3732 cogebant.
2335 3663 2572 3719 Addam
2616 3679 2860 3737 quoque
2893 3662 3055 3721 aliud
3094 3662 3292 3734 gravis
3331 3666 3388 3719 et
3413 3676 3523 3734 pu.

148 3753 305 3810 dicte
332 3753 594 3824 virginis,
623 3759 898 3809 sanctum
928 3753 1176 3824 quidem
1202 3753 1366 3818 illud,
1399 3753 1505 3809 sed
1527 3754 1802 3811 festivum
1833 3752 2012 3809 etiam
2035 3757 2214 3823 atque
2240 3750 2502 3809 facetum
2532 3751 2778 3810 factum.

774 3871 1015 3923 KE<I>AA.
1051 3864 1148 3923 Il".

163 3981 315 4051 Περὶ
354 3973 550 4027 ἄλλων
592 3977 917 4048 παρθένων
956 3979 1065 4026 καὶ
1107 3974 1430 4051 ἀσκητοξν,
1494 3978 1598 4028 ἐπὶ
1639 3995 1758 4028 σω-

305 4048 588 4120 φροσύνῃ
631 4043 737 4099 καὶ
777 4049 1164 4122 μαρτυρίοις
1193 4066 1305 4120 περ
1325 4043 1609 4104 ιϐοήτων.

231 4152 394 4212 Ἄλλη
451 4151 510 4206 δέ
555 4173 630 4214 τις
664 4152 930 4224 πάγκαλόν
958 4173 1010 4204 τι
1061 4162 1252 4228 χρῆμα
1295 4157 1384 4206 καὶ
1416 4150 1606 4206 ἄσυλον
1637 4152 1760 4206 ἀνά-

160 4247 307 4316 θημα
351 4245 627 4317 παρθενίας
683 4238 809 4295 εἶναι
877 4247 1297 4317 μαρτυρουμένη,
1375 4245 1480 4296 ἐπεὶ
1577 4243 1762 4302 συλλη-

2492 3866 2717 3926 CAPUT
2761 3868 2895 3924 XIII.

1865 3976 1951 4032 De
1982 3973 2120 4032 aliis
2142 3974 2474 4047 virginibus
2502 3982 2559 4032 et
2589 3977 2917 4047 monachis,
2941 3976 3236 4046 pudicitia
3259 3975 3438 4034 simul
3467 3981 3522 4034 et

2422 4046 2719 4117 martyrio
2742 4047 2952 4106 claris.

1938 4153 2067 4208 Alia
2099 4152 2382 4225 quaedam
2400 4153 3058 4226 puella,perpulchrum
3089 4159 3144 4212 et
3167 4154 3523 4212 inuolutum

1870 4242 2207 4298 testimonio
2238 4243 2511 4299 omnium
2541 4243 2899 4314 virginitatis
2921 4244 3526 4316 ornamentum,quia

157 4336 350 4406 φθείσα
404 4336 461 4384 τὸ
520 4334 655 4384 θύειν
713 4334 779 4393 ὡς
855 4328 1018 4383 δεινόν
1067 4332 1377 4405 ἐξετρέπετο,
1454 4330 1747 4392 ἀκολάστοις

1871 4331 2312 4402 comprehensa
2337 4331 2587 4387 deorum
2608 4331 2837 4389 cultum
2866 4338 2931 4389 ut
2960 4349 3269 4390 summum
3295 4333 3528 4388 malum

159 4419 391 4493 ἀνδράσι
421 4424 550 4493 πρὸς
581 4421 968 4493 αἰσχρουργίαν
999 4417 1232 4473 ἐδίδοτο.
1275 4419 1362 4482 Ὡς
1415 4417 1464 4474 δ’
1509 4419 1760 4492 ἀπήγετο,

157 4511 278 4564 καθ’
312 4508 436 4562 ὀδόν
475 4511 611 4562 οὕτω
658 4508 883 4582 συμϐὰν,
916 4507 1220 4581 ἐντυγχάνει
1258 4518 1329 4580 τῷ
1377 4507 1614 4582 προίδρῳ
1668 4518 1764 4571 τῆς

158 4600 356 4661 πόλεως
390 4615 402 4628 ·
436 4598 688 4671 ’Ἃνθιμος
726 4599 750 4650 ὁ
798 4607 889 4658 τῆς
917 4595 1258 4671 Νικομήδους
1295 4603 1388 4657 τὴν
1417 4604 1762 4669 ποιμαντικὴν

157 4685 416 4749 τηνικάδε
475 4685 819 4761 διαχειρίζων
852 4687 912 4749 ἧν
945 4708 957 4720 ·
1004 4695 1092 4742 καὶ
1147 4695 1398 4764 προσιὼν,
1433 4687 1760 4754 ἐπυνθάνετο,

159 4780 409 4850 ὁπότερον
458 4776 617 4829 {tam
660 4777 890 4848 μάλιστα
948 4775 1098 4851 δρᾷν,
1160 4781 1348 4850 ὁμοίως
1403 4782 1554 4830 ὄντων
1613 4773 1765 4848 ἄμφω

159 4875 361 4920 κακῶν.
393 4872 488 4918 Τόν
537 4863 614 4931 δὲ,
651 4865 814 4918 Καλόν
850 4863 1000 4930 εἶναι,
1045 4869 1200 4940 φάναι
1252 4866 1424 4938 λόγος,
1467 4869 1638 4918 τέκνον
1673 4865 1766 4917 Εὗ-

161 4960 386 5031 φρασία,
428 4960 518 5006 καὶ
567 4955 623 5007 τὸ
650 4961 740 5015 τῆς
779 4955 980 5026 ἁγνείας
1015 4956 1290 5008 κάλλιστον
1327 4952 1492 5027 δῶρον
1527 4974 1538 4986 ·
1597 4955 1766 5025 πολλῷ

159 5064 222 5118 γε
272 5045 373 5116 μὴν
429 5042 628 5115 βέλτιον
671 5045 701 5100 ἡ
752 5051 848 5105 τῆς
899 5049 1120 5104 πίστεως
1159 5043 1334 5101 ἐντολή
1367 5063 1378 5074 ·
1436 5046 1542 5095 ἐπεί
1577 5047 1657 5094 τοί
1710 5061 1769 5114 γε

161 5134 264 5187 κάν
346 5134 654 5204 περιστάσει
735 5131 904 5200 πολλῷ
985 5140 1218 5205 κρεῖττον
1275 5130 1634 5205 διαρπαγῆναι
1710 5135 1767 5184 τὸ

164 5222 361 5277 πέπλον
419 5225 548 5294 ἤπερ
609 5221 734 5273 αύτὸ
786 5225 842 5273 τὸ
897 5230 1087 5293 σῶμα·
1139 5221 1232 5273 κάν
1289 5229 1396 5284 τοῖς
1440 5229 1670 5293 παροῦσι
1713 5217 1771 5272 δὲ

163 5319 501 5385 πειρασμοῖς,
558 5314 611 5361 τὸ
663 5313 776 5361 ’ίσον
830 5319 1028 5383 χρῆναι
1087 5309 1515 5363 διασκοπεῖσθαι.
1579 5309 1640 5364 Εἰ
1698 5314 1768 5381 μὴ

166 5401 442 5472 ἀμφότερα
495 5395 762 5472 διατηρεῖν
812 5401 948 5451 ἔστιν
1006 5401 1232 5471 ἐφικτόν,
1285 5403 1377 5457 τὴν
1424 5398 1609 5470 ψυχὴν
1655 5400 1775 5470 ἁμί-

167 5506 327 5544 αντον
370 5491 490 5548 τέως
535 5481 802 5561 διατηρεῖν
848 5491 1180 5563 αἱρετώτερον
1234 5490 1474 5562 ἥγημαι·
1527 5493 1616 5541 καὶ
1672 5491 1776 5541 τοί-

255 5615 336 5691 (1)
362 5612 575 5670 Euseb.
609 5612 718 5670 lib.
758 5629 877 5680 Vlll,
916 5628 1050 5686 cap.
1090 5615 1173 5668 12.

1872 4425 2148 4477 aversata
2193 4420 2404 4485 fuerat,
2455 4422 2888 4491 impotentibus
2917 4427 2975 4478 et
3017 4422 3338 4494 impudicis
3385 4421 3528 4476 viris

1872 4508 1951 4564 ad
1974 4506 2301 4563 ludibrium
2345 4512 2402 4563 et
2443 4513 2679 4580 turpem
2725 4509 3036 4565 libidinem
3073 4510 3289 4566 tradita
3317 4513 3424 4565 est.
3467 4510 3532 4562 Et

1874 4599 1975 4653 illa
1999 4599 2128 4669 jam
2185 4597 2264 4653 ita
2313 4597 2745 4668 abducebatur,
2804 4615 2943 4656 cum
2981 4600 3034 4655 ei
3082 4615 3230 4654 casu
3259 4598 3529 4670 quodam

1877 4686 2024 4742 inter
2055 4685 2319 4741 eundum
2352 4688 2596 4742 antistes
2629 4688 2890 4744 ecclesiae
2919 4687 3388 4744 Nicomediensis
3417 4692 3532 4741 An-

1878 4774 2325 4830 thimusobvius
2343 4774 2428 4831 ﬁt.
2457 4776 3295 4848 lbiqueabillainterrogatus,
3331 4781 3532 4830 utrum

1880 4865 1995 4920 sibi
2026 4881 2057 4920 e
2086 4865 2328 4920 duobus
2360 4866 2697 4937 aequalibus
2729 4867 2907 4922 malis
2955 4866 3152 4934 magis
3185 4865 3532 4934 eligendum

1880 4954 2191 5020 videretur,
2228 4955 2598 5026 respondens
2625 4955 2720 5010 ille
2754 4976 2766 5008 :
2800 4955 2962 5023 Filia,
3013 4955 3226 5026 inquit,
3272 4953 3537 5024 Euphra-

1880 5044 1987 5107 sia,
2030 5042 2500 5114 pulcherrimum
2535 5045 2776 5115 quidem
2821 5049 2911 5100 est
2966 5050 3145 5099 castae
3177 5041 3534 5113 virginitatis

1881 5128 2244 5196 donum,sed
2261 5132 2458 5203 majus
2475 5133 2974 5206 praestantiusque
2987 5133 3126 5188 fidei
3141 5137 3530 5204 praeceptum.

1883 5221 2385 5293 Quandoquidem
2415 5224 2597 5288 enim,
2630 5221 2680 5278 si
2718 5238 2894 5279 casus
2947 5222 3162 5293 aliquis
3201 5227 3303 5276 aut
3331 5235 3538 5274 neces-

1883 5309 2027 5365 sitas
2058 5311 2137 5365 ita
2159 5310 2352 5374 ferret,
2387 5311 2573 5367 multo
2597 5313 2789 5382 magis
2812 5311 3035 5382 pallam
3070 5310 3266 5382 ipsam
3296 5315 3538 5381 praesta-

1881 5403 1970 5454 ret
2007 5414 2194 5471 quam
2226 5415 2445 5471 corpus
2501 5399 2917 5472 diripientibus
2957 5399 3119 5466 dare,
3151 5399 3210 5454 in
3239 5397 3542 5471 praesenti-

1883 5485 1999 5545 bus
2029 5502 2272 5562 quoque
2311 5487 2487 5548 malis
2525 5494 2583 5550 et
2620 5487 3053 5550 tentationibus
3101 5487 3316 5549 eodem
3352 5486 3540 5547 modo
