4028 6294
592 288 723 345 1231

1891 277 2271 339 NICEPHOBI
2312 275 2629 337 CALLlSTl
3724 288 3817 346 H3!

582 431 710 471 rem
740 415 1031 486 dispicere
1058 410 1353 467 convenit.
1393 411 1461 465 Et
1503 410 1550 464 si
1583 409 1952 482 permissum
1981 425 2104 466 non
2137 413 2228 465 est

2346 429 2427 461 νυν
2493 413 2580 462 τὸν
2646 417 2764 461 νοῦν
2824 408 3226 482 παριστάνουσα
3286 404 3547 485 ίρρωμένον
3586 423 3634 486 τῇ
3688 423 3819 482 πίστει,

587 509 649 559 ut
671 510 992 575 utrumque
1022 503 1296 565 retineas,
1339 508 1402 555 ut
1427 499 1635 554 saltem
1674 500 1943 556 animam
1967 501 2230 555 inconta-

581 594 872 649 minatam
903 606 1238 656 conserves,
1269 589 1613 646 faciendum
1667 588 1768 644 tibi
1800 604 1932 644 esse
1963 589 2138 653 duco,
2166 593 2231 643 ut

582 682 802 738 scilicet
830 685 1025 735 mente
1053 680 1189 750 ipsa
1217 695 1321 747 per
1360 678 1541 733 ﬁdem
1579 677 1952 742 conﬁrmata,
1985 693 2228 733 carnem

579 771 808 840 injuriis
859 775 914 824 et
960 767 1337 824 contumeliis
1399 766 1818 838 improborum
1885 768 2221 839 permittas.
2263 793 2274 800 -

583 859 835 914 Consilio
868 858 975 913 viri
1007 857 1134 928 ejus
1156 856 1414 926 cognito,
1445 855 1649 912 animo
1679 855 2009 912 etiamnum
2051 855 2230 928 456

581 949 644 1013 in
710 954 1022 1019 utramque
1065 951 1292 1018 partem
1355 945 1698 1015 ﬂuctuante,
1759 945 2127 1017 tandemque
2167 959 2232 998 se

581 1042 647 1094 ut
679 1042 996 1108 utrumque
1019 1035 1250 1091 salvum
1264 1035 1538 1090 retineret
1550 1035 1965 1103 conﬁrmante,
1987 1049 2109 1106 quo
2129 1033 2233 1088 ab-

582 1126 915 1182 ducebatur
940 1125 1221 1197 sequitur.
1258 1126 1447 1195 Atque
1480 1123 1580 1178 ubi
1606 1125 1733 1192 jam
1783 1123 1845 1178 in
1883 1123 2096 1178 eodem
2143 1125 2236 1177 est

582 1214 851 1270 conclavi
883 1231 1019 1269 cum
1043 1213 1319 1283 improbo
1345 1213 1560 1283 juvene
1586 1211 1813 1278 clausa,
1845 1211 2060 1268 techna
2087 1227 2234 1283 qua-

581 1305 723 1358 dam
750 1302 913 1358 illum
942 1303 1330 1357 circumvenit
1364 1301 1463 1372 (t).
1498 1301 1837 1357 Veneﬁcam
1870 1317 1932 1356 se
1957 1317 2088 1356 esse
2103 1315 2236 1371 pro-

581 1391 799 1455 ﬁtetur,
827 1391 1288 1461 mercedemque
1323 1389 1626 1461 ingentem
1667 1395 2030 1446 conservatae
2059 1388 2235 1460 pudi-

581 1482 730 1536 citiae
787 1480 1114 1551 pollicetur,
1165 1495 1298 1550 quas
1349 1495 1486 1533 eum
1528 1495 1563 1534 a
1627 1483 1818 1534 morte
1867 1484 2177 1533 conservet
2217 1492 2231 1532 :

581 1569 976 1642 pharmacum
1007 1567 1242 1632 scilicet,
1285 1583 1407 1639 quo
1430 1567 1525 1622 ille
1569 1573 1911 1639 perunctus,
1951 1566 2014 1622 in
2057 1565 2237 1622 bello-

581 1675 713 1714 rum
745 1656 1171 1712 certaminibus
1189 1660 1245 1709 et
1283 1655 1500 1728 praeliis
1531 1655 1695 1712 nullo
1716 1671 1964 1728 prorsus
2003 1655 2118 1710 telo
2135 1656 2238 1710 aut

2339 502 2432 554 τὴν
2493 505 2666 572 σάρκα
2715 496 3058 571 ὑϐριζομένην
3123 498 3227 569 έᾴν.
3319 501 3458 552 Ἐπεὶ
3517 501 3593 552 οὖν
3648 507 3745 574 ETw
3788 515 3822 559 si

2339 586 2622 658 εἰρημένον,
2675 585 2999 660 ἀμφίρροπος
3048 583 3182 640 οὖσα
3252 592 3338 640 τὸν
3387 597 3518 654 νοῦν,
3565 597 3641 648 τὴν
3692 614 3825 663 προκεί-

2338 680 2494 746 μένην
2564 672 2829 741 έϐάδιζεν,
2895 677 3138 749 ὁπότερον
3208 677 3413 729 ἃέσθαι
3471 674 3822 752 διισχυριζομίη.

2337 772 2426 826 Ὠς
2474 761 2562 816 οὖν
2610 764 2676 824 εὶς
2736 768 2894 816 ταῦτό
2950 766 3286 824 συνεκλείσθη
3342 775 3413 836 τῷ
3485 768 3692 840 ὑϐριστῇ,
3727 778 3824 842 τέχνῃ

2341 849 2408 911 δή
2469 873 2571 904 τινι
2627 861 2806 905 τοῦτον
2859 855 3268 926 κατασοφίζεται
3299 872 3313 885 ⁸

2341 938 2653 1013 διωμολόγει
2685 962 2698 974 ·

3362 863 3606 930 φαρμακὶς
3640 862 3717 930 γὰρ
3753 859 3829 911 εἶναι

2754 949 2843 994 καὶ
2869 947 3058 1015 μισθὸν
3090 954 3185 1004 τῆς
3219 942 3434 1005 ἀσυλίας
3474 948 3704 1018 φάρμακον
3726 949 3830 1018 iuius

2339 1039 2637 1106 παρασχεῖν
2686 1033 3020 1103 ὑπισχνεῖτο,
3068 1037 3124 1085 τό
3177 1038 3249 1104 μὴ
3309 1036 3543 1091 θνήσκειν
3588 1039 3690 1086 ποτε
3724 1038 3832 1107 προξε-

2339 1129 2456 1172 νοῦν
2487 1140 2499 1153 ·
2648 1123 2998 1193 χρισάμενοεν
3029 1121 3079 1173 ίν
3132 1130 3249 1184 ταῖς
3277 1132 3376 1175 τῶν
3426 1123 3637 1194 πολέμων
3663 1124 3832 1195 suum,

2343 1208 2595 1262 ἀνάλωτον
2643 1216 2961 1282 πᾶραμεῖναι
3012 1209 3240 1283 σιδήρῳ.
3285 1212 3344 1264 Εἰ
3403 1209 3463 1264 δέ
3506 1232 3560 1282 γε
3593 1219 3670 1264 καὶ
3710 1222 3832 1284 πεῖραι,

2343 1302 2492 1369 φησὶ,
2541 1306 2633 1350 τοῦ
2677 1298 2948 1370 λεγομένου
3009 1298 3322 1352 κατιδέσθαι
3389 1299 3578 1371 βούλει,
3619 1301 3765 1353 αὐτίκα
3796 1302 3828 1358 δὲ

2345 1405 2429 1438 σοι
2481 1387 2684 1458 παρέξω
2729 1387 2871 1459 μάλα
2916 1387 3178 1459 λαμπράν.
3229 1393 3328 1441 Καὶ
3369 1390 3428 1450 ὃς
3470 1390 3646 1441 αὐτίκα
3689 1391 3826 1462 ἐπίτρεπε

2347 1477 2618 1536 σκευάζειν
2664 1482 2722 1529 τό
2763 1480 3053 1552 φάρμακον.
3111 1477 3169 1531 Ἡ
3223 1475 3284 1530 δι
3329 1484 3460 1551 σοφὴ
3513 1487 3580 1549 τῷ
3617 1479 3824 1544 ῶτιέιώι,

2343 1569 2504 1640 κηρόν
2553 1565 2705 1637 ἐλαίῳ
2760 1567 3084 1632 συντήξασα,
3140 1575 3254 1629 ταῖς
3302 1572 3465 1640 χερσὶ
3507 1568 3824 1640 κατεμάλασπι·

2345 1651 2457 1706 εἶτα
2497 1659 2586 1706 καὶ
2637 1660 2724 1707 τόν
2777 1656 2978 1727 αὐχένα
3031 1659 3230 1718 ἐκείνης
3304 1656 3592 1730 περικύκλῳ
3636 1656 3765 1729 ilus:
3792 1678 3832 1706 n-

582 1745 735 1802 ferro
763 1745 970 1801 violari
1011 1753 1114 1800 aut
1176 1744 1390 1800 confici
1433 1749 1653 1816 posset.
1712 1744 1884 1810 Quod
1933 1744 1978 1798 si
2029 1743 2104 1799 de
2134 1743 2235 1799 tali

2346 1748 2665 1814 ταχρίουσα.
2705 1743 2793 1806 Ὠς
2833 1742 2892 1796 δὲ
2938 1749 3094 1818 πέρας
3143 1746 3281 1816 εἶχεν
3328 1745 3460 1816 αὐτῇ
3515 1748 3544 1803 ἡ
3584 1745 3759 1809 ἐπίνοια,
3786 1766 3837 1794 πι-

582 1834 868 1904 remedio,
900 1833 1114 1905 inquit,
1174 1833 1504 1904 periculum
1558 1833 1749 1889 facere
1800 1834 1910 1898 vis,
1967 1833 2119 1888 illico
2173 1832 2236 1888 id

583 1925 688 1980 tibi
713 1924 1027 1979 manifesto
1057 1922 1374 1979 exhibebo.
1417 1922 1514 1978 Ille
1557 1923 1617 1978 id
1651 1923 1847 1978 statim
1887 1923 2084 1994 parari
2109 1937 2237 1993 per-

585 2014 778 2068 mittit.
809 2015 952 2066 Tum
987 2011 1086 2066 illa
1118 2028 1252 2067 vere
1294 2011 1552 2082 sapiens,
1601 2027 1800 2067 ceram
1841 2011 1970 2066 oleo
1991 2010 2234 2082 liquefa-

581 2107 761 2167 ctam,
786 2101 1189 2172 manibusque
1204 2101 1517 2156 subactam
1534 2099 1687 2156 collo
1717 2116 1826 2155 suo
1847 2100 2235 2156 circumcirca

580 2191 876 2260 inungeus
905 2189 1080 2246 illinit
1112 2206 1123 2243 :
1158 2189 1322 2261 quod
1380 2188 1483 2243 ubi
1537 2189 1797 2260 perfecit,
1845 2195 2043 2260 petere
2094 2203 2233 2243 eum

575 2279 851 2350 jugulum
885 2295 1064 2334 suum
1095 2293 1234 2332 ense
1265 2277 1486 2348 quibus
1517 2284 1721 2349 posset
1749 2278 1976 2333 viribus
1992 2277 2229 2347 adacto,

578 2367 944 2439 remediique
971 2367 1100 2436 ejus
1139 2366 1259 2419 vim
1291 2371 1348 2420 et
1381 2364 1713 2421 efﬁcaciam
1752 2365 2006 2437 experiri
2036 2366 2230 2437 jubet.

577 2458 767 2527 Atque
801 2456 893 2510 ille
923 2471 1110 2527 quam
1151 2453 1338 2525 potuit
1372 2453 1736 2510 validissime
1775 2470 1981 2510 ensem
2002 2455 2064 2509 in
2098 2470 2233 2509 eam

579 2545 837 2606 demisit,
871 2561 942 2600 ac
965 2544 1204 2599 beatum
1231 2542 1386 2598 illius
1413 2549 1592 2615 caput
1634 2543 1753 2599 ictu
1797 2559 1919 2598 uno
1958 2544 2231 2599 resecuit.

581 2632 976 2688 Consimiliter
1001 2631 1138 2687 huic
1169 2631 1337 2702 virgo
1367 2631 1484 2687 alia
1533 2630 1872 2687 libidinosis
1904 2631 1981 2687 ad
1999 2637 2234 2703 turpem

581 2721 964 2777 concubitum
993 2721 1154 2785 data,
1183 2719 1256 2776 ad
1308 2735 1444 2776 eam
1489 2719 1886 2786 venientibus,
1927 2720 2235 2791 putridum

582 2811 1120 2881 contagiosumque
1151 2807 1321 2864 ulcus
1347 2825 1412 2864 se
1440 2807 1502 2864 in
1531 2809 1694 2864 tectis
1728 2810 2014 2865 membris
2042 2809 2236 2865 occul-

583 2900 772 2970 tisque
794 2898 937 2954 locis
964 2897 1185 2954 habere
1216 2897 1365 2954 dixit
1396 2915 1410 2952 :
1445 2897 1834 2970 eosdemque,
1863 2902 1928 2952 ut
1957 2898 2069 2953 sibi
2096 2897 2235 2969 ipsis

581 2994 910 3058 parcerent,
970 3002 1045 3042 ne
1086 2986 1310 3042 scilicet
1369 2986 1805 3042 consuetudine
1862 3002 2116 3042 venerea
2173 3001 2235 3041 se

581 3091 825 3148 quoque
865 3091 935 3132 eo
976 3075 1134 3131 malo
1190 3075 1691 3139 contaminarent,
1743 3076 1979 3146 rogavit
2020 3074 2235 3141 ;dilato

583 3164 1095 3234 fmdicongressus
1122 3170 1407 3235 tempore,
1447 3179 1632 3235 quam
1654 3165 1916 3234 primum
1940 3165 2236 3236 integram

583 3253 987 3310 valetudinem
1030 3257 1455 3324 recuperasset,
1489 3268 1551 3306 se
1589 3251 1651 3306 in
1702 3257 1988 3323 potestate
2026 3268 2236 3309 eorum

583 3343 844 3398 futuram
869 3341 1148 3413 pollicita.
1189 3340 1277 3395 Ad
1316 3340 1478 3396 hunc
1520 3340 1771 3396 modum
1797 3341 2038 3410 :insanis
2072 3358 2236 3398 ama-

584 3432 808 3488 toribus
855 3431 1140 3502 deceptis,
1175 3432 1327 3486 Deus
1375 3430 1727 3502 pudicitiam
1783 3431 1914 3502 ejus
1969 3431 2072 3487 tali
2109 3437 2236 3487 arte

583 3521 978 3584 conservavit,
1004 3524 1062 3575 et
1086 3535 1148 3574 se
1178 3519 1276 3575 illa
1314 3519 1393 3574 ab
1417 3518 1532 3574 illis
1557 3519 1829 3576 absolvit.
1881 3520 2044 3576 Alius
2075 3521 2237 3577 enim

577 3611 813 3684 juvenis
837 3609 1108 3682 quidam,
1135 3609 1250 3664 sub
1298 3608 1564 3664 libidinis
1605 3614 1662 3665 et
1702 3609 2049 3681 petulantias
2089 3626 2236 3681 prm-

584 3706 742 3755 textu
791 3697 1300 3754 meretricularum
1346 3703 1684 3755 curatorem
1733 3698 2013 3754 lenonem
2066 3714 2234 3755 acce-

583 3789 755 3856 dens,
775 3794 1009 3844 noctem
1041 3788 1253 3860 puellae
1283 3787 1416 3859 ejus
1447 3787 1713 3860 quinque
1748 3791 2012 3844 nummis
2037 3789 2234 3844 aureis

585 3884 902 3945 mercatus,
930 3885 985 3932 et
1025 3877 1102 3932 ad
1143 3893 1276 3934 eam
1328 3878 1656 3947 ingressus,
1701 3879 1964 3933 tunicam
1989 3877 2236 3950 quidem

583 3968 709 4038 ipse
749 3983 919 4021 suam
947 3965 999 4021 ei
1031 3965 1249 4036 injecit,
1283 3981 1536 4038 eamque
1566 3972 1630 4022 ut
1667 3968 1909 4036 agnosci
1947 3982 2069 4022 non
2101 3983 2238 4038 pos-

585 4061 690 4122 set,
719 4055 904 4126 probe
935 4058 1272 4109 contectam
1311 4055 1466 4109 exire
1487 4054 1669 4124 jussit
1699 4070 1712 4119 ;
1737 4054 1864 4126 ipse
1889 4061 2088 4110 autem
2142 4071 2238 4109 ve-

584 4144 771 4200 stibus
809 4142 964 4198 illius
1021 4143 1294 4210 amictus,
1317 4148 1375 4197 et
1405 4142 1838 4212 deprehensus,
1872 4143 2084 4215 capitis
2115 4159 2238 4216 pm-

588 4251 726 4290 nam
757 4231 1168 4288 dedi!.Eodem
1208 4237 1475 4303 tempore
1498 4237 1722 4288 ascetes
1759 4232 2028 4304 quidam,
2060 4234 2238 4289 casti-

586 4329 768 4380 tatem
797 4327 854 4376 et
874 4322 1120 4377 virtutes
1141 4320 1288 4376 alias
1313 4320 1429 4392 piis
1444 4321 1655 4376 studiis
1678 4321 1886 4377 sedulo
1919 4321 2235 4386 meditans,

586 4411 800 4484 aequali
829 4411 1152 4466 decertavit
1171 4409 1446 4480 agone.Is
1467 4425 1606 4464 cum
1635 4410 1967 4481 expugnari
1988 4411 2236 4466 omnino

584 4517 706 4557 non
723 4497 1382 4573 potuisset,nullamque
1394 4497 1752 4555 adversariis
1778 4499 2054 4554 vincendi
2067 4516 2236 4571 spem

584 4589 1084 4661 reliquisset,post
1104 4586 1421 4642 innumera
1450 4591 1744 4643 tormenta
1765 4587 1825 4642 in
1850 4586 2003 4644 lecto
2029 4589 2234 4643 vincu-

585 4678 658 4734 lis
684 4679 900 4748 ligatus
926 4677 1231 4748 reponitur
1260 4693 1274 4742 ;
1311 4681 1368 4731 et
1389 4675 1602 4731 mulier
1655 4675 1961 4748 impudica
1989 4677 2067 4732 ad
2097 4693 2233 4732 eum

585 4768 1079 4838 immittitur,qum
1101 4765 1268 4820 illum
1300 4764 2086 4836 complectens,exosculans
2113 4783 2244 4822 ma-

584 4873 817 4928 nusque
847 4855 1179 4926 petulanter
1215 4855 1294 4909 ad
1341 4853 1618 4910 membra
1659 4859 1886 4910 secreta
1920 4855 2234 4922 adhibens,

582 4945 1002 5018 procacissime
1033 4944 1110 4999 ad
1140 4958 1265 4998 rem
1296 4942 1582 5010 illicitam,
1608 4941 1753 4998 nihil
1783 4959 2029 5015 prorsus
2061 4943 2238 4999 lasci-

585 5036 694 5090 viae
719 5040 772 5089 et
802 5032 1219 5089 illecebrarum
1249 5031 1732 5103 praetermittens,
1754 5032 2031 5089 concitat.
2057 5031 2229 5105 457

2345 1833 2560 1884 τάσσειν
2603 1835 2673 1894 ὡς
2720 1830 2832 1904 εἶχε
2875 1841 2948 1903 τῷ
3006 1833 3140 1905 ξίφει
3192 1838 3278 1885 τόν
3335 1832 3534 1894 ἐκείνης
3583 1834 3747 1906 αὐχένα
3782 1837 3840 1884 isi

2343 1941 2520 1973 ταττεν
2573 1922 2680 1974 ὅσω
2739 1919 2980 1993 δύναμις,
3037 1927 3127 1974 καὶ
3190 1929 3284 1980 τὴν
3362 1923 3528 1994 ἰσχὺν
3575 1927 3758 1976 ἐντεῦθεν
3794 1931 3843 1973 τε)

2345 2011 2618 2084 φαρμάκου
2676 2013 2976 2082 πειρᾶσθαι.
3038 2011 3095 2064 Ὀ
3151 2007 3211 2064 δε
3265 2020 3464 2085 χειρῶν
3512 2015 3574 2072 ὡς
3609 2009 3724 2082 εἶχεν

2343 2102 2504 2171 μένως
2587 2099 2726 2171 μάλα
2791 2104 2850 2152 τὸ
2903 2101 3044 2173 ξίφος
3108 2105 3447 2172 κατενεγκὼν,
3516 2107 3604 2160 τὴν
3672 2107 3846 2172 μακαρία

2343 2187 2534 2248 έκείνης
2609 2187 2826 2260 ἀπέτεμε
2895 2189 3138 2262 κεφαλήν.
3216 2191 3447 2252 Ἐπίσης
3526 2187 3582 2242 δι
3647 2191 3748 2261 αὐτῇ
3800 2197 3848 2237 ui

2342 2277 2468 2335 ἄλλη
2524 2279 2770 2351 παρθένος
2820 2282 2946 2350 πρὸς
3005 2279 3240 2352 αἰσχρὰν
3297 2280 3444 2350 μίξιν
3511 2276 3752 2332 ἐκδοθεῖσα
3792 2285 3851 2335 τοῖς

2345 2364 2674 2427 ἀκολάστοις,
2741 2373 2846 2426 τοῖς
2889 2367 3143 2419 εἰσιοῦσιν
3200 2367 3335 2438 ἔλεγε
3433 2364 3683 2425 σηπεδόνα
3744 2366 3852 2423 ἕλκους

2343 2451 2527 2506 ἐνεῖναί
2579 2456 2626 2506 οἱ
2678 2462 2786 2516 τοῖς
2835 2463 2935 2507 τῶν
2983 2456 3146 2528 μελῶν
3189 2455 3512 2531 ἀπορρήτοις
3545 2475 3562 2490 ⁸
3599 2463 3678 2508 καί
3716 2475 3762 2527 γε
3796 2461 3853 2525 φεί-

2345 2541 2554 2608 δεσθαι,
2588 2548 2660 2614 μὴ
2706 2551 2768 2616 τῇ
2829 2549 3083 2616 συνουσίᾳ
3131 2554 3226 2606 τῆς
3273 2552 3436 2598 νόσου
3499 2543 3846 2618 μετάσχοιεν-ἁ

2343 2637 2580 2705 μετεώρῳ
2630 2629 2690 2685 δε
2747 2635 2927 2705 θεμένη
2985 2638 3077 2692 τὴν
3108 2634 3270 2705 μίξιν,
3316 2640 3451 2706 μετά
3499 2641 3588 2693 τὴν
3631 2634 3766 2690 ἐντελῆ
3802 2632 3851 2692 iis

2345 2725 2403 2772 τὸ
2456 2725 2586 2794 πρὸς
2616 2718 2810 2793 βουλῆς
2851 2725 2916 2784 ὡς
2960 2725 3123 2794 τάχος
3164 2722 3396 2781 ἀνύσειν.
3441 2725 3589 2777 Οὕτω
3626 2721 3670 2776 δ’
3703 2723 3770 2774 οὖν
3797 2727 3854 2775 τοῖς

2343 2809 2516 2881 λόγοις
2587 2813 2702 2870 τοὺς
2753 2814 3088 2885 παράφρονας
3148 2812 3373 2887 ἃραστάς
3459 2811 3858 2868 ἀποϐουκολὴειει.

2347 2897 2678 2967 ἀηλλάττετο,
2731 2907 2823 2952 τοῦ
2872 2908 3007 2954 Θεοῦ
3068 2906 3163 2958 τὴν
3222 2905 3566 2975 σωφροσύνην
3618 2905 3749 2972 τέχνη
3791 2894 3858 2948 δίε·

2346 2994 2694 3062 τηρήσαντος.
2757 2994 2856 3042 Καὶ
2911 2993 3011 3065 γάρ
3065 3009 3148 3052 τις
3207 3009 3477 3052 νεανισκος
3529 2993 3682 3064 ἕτερος
3738 2985 3853 3039 iusis-

2348 3082 2466 3130 σίαν
2539 3079 3028 3150 σχηματισάμενος,
3108 3087 3180 3149 τῷ
3245 3087 3345 3131 τῶν
3425 3089 3625 3154 πορνῶν
3687 3077 3850 3141 intra

2344 3171 2596 3239 προσιὼν,
2648 3170 2796 3218 πέντε
2823 3172 3103 3238 χρυσίνοις
3140 3173 3233 3226 τὴν
3261 3168 3491 3244 ἑσπέραν
3538 3169 3699 3220 ὠνεῖτο
3738 3180 3858 3234 σηιε-

2348 3251 2608 3314 θευδῆσαι
2662 3261 2724 3326 τῇ
2787 3259 2913 3329 κόρη
2951 3273 2964 3286 ·
3021 3261 3110 3308 καὶ
3162 3265 3258 3318 τῆς
3317 3255 3538 3311 εἰσόδου
3576 3262 3750 3327 τυχὼν,
3779 3271 3862 3324 περιρ

2346 3341 2520 3395 ϐάλλει
2564 3347 2654 3414 μὲν
2708 3343 2873 3416 ἐκείνη
2924 3347 3008 3396 τὸν
3077 3349 3421 3416 χιτωνίσκον,
3498 3351 3587 3397 καὶ
3635 3345 3794 3416 εὐφυῶς
3827 3360 3865 3398 ἐς

2345 3437 2417 3504 μὴ
2473 3437 2703 3504 φαίνοιτο
2757 3432 3119 3505 συγκαλύψας,
3191 3432 3464 3507 ἐπέτρεπεν
3522 3435 3692 3498 ἐξιέναι
3718 3450 3728 3463 ·
3773 3431 3866 3482 αὶτς

2347 3519 2407 3574 δε
2462 3524 2529 3574 τὰ
2574 3522 2770 3584 ἐκείνης
2834 3521 3247 3596 ἀμφιασάμενος,
3301 3523 3414 3577 ἐπεὶ
3490 3521 3768 3594 διέγνωστο,
3814 3539 3862 3572 ττι

2345 3610 2568 3682 κεφαλὴν
2625 3610 2890 3684 ἀφῃρεῖτο.
2954 3617 3053 3665 Καὶ
3109 3611 3345 3670 ἀπητήν
3407 3611 3472 3666 δέ
3532 3633 3641 3666 τινα
3692 3615 3762 3664 τὸν
3804 3613 3862 3658 ἱππ

2346 3698 2522 3770 ἀγῶνα
2570 3695 2844 3770 διενεγκεῖν
2889 3697 3138 3758 τηνικάδε
3183 3702 3209 3752 ό
3252 3700 3409 3772 λόγος
3467 3705 3742 3777 ἱστόρησεν.
3783 3697 3861 3749 Ἐπεί

2344 3791 2445 3861 γὰρ
2505 3787 2779 3860 ἀπώμοτος
2808 3785 2890 3858 ἦν,
2931 3792 3064 3861 μετά
3103 3789 3294 3848 πολλὴν
3333 3797 3424 3843 καὶ
3477 3790 3721 3865 ἀπείριτον
3763 3785 3862 3859 βήττ-

2345 3897 2428 3929 νον
2479 3878 2564 3930 ἐπὶ
2618 3877 2799 3939 κλίνης
2829 3877 3035 3936 ἧπλωτο
3075 3875 3311 3951 δέσμιος.
3351 3885 3490 3938 Γυνὴ
3536 3876 3593 3932 δὲ
3628 3879 3748 3946 αὐτῷ
3780 3875 3862 3925 ἕνα·

2347 3963 2444 4027 δὴς
2505 3965 2744 4038 ἐπαφίετο
2781 3983 2797 3998 ·
2856 3968 2886 4025 ἦ
2931 3966 3170 4038 φιλοῦσα,
3229 3972 3318 4020 καὶ
3373 3971 3467 4028 τάς
3504 3976 3681 4041 χεῖρας
3722 3959 3862 4017 abdita

2346 4061 2458 4116 τοῖς
2505 4063 2604 4106 τῶν
2655 4055 2818 4126 μελῶν
2877 4055 3195 4130 ἀπορρήτοις
3248 4059 3624 4128 προσάγουσα,
3670 4059 3773 4130 πρὸς
3813 4068 3862 4102 ττι

2346 4146 2574 4219 πονηρὰν
2623 4145 2652 4201 ἡ
2714 4139 2931 4205 ἀναιδὴς
2967 4144 3154 4217 πρᾶξιν
3204 4143 3522 4215 έξεϐιάζετο,
3574 4142 3713 4198 οὐδέν
3746 4147 3862 4194 τιτὺι

2348 4231 2552 4285 ἀτόπων
2595 4233 2839 4306 πράττειν
2874 4232 3376 4306 παραλιμπάνουσα,
3425 4234 3487 4286 Ὀ
3533 4231 3590 4287 δὲ
3628 4240 3690 4306 μή
3728 4251 3764 4283 τι
3795 4227 3862 4280 ὥς

2347 4320 2480 4394 δρᾲν
2525 4324 2680 4393 ἔχων,
2747 4325 2841 4380 τὴν
2901 4319 3042 4374 ἰδίαν
3109 4319 3344 4375 έκδακὼν
3409 4323 3677 4395 γλῶσσαν,
3719 4325 3786 4372 καὶ
3825 4320 3861 4380 τέ

2351 4411 2558 4484 ἰσχυρῷ
2619 4417 2710 4462 τοῦ
2763 4406 3036 4481 δήγματος
3092 4414 3334 4482 ἐκτεμὼν,
3395 4418 3490 4465 καὶ
3557 4413 3724 4470 ἱκανῶς
3765 4407 3861 4456 αὐτὴν

2347 4496 2874 4572 διαμασσησάμενος,
2929 4501 3061 4551 κατά
3124 4507 3216 4552 τοῦ
3268 4507 3557 4574 προσώπου
3604 4509 3690 4560 τῆς

2347 4585 2438 4650 δος
2478 4592 2826 4662 προσέπτυσε.
2883 4593 2979 4641 Καὶ
3027 4589 3190 4650 οὕτως
3237 4588 3403 4659 ἑαυτῷ
3458 4595 3551 4662 μὲν
3601 4595 3756 4647 πόνους
3792 4579 3862 4648 δρο-

2345 4685 2458 4750 μεῑς
2505 4677 2619 4729 ἀντὶ
2671 4674 2885 4737 ἡδονῆς.
2944 4685 3005 4748 τῇ
3061 4676 3269 4748 ἀσελγεῖ
3330 4675 3382 4729 δ’
3453 4678 3639 4751 ἐκείνη,
3685 4672 3860 4743 αἰσχύνη

2344 4771 2434 4819 καὶ
2481 4766 2722 4828 ἔκπληξιν
2803 4770 2898 4818 σὺν
2957 4763 3126 4838 ἀηδίᾳ
3190 4769 3624 4840 παρασκευάσας,
3676 4772 3747 4822 τῆς
3789 4775 3861 4826 σφ’

2347 4853 2481 4930 δρᾶς
2532 4857 2726 4914 ἐκείνης
2773 4856 3011 4929 ἐπηρείας
3060 4857 3332 4927 ὑπέρτερος
3385 4852 3678 4927 διαγέγονε,
3733 4850 3860 4902 Trin:

2348 4941 2400 4997 δ’
2431 4943 2674 5016 ἀνώτερος
2722 4949 2967 5015 γηονὼς,
3014 4948 3286 5018 μαρτυρίῳ
3332 4947 3418 4996 τόν
3447 4941 3566 5016 βίον
3609 4944 3723 5015 μετά
3745 4937 3860 5010 βΞΨ

2348 5031 2756 5105 έπεσφράγιζεν.

589 5125 683 5179 Ille
714 5123 874 5179 aliud
906 5122 1071 5194 quod
1102 5121 1321 5177 faceret
1349 5137 1470 5177 non
1495 5120 1746 5186 habens,
1777 5120 2050 5190 linguam
2081 5123 2210 5193 ipse
2237 5137 2410 5178 suam
2451 5138 2659 5178 morsu
2685 5122 3011 5188 concisam,
3045 5120 3447 5192 dentibusque
3498 5119 3854 5178 comminuam.

586 5213 645 5268 in
671 5212 881 5267 faciem
912 5210 1237 5266 meretricis
1271 5210 1523 5281 exspuit.
1557 5211 1682 5274 Qua
1711 5225 1772 5265 re
1807 5209 1918 5265 sibi
1962 5211 2089 5283 ipse
2152 5211 2397 5283 quidem
2451 5227 2558 5283 pro
2585 5211 2906 5283 voluptate
2930 5225 3098 5267 acres
3142 5209 3368 5275 dolore,
3395 5209 3703 5282 impudicre
3731 5208 3851 5260 autem

2356 5420 2583 5474 etomni
2602 5424 2787 5490 morte
2810 5418 3070 5490 reputari
3091 5434 3104 5472 :
3124 5433 3224 5472 nec
3236 5413 3578 5488 quidquam
3594 5423 3760 5470 tamen
3776 5415 3845 5477 ρτιν

662 5422 738 5491 (t)
774 5441 796 5469 «
827 5420 975 5475 Nam
1008 5423 1061 5474 et
1120 5419 1392 5490 proxime
1429 5418 1514 5491 ad,
1541 5416 1848 5491 _1enonem
1893 5417 2246 5474 damnando

2357 5491 2484 5546 fuit.
2517 5489 2774 5562 (Tertull.
2811 5489 2890 5561 9.)

591 5489 984 5546 Christianam
1009 5489 1202 5562 potius
1226 5505 1414 5561 quam
1446 5489 1521 5545 ad
1540 5489 1794 5562 leonem,
1822 5491 2078 5544 confessi
2108 5493 2247 5544 estis

592 5562 786 5616 tabem
817 5561 1114 5634 pudicitia:
1134 5562 1297 5633 apud
1319 5576 1428 5616 nos
1475 5561 1830 5617 atrociorem
1861 5562 2028 5618 omni
2066 5577 2247 5633 poena
