  <div class='ocr_page' id='page_1' title='image "/cluster/home/n/w/nwhite01/storage/ocr_20150623/145/mdp.39015061167048/625.png"; bbox 0 0 4028 6294; ppageno 0'>
   <div class='ocr_carea' id='block_1_1' title="bbox 566 302 706 360">
    <p class='ocr_par' dir='ltr' id='par_1_1' title="bbox 566 302 706 360">
     <span class='ocr_line' id='line_1_1' title="bbox 566 302 706 360; baseline 0 0"><span class='ocrx_word' id='word_1_1' title='bbox 566 305 592 360; x_wconf 74' lang='grc'><strong>1</strong></span> <span class='ocrx_word' id='word_1_2' title='bbox 601 302 706 360; x_wconf 77' lang='lat'><strong>235</strong></span> 
     </span>
    </p>
   </div>
   <div class='ocr_carea' id='block_1_2' title="bbox 1877 297 2622 357">
    <p class='ocr_par' dir='ltr' id='par_1_2' title="bbox 1877 297 2622 357">
     <span class='ocr_line' id='line_1_2' title="bbox 1877 297 2622 357; baseline 0.003 -2"><span class='ocrx_word' id='word_1_3' title='bbox 1877 297 2262 356; x_wconf 81' lang='lat' dir='ltr'><strong>NICEPHORI</strong></span> <span class='ocrx_word' id='word_1_4' title='bbox 2303 298 2622 357; x_wconf 83' lang='lat' dir='ltr'><strong>CALLISTI</strong></span> 
     </span>
    </p>
   </div>
   <div class='ocr_carea' id='block_1_3' title="bbox 3709 313 3801 370">
    <p class='ocr_par' dir='ltr' id='par_1_3' title="bbox 3709 313 3801 370">
     <span class='ocr_line' id='line_1_3' title="bbox 3709 313 3801 370; baseline 0.022 -2"><span class='ocrx_word' id='word_1_5' title='bbox 3709 313 3801 370; x_wconf 66' lang='lat' dir='ltr'><strong>i236</strong></span> 
     </span>
    </p>
   </div>
   <div class='ocr_carea' id='block_1_4' title="bbox 563 421 2250 509">
    <p class='ocr_par' dir='ltr' id='par_1_4' title="bbox 563 421 2250 497">
     <span class='ocr_line' id='line_1_4' title="bbox 563 421 2250 497; baseline -0.003 -12"><span class='ocrx_word' id='word_1_6' title='bbox 563 434 686 486; x_wconf 84' lang='lat' dir='ltr'><strong>tam</strong></span> <span class='ocrx_word' id='word_1_7' title='bbox 714 426 918 484; x_wconf 81' lang='lat' dir='ltr'><strong>divino</strong></span> <span class='ocrx_word' id='word_1_8' title='bbox 943 425 1114 492; x_wconf 89' lang='lat' dir='ltr'><strong>nutu,</strong></span> <span class='ocrx_word' id='word_1_9' title='bbox 1145 435 1366 496; x_wconf 82' lang='lat' dir='ltr'><strong>corpus</strong></span> <span class='ocrx_word' id='word_1_10' title='bbox 1393 421 1699 480; x_wconf 88' lang='lat' dir='ltr'><strong>fortissimi</strong></span> <span class='ocrx_word' id='word_1_11' title='bbox 1725 426 2006 497; x_wconf 79' lang='lat' dir='ltr'><strong>martyris</strong></span> <span class='ocrx_word' id='word_1_12' title='bbox 2035 425 2215 482; x_wconf 80' lang='lat' dir='ltr'><strong>veluti</strong></span> <span class='ocrx_word' id='word_1_13' title='bbox 2249 474 2250 480; x_wconf 47' lang='grc' dir='ltr'><strong>η</strong></span> 
     </span>
    </p>
   </div>
   <div class='ocr_carea' id='block_1_5' title="bbox 2363 421 3800 509">
    <p class='ocr_par' dir='ltr' id='par_1_5' title="bbox 2363 423 3800 509">
     <span class='ocr_line' id='line_1_5' title="bbox 2363 423 3800 509; baseline 0.008 -29"><span class='ocrx_word' id='word_1_14' title='bbox 2363 447 2455 480; x_wconf 82' lang='grc' dir='ltr'><strong>που</strong></span> <span class='ocrx_word' id='word_1_15' title='bbox 2500 423 2569 486; x_wconf 78' lang='grc' dir='ltr'><strong>δὴ</strong></span> <span class='ocrx_word' id='word_1_16' title='bbox 2629 428 2903 492; x_wconf 77' lang='grc' dir='ltr'>Αὖξέντιον</span> <span class='ocrx_word' id='word_1_17' title='bbox 2959 431 3048 503; x_wconf 65' lang='grc' dir='ltr'>μὲν</span> <span class='ocrx_word' id='word_1_18' title='bbox 3101 429 3434 506; x_wconf 68' lang='grc' dir='ltr'>ἐκτμηθῆναι,</span> <span class='ocrx_word' id='word_1_19' title='bbox 3487 433 3729 509; x_wconf 72' lang='grc' dir='ltr'>Μαρδάριον</span> <span class='ocrx_word' id='word_1_20' title='bbox 3750 436 3800 503; x_wconf 69' lang='grc' dir='ltr'><strong>δὲ,</strong></span> 
     </span>
    </p>
   </div>
   <div class='ocr_carea' id='block_1_6' title="bbox 565 513 2218 591">
    <p class='ocr_par' dir='ltr' id='par_1_6' title="bbox 565 513 2218 591">
     <span class='ocr_line' id='line_1_6' title="bbox 565 513 2218 591; baseline -0.003 -16"><span class='ocrx_word' id='word_1_21' title='bbox 565 517 837 591; x_wconf 79' lang='lat' dir='ltr'><strong>squamis</strong></span> <span class='ocrx_word' id='word_1_22' title='bbox 849 516 926 572; x_wconf 88' lang='lat' dir='ltr'><strong>ab</strong></span> <span class='ocrx_word' id='word_1_23' title='bbox 938 531 1010 572; x_wconf 90' lang='lat' dir='ltr'><strong>eo</strong></span> <span class='ocrx_word' id='word_1_24' title='bbox 1029 515 1312 587; x_wconf 79' lang='lat' dir='ltr'><strong>delapsis,</strong></span> <span class='ocrx_word' id='word_1_25' title='bbox 1332 513 1410 569; x_wconf 86' lang='lat' dir='ltr'><strong>ad</strong></span> <span class='ocrx_word' id='word_1_26' title='bbox 1422 513 1746 585; x_wconf 88' lang='lat' dir='ltr'><strong>pristinum</strong></span> <span class='ocrx_word' id='word_1_27' title='bbox 1771 514 1980 570; x_wconf 66' lang='lat' dir='ltr'><strong>forma;</strong></span> <span class='ocrx_word' id='word_1_28' title='bbox 1997 519 2218 570; x_wconf 90' lang='lat' dir='ltr'><strong>statum</strong></span> 
     </span>
    </p>
   </div>
   <div class='ocr_carea' id='block_1_7' title="bbox 566 602 2223 673">
    <p class='ocr_par' dir='ltr' id='par_1_7' title="bbox 566 602 2223 673">
     <span class='ocr_line' id='line_1_7' title="bbox 566 602 2223 673; baseline -0.004 -9"><span class='ocrx_word' id='word_1_29' title='bbox 566 615 655 664; x_wconf 87' lang='lat' dir='ltr'><strong>est</strong></span> <span class='ocrx_word' id='word_1_30' title='bbox 682 622 1015 670; x_wconf 90' lang='lat' dir='ltr'><strong>reversum;</strong></span> <span class='ocrx_word' id='word_1_31' title='bbox 1032 605 1194 659; x_wconf 90' lang='lat' dir='ltr'><strong>idem</strong></span> <span class='ocrx_word' id='word_1_32' title='bbox 1212 603 1476 658; x_wconf 87' lang='lat' dir='ltr'><strong>stadium</strong></span> <span class='ocrx_word' id='word_1_33' title='bbox 1497 602 1769 673; x_wconf 90' lang='lat' dir='ltr'><strong>ejusdem</strong></span> <span class='ocrx_word' id='word_1_34' title='bbox 1784 619 1922 659; x_wconf 90' lang='lat' dir='ltr'><strong>cum</strong></span> <span class='ocrx_word' id='word_1_35' title='bbox 1945 620 2018 658; x_wconf 91' lang='lat' dir='ltr'><strong>eo</strong></span> <span class='ocrx_word' id='word_1_36' title='bbox 2034 605 2223 660; x_wconf 89' lang='lat' dir='ltr'><strong>animi</strong></span> 
     </span>
    </p>
   </div>
   <div class='ocr_carea' id='block_1_8' title="bbox 565 691 2228 769">
    <p class='ocr_par' dir='ltr' id='par_1_8' title="bbox 565 691 2228 769">
     <span class='ocr_line' id='line_1_8' title="bbox 565 691 2228 769; baseline -0.004 -16"><span class='ocrx_word' id='word_1_37' title='bbox 565 696 863 769; x_wconf 90' lang='lat' dir='ltr'><strong>Eugenius</strong></span> <span class='ocrx_word' id='word_1_38' title='bbox 889 693 1236 764; x_wconf 83' lang='lat' dir='ltr'><strong>ingreditur,</strong></span> <span class='ocrx_word' id='word_1_39' title='bbox 1258 695 1317 748; x_wconf 92' lang='lat' dir='ltr'><strong>et</strong></span> <span class='ocrx_word' id='word_1_40' title='bbox 1357 691 1499 749; x_wconf 84' lang='lat' dir='ltr'><strong>item</strong></span> <span class='ocrx_word' id='word_1_41' title='bbox 1527 691 1874 748; x_wconf 82' lang='lat' dir='ltr'><strong>Auxentius.</strong></span> <span class='ocrx_word' id='word_1_42' title='bbox 1902 693 2080 765; x_wconf 85' lang='lat' dir='ltr'><strong>Lysia</strong></span> <span class='ocrx_word' id='word_1_43' title='bbox 2125 710 2228 749; x_wconf 91' lang='lat' dir='ltr'><strong>au-</strong></span> 
     </span>
    </p>
   </div>
   <div class='ocr_carea' id='block_1_9' title="bbox 565 781 2228 856">
    <p class='ocr_par' dir='ltr' id='par_1_9' title="bbox 565 781 2228 856">
     <span class='ocr_line' id='line_1_9' title="bbox 565 781 2228 856; baseline -0.003 -13"><span class='ocrx_word' id='word_1_44' title='bbox 565 791 686 844; x_wconf 89' lang='lat' dir='ltr'><strong>tem</strong></span> <span class='ocrx_word' id='word_1_45' title='bbox 707 783 1036 856; x_wconf 86' lang='lat' dir='ltr'><strong>Nicopolim</strong></span> <span class='ocrx_word' id='word_1_46' title='bbox 1055 781 1491 856; x_wconf 88' lang='lat' dir='ltr'><strong>proﬁciscente,</strong></span> <span class='ocrx_word' id='word_1_47' title='bbox 1511 785 1810 854; x_wconf 82' lang='lat' dir='ltr'><strong>martyres</strong></span> <span class='ocrx_word' id='word_1_48' title='bbox 1835 781 2138 838; x_wconf 88' lang='lat' dir='ltr'><strong>crudelem</strong></span> <span class='ocrx_word' id='word_1_49' title='bbox 2166 783 2228 838; x_wconf 90' lang='lat' dir='ltr'><strong>in</strong></span> 
     </span>
    </p>
   </div>
   <div class='ocr_carea' id='block_1_10' title="bbox 568 869 2230 945">
    <p class='ocr_par' dir='ltr' id='par_1_10' title="bbox 568 869 2230 945">
     <span class='ocr_line' id='line_1_10' title="bbox 568 869 2230 945; baseline -0.005 -11"><span class='ocrx_word' id='word_1_50' title='bbox 568 874 820 934; x_wconf 89' lang='lat' dir='ltr'><strong>modum</strong></span> <span class='ocrx_word' id='word_1_51' title='bbox 845 873 1014 931; x_wconf 88' lang='lat' dir='ltr'><strong>tracti</strong></span> <span class='ocrx_word' id='word_1_52' title='bbox 1045 874 1225 945; x_wconf 88' lang='lat' dir='ltr'><strong>atque</strong></span> <span class='ocrx_word' id='word_1_53' title='bbox 1250 869 1468 943; x_wconf 89' lang='lat' dir='ltr'><strong>raptati</strong></span> <span class='ocrx_word' id='word_1_54' title='bbox 1501 873 1662 928; x_wconf 87' lang='lat' dir='ltr'><strong>sunt.</strong></span> <span class='ocrx_word' id='word_1_55' title='bbox 1687 869 1769 926; x_wconf 92' lang='lat' dir='ltr'><strong>lbi</strong></span> <span class='ocrx_word' id='word_1_56' title='bbox 1797 870 1977 926; x_wconf 89' lang='lat' dir='ltr'><strong>etiam</strong></span> <span class='ocrx_word' id='word_1_57' title='bbox 2005 871 2230 929; x_wconf 84' lang='lat' dir='ltr'><strong>Marda-</strong></span> 
     </span>
    </p>
   </div>
   <div class='ocr_carea' id='block_1_11' title="bbox 566 957 2234 1034">
    <p class='ocr_par' dir='ltr' id='par_1_11' title="bbox 566 957 2234 1034">
     <span class='ocr_line' id='line_1_11' title="bbox 566 957 2234 1034; baseline -0.002 -14"><span class='ocrx_word' id='word_1_58' title='bbox 566 965 692 1020; x_wconf 91' lang='lat' dir='ltr'><strong>rius</strong></span> <span class='ocrx_word' id='word_1_59' title='bbox 723 961 1170 1034; x_wconf 90' lang='lat' dir='ltr'><strong>estproductus.</strong></span> <span class='ocrx_word' id='word_1_60' title='bbox 1197 963 1263 1015; x_wconf 88' lang='lat' dir='ltr'><strong>Et</strong></span> <span class='ocrx_word' id='word_1_61' title='bbox 1293 957 1622 1014; x_wconf 81' lang='lat' dir='ltr'><strong>Auxentius</strong></span> <span class='ocrx_word' id='word_1_62' title='bbox 1640 957 1886 1031; x_wconf 89' lang='lat' dir='ltr'><strong>quidem</strong></span> <span class='ocrx_word' id='word_1_63' title='bbox 1909 961 2102 1031; x_wconf 82' lang='lat' dir='ltr'><strong>capite</strong></span> <span class='ocrx_word' id='word_1_64' title='bbox 2144 965 2234 1016; x_wconf 90' lang='lat' dir='ltr'><strong>est</strong></span> 
     </span>
    </p>
   </div>
   <div class='ocr_carea' id='block_1_12' title="bbox 569 1047 2232 1126">
    <p class='ocr_par' dir='ltr' id='par_1_12' title="bbox 569 1047 2232 1126">
     <span class='ocr_line' id='line_1_12' title="bbox 569 1047 2232 1126; baseline -0.001 -19"><span class='ocrx_word' id='word_1_65' title='bbox 569 1053 781 1126; x_wconf 81' lang='lat' dir='ltr'><strong>plexus</strong></span> <span class='ocrx_word' id='word_1_66' title='bbox 841 1070 854 1110; x_wconf 90' lang='lat'><strong>:</strong></span> <span class='ocrx_word' id='word_1_67' title='bbox 911 1049 1246 1105; x_wconf 90' lang='lat' dir='ltr'><strong>Mardarius</strong></span> <span class='ocrx_word' id='word_1_68' title='bbox 1285 1051 1487 1103; x_wconf 90' lang='lat' dir='ltr'><strong>autem</strong></span> <span class='ocrx_word' id='word_1_69' title='bbox 1526 1062 1633 1119; x_wconf 91' lang='lat' dir='ltr'><strong>per</strong></span> <span class='ocrx_word' id='word_1_70' title='bbox 1675 1047 1828 1103; x_wconf 88' lang='lat' dir='ltr'><strong>talos</strong></span> <span class='ocrx_word' id='word_1_71' title='bbox 1878 1048 1935 1103; x_wconf 92' lang='lat' dir='ltr'><strong>in</strong></span> <span class='ocrx_word' id='word_1_72' title='bbox 1977 1049 2232 1105; x_wconf 89' lang='lat' dir='ltr'><strong>sublime</strong></span> 
     </span>
    </p>
   </div>
   <div class='ocr_carea' id='block_1_13' title="bbox 571 1135 2236 1213">
    <p class='ocr_par' dir='ltr' id='par_1_13' title="bbox 571 1135 2236 1213">
     <span class='ocr_line' id='line_1_13' title="bbox 571 1135 2236 1213; baseline -0.002 -17"><span class='ocrx_word' id='word_1_73' title='bbox 571 1155 924 1213; x_wconf 88' lang='lat' dir='ltr'><strong>suspensus,</strong></span> <span class='ocrx_word' id='word_1_74' title='bbox 943 1137 1300 1210; x_wconf 90' lang='lat' dir='ltr'><strong>subulisque</strong></span> <span class='ocrx_word' id='word_1_75' title='bbox 1325 1135 1528 1205; x_wconf 83' lang='lat' dir='ltr'><strong>ignitis</strong></span> <span class='ocrx_word' id='word_1_76' title='bbox 1556 1135 1892 1207; x_wconf 84' lang='lat' dir='ltr'><strong>perforatus</strong></span> <span class='ocrx_word' id='word_1_77' title='bbox 1914 1141 2092 1211; x_wconf 89' lang='lat' dir='ltr'><strong>atque</strong></span> <span class='ocrx_word' id='word_1_78' title='bbox 2113 1139 2236 1194; x_wconf 90' lang='lat' dir='ltr'><strong>dis-</strong></span> 
     </span>
    </p>
   </div>
   <div class='ocr_carea' id='block_1_14' title="bbox 569 1226 2232 1302">
    <p class='ocr_par' dir='ltr' id='par_1_14' title="bbox 569 1226 2232 1302">
     <span class='ocr_line' id='line_1_14' title="bbox 569 1226 2232 1302; baseline -0.001 -17"><span class='ocrx_word' id='word_1_79' title='bbox 569 1234 856 1302; x_wconf 89' lang='lat' dir='ltr'><strong>punctus,</strong></span> <span class='ocrx_word' id='word_1_80' title='bbox 899 1231 956 1282; x_wconf 90' lang='lat' dir='ltr'><strong>et</strong></span> <span class='ocrx_word' id='word_1_81' title='bbox 1000 1226 1234 1282; x_wconf 83' lang='lat' dir='ltr'><strong>facibus</strong></span> <span class='ocrx_word' id='word_1_82' title='bbox 1283 1226 1530 1296; x_wconf 90' lang='lat' dir='ltr'><strong>insuper</strong></span> <span class='ocrx_word' id='word_1_83' title='bbox 1554 1232 1819 1290; x_wconf 86' lang='lat' dir='ltr'><strong>exustus,</strong></span> <span class='ocrx_word' id='word_1_84' title='bbox 1846 1226 2033 1281; x_wconf 84' lang='lat' dir='ltr'><strong>vitam</strong></span> <span class='ocrx_word' id='word_1_85' title='bbox 2063 1226 2232 1283; x_wconf 86' lang='lat' dir='ltr'><strong>ﬁniit.</strong></span> 
     </span>
    </p>
   </div>
   <div class='ocr_carea' id='block_1_15' title="bbox 572 1313 2234 1387">
    <p class='ocr_par' dir='ltr' id='par_1_15' title="bbox 572 1313 2234 1387">
     <span class='ocr_line' id='line_1_15' title="bbox 572 1313 2234 1387; baseline -0.002 -12"><span class='ocrx_word' id='word_1_86' title='bbox 572 1322 863 1376; x_wconf 81' lang='lat' dir='ltr'><strong>Caeterum</strong></span> <span class='ocrx_word' id='word_1_87' title='bbox 902 1315 1230 1386; x_wconf 84' lang='lat' dir='ltr'><strong>Eugenius.</strong></span> <span class='ocrx_word' id='word_1_88' title='bbox 1264 1313 1430 1387; x_wconf 91' lang='lat' dir='ltr'><strong>quod</strong></span> <span class='ocrx_word' id='word_1_89' title='bbox 1465 1314 1526 1369; x_wconf 92' lang='lat' dir='ltr'><strong>in</strong></span> <span class='ocrx_word' id='word_1_90' title='bbox 1553 1313 1924 1386; x_wconf 88' lang='lat' dir='ltr'><strong>impietatem</strong></span> <span class='ocrx_word' id='word_1_91' title='bbox 1964 1317 2234 1371; x_wconf 88' lang='lat' dir='ltr'><strong>invectus</strong></span> 
     </span>
    </p>
   </div>
   <div class='ocr_carea' id='block_1_16' title="bbox 573 1402 2238 1479">
    <p class='ocr_par' dir='ltr' id='par_1_16' title="bbox 573 1402 2238 1479">
     <span class='ocr_line' id='line_1_16' title="bbox 573 1402 2238 1479; baseline -0.001 -16"><span class='ocrx_word' id='word_1_92' title='bbox 573 1411 744 1472; x_wconf 91' lang='lat' dir='ltr'><strong>esset,</strong></span> <span class='ocrx_word' id='word_1_93' title='bbox 772 1407 980 1479; x_wconf 82' lang='lat' dir='ltr'><strong>lingua</strong></span> <span class='ocrx_word' id='word_1_94' title='bbox 1009 1402 1529 1469; x_wconf 87' lang='lat' dir='ltr'><strong>abscissa,deinde</strong></span> <span class='ocrx_word' id='word_1_95' title='bbox 1557 1403 1840 1459; x_wconf 91' lang='lat' dir='ltr'><strong>manibus</strong></span> <span class='ocrx_word' id='word_1_96' title='bbox 1863 1409 2044 1478; x_wconf 91' lang='lat' dir='ltr'><strong>atque</strong></span> <span class='ocrx_word' id='word_1_97' title='bbox 2071 1405 2238 1479; x_wconf 89' lang='lat' dir='ltr'><strong>pedi-</strong></span> 
     </span>
    </p>
   </div>
   <div class='ocr_carea' id='block_1_17' title="bbox 573 1492 2233 1568">
    <p class='ocr_par' dir='ltr' id='par_1_17' title="bbox 573 1492 2233 1568">
     <span class='ocr_line' id='line_1_17' title="bbox 573 1492 2233 1568; baseline -0.002 -14"><span class='ocrx_word' id='word_1_98' title='bbox 573 1499 688 1555; x_wconf 90' lang='lat' dir='ltr'><strong>bus</strong></span> <span class='ocrx_word' id='word_1_99' title='bbox 717 1497 847 1568; x_wconf 86' lang='lat' dir='ltr'><strong>ejus</strong></span> <span class='ocrx_word' id='word_1_100' title='bbox 868 1495 1094 1560; x_wconf 90' lang='lat' dir='ltr'><strong>fractis,</strong></span> <span class='ocrx_word' id='word_1_101' title='bbox 1127 1493 1402 1549; x_wconf 88' lang='lat' dir='ltr'><strong>decessit.</strong></span> <span class='ocrx_word' id='word_1_102' title='bbox 1429 1492 1681 1566; x_wconf 86' lang='lat' dir='ltr'><strong>Sapiens</strong></span> <span class='ocrx_word' id='word_1_103' title='bbox 1713 1509 1855 1549; x_wconf 88' lang='lat' dir='ltr'><strong>vero</strong></span> <span class='ocrx_word' id='word_1_104' title='bbox 1880 1495 2233 1561; x_wconf 85' lang='lat' dir='ltr'><strong>Eustratius,</strong></span> 
     </span>
    </p>
   </div>
   <div class='ocr_carea' id='block_1_18' title="bbox 575 1581 2234 1653">
    <p class='ocr_par' dir='ltr' id='par_1_18' title="bbox 575 1581 2234 1653">
     <span class='ocr_line' id='line_1_18' title="bbox 575 1581 2234 1653; baseline -0.002 -11"><span class='ocrx_word' id='word_1_105' title='bbox 575 1603 715 1643; x_wconf 91' lang='lat' dir='ltr'><strong>cum</strong></span> <span class='ocrx_word' id='word_1_106' title='bbox 755 1588 965 1642; x_wconf 88' lang='lat' dir='ltr'><strong>Oresse</strong></span> <span class='ocrx_word' id='word_1_107' title='bbox 1009 1583 1090 1641; x_wconf 88' lang='lat' dir='ltr'><strong>ad</strong></span> <span class='ocrx_word' id='word_1_108' title='bbox 1119 1581 1502 1653; x_wconf 80' lang='lat' dir='ltr'><strong>Agricolaum</strong></span> <span class='ocrx_word' id='word_1_109' title='bbox 1527 1581 1867 1639; x_wconf 90' lang='lat' dir='ltr'><strong>Sebastiam</strong></span> <span class='ocrx_word' id='word_1_110' title='bbox 1915 1583 2234 1649; x_wconf 88' lang='lat' dir='ltr'><strong>abductus,</strong></span> 
     </span>
    </p>
   </div>
   <div class='ocr_carea' id='block_1_19' title="bbox 575 1671 2239 1750">
    <p class='ocr_par' dir='ltr' id='par_1_19' title="bbox 575 1671 2239 1750">
     <span class='ocr_line' id='line_1_19' title="bbox 575 1671 2239 1750; baseline -0.001 -19"><span class='ocrx_word' id='word_1_111' title='bbox 575 1691 684 1750; x_wconf 91' lang='lat' dir='ltr'><strong>per</strong></span> <span class='ocrx_word' id='word_1_112' title='bbox 739 1675 941 1744; x_wconf 85' lang='lat' dir='ltr'><strong>ignem</strong></span> <span class='ocrx_word' id='word_1_113' title='bbox 994 1680 1245 1745; x_wconf 90' lang='lat' dir='ltr'><strong>uterque</strong></span> <span class='ocrx_word' id='word_1_114' title='bbox 1312 1671 1737 1728; x_wconf 89' lang='lat' dir='ltr'><strong>holocaustum</strong></span> <span class='ocrx_word' id='word_1_115' title='bbox 1793 1673 2046 1729; x_wconf 89' lang='lat' dir='ltr'><strong>Domino</strong></span> <span class='ocrx_word' id='word_1_116' title='bbox 2101 1678 2239 1731; x_wconf 90' lang='lat' dir='ltr'><strong>sunt</strong></span> 
     </span>
    </p>
   </div>
   <div class='ocr_carea' id='block_1_20' title="bbox 2330 516 3806 597">
    <p class='ocr_par' dir='ltr' id='par_1_20' title="bbox 2330 516 3806 597">
     <span class='ocr_line' id='line_1_20' title="bbox 2330 516 3806 597; baseline 0.007 -30"><span class='ocrx_word' id='word_1_117' title='bbox 2330 525 2430 567; x_wconf 87' lang='grc' dir='ltr'>τῶν</span> <span class='ocrx_word' id='word_1_118' title='bbox 2479 516 2818 590; x_wconf 69' lang='grc' dir='ltr'><strong>ἀστραγάλων</strong></span> <span class='ocrx_word' id='word_1_119' title='bbox 2876 521 3194 594; x_wconf 71' lang='grc' dir='ltr'>ᾐωρημένον,</span> <span class='ocrx_word' id='word_1_120' title='bbox 3248 522 3484 584; x_wconf 69' lang='grc' dir='ltr'>σοῦϐλαις</span> <span class='ocrx_word' id='word_1_121' title='bbox 3530 544 3575 577; x_wconf 90' lang='grc' dir='ltr'><strong>τε</strong></span> <span class='ocrx_word' id='word_1_122' title='bbox 3613 534 3690 597; x_wconf 74' lang='grc' dir='ltr'><strong>πῦρ</strong></span> <span class='ocrx_word' id='word_1_123' title='bbox 3730 527 3806 579; x_wconf 62' lang='grc' dir='ltr'>ἀπε·</span> 
     </span>
    </p>
   </div>
   <div class='ocr_carea' id='block_1_21' title="bbox 2337 605 3807 685">
    <p class='ocr_par' dir='ltr' id='par_1_21' title="bbox 2337 605 3807 685">
     <span class='ocr_line' id='line_1_21' title="bbox 2337 605 3807 685; baseline 0.007 -29"><span class='ocrx_word' id='word_1_124' title='bbox 2337 605 2675 668; x_wconf 79' lang='grc' dir='ltr'>στιλϐοῦσαις</span> <span class='ocrx_word' id='word_1_125' title='bbox 2745 607 3130 682; x_wconf 69' lang='grc' dir='ltr'>ἐκκεντοῦμενον</span> <span class='ocrx_word' id='word_1_126' title='bbox 3213 616 3303 664; x_wconf 86' lang='grc' dir='ltr'>καὶ</span> <span class='ocrx_word' id='word_1_127' title='bbox 3367 609 3720 685; x_wconf 63' lang='grc' dir='ltr'>διαφλεγόμειον,</span> <span class='ocrx_word' id='word_1_128' title='bbox 3757 623 3807 667; x_wconf 64' lang='lat' dir='ltr'><strong>tia</strong></span> 
     </span>
    </p>
   </div>
   <div class='ocr_carea' id='block_1_22' title="bbox 2339 694 3810 775">
    <p class='ocr_par' dir='ltr' id='par_1_22' title="bbox 2339 694 3810 775">
     <span class='ocr_line' id='line_1_22' title="bbox 2339 694 3810 775; baseline 0.011 -30"><span class='ocrx_word' id='word_1_129' title='bbox 2339 694 2450 768; x_wconf 82' lang='grc' dir='ltr'>βίον</span> <span class='ocrx_word' id='word_1_130' title='bbox 2509 696 2797 753; x_wconf 87' lang='grc' dir='ltr'>ἀπολιπεῖν.</span> <span class='ocrx_word' id='word_1_131' title='bbox 2843 700 2900 750; x_wconf 69' lang='grc' dir='ltr'><strong>Ὀ</strong></span> <span class='ocrx_word' id='word_1_132' title='bbox 2952 697 3001 754; x_wconf 77' lang='grc' dir='ltr'><strong>δ’</strong></span> <span class='ocrx_word' id='word_1_133' title='bbox 3044 701 3274 771; x_wconf 72' lang='grc' dir='ltr'>Εὐγίνιος</span> <span class='ocrx_word' id='word_1_134' title='bbox 3321 706 3412 758; x_wconf 75' lang='grc' dir='ltr'>τὴν</span> <span class='ocrx_word' id='word_1_135' title='bbox 3446 701 3648 754; x_wconf 66' lang='grc' dir='ltr'>ἀσέϐειωδ</span> <span class='ocrx_word' id='word_1_136' title='bbox 3685 701 3810 775; x_wconf 59' lang='grc' dir='ltr'>διελέγ-</span> 
     </span>
    </p>
   </div>
   <div class='ocr_carea' id='block_1_23' title="bbox 2337 787 3810 866">
    <p class='ocr_par' dir='ltr' id='par_1_23' title="bbox 2337 787 3810 866">
     <span class='ocr_line' id='line_1_23' title="bbox 2337 787 3810 866; baseline 0.009 -32"><span class='ocrx_word' id='word_1_137' title='bbox 2337 805 2473 856; x_wconf 82' lang='grc' dir='ltr'>χων,</span> <span class='ocrx_word' id='word_1_138' title='bbox 2500 790 2593 848; x_wconf 81' lang='grc' dir='ltr'>τὴν</span> <span class='ocrx_word' id='word_1_139' title='bbox 2650 789 2894 858; x_wconf 73' lang='grc' dir='ltr'>γλῶσσαν</span> <span class='ocrx_word' id='word_1_140' title='bbox 2932 787 3219 866; x_wconf 75' lang='grc' dir='ltr'>ἀφῄρηται.</span> <span class='ocrx_word' id='word_1_141' title='bbox 3276 787 3404 845; x_wconf 85' lang='grc' dir='ltr'>Εἶτα</span> <span class='ocrx_word' id='word_1_142' title='bbox 3456 796 3536 843; x_wconf 81' lang='grc' dir='ltr'>καὶ</span> <span class='ocrx_word' id='word_1_143' title='bbox 3581 801 3726 864; x_wconf 74' lang='grc' dir='ltr'>χεῖρας</span> <span class='ocrx_word' id='word_1_144' title='bbox 3760 804 3810 848; x_wconf 70' lang='grc' dir='ltr'>καὶ</span> 
     </span>
    </p>
   </div>
   <div class='ocr_carea' id='block_1_24' title="bbox 2338 871 3815 952">
    <p class='ocr_par' dir='ltr' id='par_1_24' title="bbox 2338 871 3815 952">
     <span class='ocr_line' id='line_1_24' title="bbox 2338 871 3815 952; baseline 0.006 -26"><span class='ocrx_word' id='word_1_145' title='bbox 2338 871 2508 937; x_wconf 68' lang='grc' dir='ltr'>πόδας</span> <span class='ocrx_word' id='word_1_146' title='bbox 2571 874 2830 942; x_wconf 81' lang='grc' dir='ltr'>θλασθείς,</span> <span class='ocrx_word' id='word_1_147' title='bbox 2892 876 3106 934; x_wconf 78' lang='grc' dir='ltr'>ἀπεϐίω.</span> <span class='ocrx_word' id='word_1_148' title='bbox 3159 878 3216 930; x_wconf 79' lang='grc' dir='ltr'>Ὀ</span> <span class='ocrx_word' id='word_1_149' title='bbox 3275 883 3430 951; x_wconf 73' lang='grc' dir='ltr'>σοφός</span> <span class='ocrx_word' id='word_1_150' title='bbox 3477 884 3630 952; x_wconf 78' lang='grc' dir='ltr'>μέντοι</span> <span class='ocrx_word' id='word_1_151' title='bbox 3663 882 3815 952; x_wconf 55' lang='grc' dir='ltr'><strong>Εὐκρά-</strong></span> 
     </span>
    </p>
   </div>
   <div class='ocr_carea' id='block_1_25' title="bbox 2340 965 3815 1041">
    <p class='ocr_par' dir='ltr' id='par_1_25' title="bbox 2340 965 3815 1041">
     <span class='ocr_line' id='line_1_25' title="bbox 2340 965 3815 1041; baseline 0.005 -27"><span class='ocrx_word' id='word_1_152' title='bbox 2340 983 2470 1032; x_wconf 90' lang='grc' dir='ltr'>τιος,</span> <span class='ocrx_word' id='word_1_153' title='bbox 2546 965 2656 1036; x_wconf 81' lang='grc' dir='ltr'>ἅμα</span> <span class='ocrx_word' id='word_1_154' title='bbox 2736 965 2957 1040; x_wconf 69' lang='grc' dir='ltr'>Ὀρέστῃ</span> <span class='ocrx_word' id='word_1_155' title='bbox 3035 967 3102 1028; x_wconf 84' lang='grc' dir='ltr'>εἰς</span> <span class='ocrx_word' id='word_1_156' title='bbox 3185 967 3486 1022; x_wconf 77' lang='grc' dir='ltr'>Σεϐάστειαν</span> <span class='ocrx_word' id='word_1_157' title='bbox 3531 969 3737 1041; x_wconf 73' lang='grc' dir='ltr'><strong>ἀπαχθεὶς</strong></span> <span class='ocrx_word' id='word_1_158' title='bbox 3775 982 3815 1039; x_wconf 65' lang='grc' dir='ltr'><strong>τῷ</strong></span> 
     </span>
    </p>
   </div>
   <div class='ocr_carea' id='block_1_26' title="bbox 2343 1051 3819 1132">
    <p class='ocr_par' dir='ltr' id='par_1_26' title="bbox 2343 1051 3819 1132">
     <span class='ocr_line' id='line_1_26' title="bbox 2343 1051 3819 1132; baseline 0.003 -26"><span class='ocrx_word' id='word_1_159' title='bbox 2343 1052 2722 1126; x_wconf 71' lang='grc' dir='ltr'>Ἀγροικολάῳ,</span> <span class='ocrx_word' id='word_1_160' title='bbox 2799 1051 2892 1107; x_wconf 79' lang='grc' dir='ltr'><strong>διὰ</strong></span> <span class='ocrx_word' id='word_1_161' title='bbox 2957 1060 3119 1132; x_wconf 89' lang='grc' dir='ltr'>πυρός</span> <span class='ocrx_word' id='word_1_162' title='bbox 3183 1057 3517 1130; x_wconf 78' lang='grc' dir='ltr'>όλοκαύτωμα</span> <span class='ocrx_word' id='word_1_163' title='bbox 3581 1067 3642 1128; x_wconf 81' lang='grc' dir='ltr'>τῷ</span> <span class='ocrx_word' id='word_1_164' title='bbox 3710 1065 3819 1131; x_wconf 59' lang='lat' dir='ltr'><strong>Rupis</strong></span> 
     </span>
    </p>
   </div>
   <div class='ocr_carea' id='block_1_27' title="bbox 2341 1139 3820 1214">
    <p class='ocr_par' dir='ltr' id='par_1_27' title="bbox 2341 1139 3820 1214">
     <span class='ocr_line' id='line_1_27' title="bbox 2341 1139 3820 1214; baseline 0.003 -21"><span class='ocrx_word' id='word_1_165' title='bbox 2341 1148 2603 1214; x_wconf 67' lang='grc' dir='ltr'>γεγόνασι.</span> <span class='ocrx_word' id='word_1_166' title='bbox 2657 1146 2759 1203; x_wconf 83' lang='grc' dir='ltr'><strong>Τὰς</strong></span> <span class='ocrx_word' id='word_1_167' title='bbox 2809 1139 2867 1195; x_wconf 63' lang='grc' dir='ltr'><strong>δὲ</strong></span> <span class='ocrx_word' id='word_1_168' title='bbox 2919 1141 3207 1206; x_wconf 74' lang='grc' dir='ltr'><strong>πολυειδεῖς</strong></span> <span class='ocrx_word' id='word_1_169' title='bbox 3264 1150 3352 1197; x_wconf 84' lang='grc' dir='ltr'>καὶ</span> <span class='ocrx_word' id='word_1_170' title='bbox 3407 1145 3627 1207; x_wconf 84' lang='grc' dir='ltr'>ποικίλας</span> <span class='ocrx_word' id='word_1_171' title='bbox 3664 1147 3820 1208; x_wconf 67' lang='grc' dir='ltr'>κολάσεις</span> 
     </span>
    </p>
   </div>
   <div class='ocr_carea' id='block_1_28' title="bbox 2343 1230 3818 1308">
    <p class='ocr_par' dir='ltr' id='par_1_28' title="bbox 2343 1230 3818 1308">
     <span class='ocr_line' id='line_1_28' title="bbox 2343 1230 3818 1308; baseline 0 -24"><span class='ocrx_word' id='word_1_172' title='bbox 2343 1230 2646 1304; x_wconf 81' lang='grc' dir='ltr'>Εῦλαμπίου</span> <span class='ocrx_word' id='word_1_173' title='bbox 2694 1237 2782 1284; x_wconf 83' lang='grc' dir='ltr'>καὶ</span> <span class='ocrx_word' id='word_1_174' title='bbox 2844 1233 3140 1305; x_wconf 78' lang='grc' dir='ltr'>Εῦλαμπίας</span> <span class='ocrx_word' id='word_1_175' title='bbox 3193 1238 3240 1285; x_wconf 76' lang='grc' dir='ltr'>ἓν</span> <span class='ocrx_word' id='word_1_176' title='bbox 3286 1243 3345 1306; x_wconf 75' lang='grc' dir='ltr'><strong>τῇ</strong></span> <span class='ocrx_word' id='word_1_177' title='bbox 3394 1231 3700 1308; x_wconf 75' lang='grc' dir='ltr'><strong>Νικομηδέων</strong></span> <span class='ocrx_word' id='word_1_178' title='bbox 3723 1235 3818 1298; x_wconf 64' lang='grc' dir='ltr'>πόλει,</span> 
     </span>
    </p>
   </div>
   <div class='ocr_carea' id='block_1_29' title="bbox 2344 1316 3816 1393">
    <p class='ocr_par' dir='ltr' id='par_1_29' title="bbox 2344 1316 3816 1393">
     <span class='ocr_line' id='line_1_29' title="bbox 2344 1316 3816 1393; baseline 0.003 -24"><span class='ocrx_word' id='word_1_179' title='bbox 2344 1321 2419 1370; x_wconf 82' lang='grc' dir='ltr'>ἔτι</span> <span class='ocrx_word' id='word_1_180' title='bbox 2447 1316 2505 1370; x_wconf 75' lang='grc' dir='ltr'><strong>δὲ</strong></span> <span class='ocrx_word' id='word_1_181' title='bbox 2535 1325 2623 1372; x_wconf 81' lang='grc' dir='ltr'>καὶ</span> <span class='ocrx_word' id='word_1_182' title='bbox 2656 1319 2738 1374; x_wconf 79' lang='grc' dir='ltr'><strong>ἐπὶ</strong></span> <span class='ocrx_word' id='word_1_183' title='bbox 2776 1319 2976 1393; x_wconf 81' lang='grc' dir='ltr'>Ῥώμης</span> <span class='ocrx_word' id='word_1_184' title='bbox 3025 1323 3370 1383; x_wconf 83' lang='grc' dir='ltr'>Ἀναστασίας</span> <span class='ocrx_word' id='word_1_185' title='bbox 3422 1326 3512 1387; x_wconf 88' lang='grc' dir='ltr'><strong>τάς</strong></span> <span class='ocrx_word' id='word_1_186' title='bbox 3555 1326 3738 1384; x_wconf 78' lang='grc' dir='ltr'>ἑκκοπίις</span> <span class='ocrx_word' id='word_1_187' title='bbox 3769 1335 3816 1374; x_wconf 63' lang='grc' dir='ltr'>τέω</span> 
     </span>
    </p>
   </div>
   <div class='ocr_carea' id='block_1_30' title="bbox 2546 964 2656 1036">
    <p class='ocr_par' dir='ltr' id='par_1_30' title="bbox 2546 964 2656 1036">
     <span class='ocr_line' id='line_1_30' title="bbox 2546 964 2656 1036; baseline 0 -20"><span class='ocrx_word' id='word_1_188' title='bbox 2546 964 2656 1036; x_wconf 80' lang='grc' dir='ltr'>ἅμα</span> 
     </span>
    </p>
   </div>
   <div class='ocr_carea' id='block_1_31' title="bbox 2345 1406 3814 1484">
    <p class='ocr_par' dir='ltr' id='par_1_31' title="bbox 2345 1406 3814 1484">
     <span class='ocr_line' id='line_1_31' title="bbox 2345 1406 3814 1484; baseline -0.013 -4"><span class='ocrx_word' id='word_1_189' title='bbox 2345 1408 2529 1480; x_wconf 65' lang='grc' dir='ltr'><strong>μελῶν,</strong></span> <span class='ocrx_word' id='word_1_190' title='bbox 2591 1412 2713 1483; x_wconf 81' lang='grc' dir='ltr'>πρὸς</span> <span class='ocrx_word' id='word_1_191' title='bbox 2767 1406 2826 1462; x_wconf 73' lang='grc' dir='ltr'><strong>δὲ</strong></span> <span class='ocrx_word' id='word_1_192' title='bbox 2876 1415 2965 1463; x_wconf 86' lang='grc' dir='ltr'>καὶ</span> <span class='ocrx_word' id='word_1_193' title='bbox 3019 1419 3113 1474; x_wconf 77' lang='grc' dir='ltr'><strong>τῆς</strong></span> <span class='ocrx_word' id='word_1_194' title='bbox 3179 1413 3450 1482; x_wconf 66' lang='grc' dir='ltr'>ὁμωνύμου</span> <span class='ocrx_word' id='word_1_195' title='bbox 3497 1415 3644 1484; x_wconf 72' lang='grc' dir='ltr'>ταύτῃ</span> <span class='ocrx_word' id='word_1_196' title='bbox 3700 1416 3759 1472; x_wconf 59' lang='grc' dir='ltr'><strong>τίς</strong></span> 
     </span>
    </p>
   </div>
   <div class='ocr_carea' id='block_1_32' title="bbox 2343 1496 3815 1575">
    <p class='ocr_par' dir='ltr' id='par_1_32' title="bbox 2343 1496 3815 1575">
     <span class='ocr_line' id='line_1_32' title="bbox 2343 1496 3815 1575; baseline 0.002 -27"><span class='ocrx_word' id='word_1_197' title='bbox 2343 1496 2525 1558; x_wconf 84' lang='grc' dir='ltr'>λοιπάς</span> <span class='ocrx_word' id='word_1_198' title='bbox 2583 1502 2853 1575; x_wconf 78' lang='grc' dir='ltr'><strong>τιμωρίας,</strong></span> <span class='ocrx_word' id='word_1_199' title='bbox 2931 1505 3020 1552; x_wconf 86' lang='grc' dir='ltr'>καὶ</span> <span class='ocrx_word' id='word_1_200' title='bbox 3101 1504 3195 1558; x_wconf 80' lang='grc' dir='ltr'>τὴν</span> <span class='ocrx_word' id='word_1_201' title='bbox 3255 1497 3348 1552; x_wconf 83' lang='grc' dir='ltr'><strong>διὰ</strong></span> <span class='ocrx_word' id='word_1_202' title='bbox 3431 1504 3587 1573; x_wconf 87' lang='grc' dir='ltr'>πυρὸς</span> <span class='ocrx_word' id='word_1_203' title='bbox 3659 1502 3815 1554; x_wconf 56' lang='grc' dir='ltr'>τελλίναν</span> 
     </span>
    </p>
   </div>
   <div class='ocr_carea' id='block_1_33' title="bbox 2348 1587 3820 1662">
    <p class='ocr_par' dir='ltr' id='par_1_33' title="bbox 2348 1587 3820 1662">
     <span class='ocr_line' id='line_1_33' title="bbox 2348 1587 3820 1662; baseline -0.001 -21"><span class='ocrx_word' id='word_1_204' title='bbox 2348 1587 2583 1660; x_wconf 74' lang='grc' dir='ltr'>Ἀγάπης</span> <span class='ocrx_word' id='word_1_205' title='bbox 2613 1606 2666 1639; x_wconf 90' lang='grc' dir='ltr'><strong>τε</strong></span> <span class='ocrx_word' id='word_1_206' title='bbox 2704 1593 2793 1640; x_wconf 87' lang='grc' dir='ltr'>καὶ</span> <span class='ocrx_word' id='word_1_207' title='bbox 2848 1588 3066 1662; x_wconf 77' lang='grc' dir='ltr'><strong>Εἰρήνης</strong></span> <span class='ocrx_word' id='word_1_208' title='bbox 3119 1594 3211 1641; x_wconf 90' lang='grc' dir='ltr'>καὶ</span> <span class='ocrx_word' id='word_1_209' title='bbox 3262 1596 3520 1657; x_wconf 84' lang='grc' dir='ltr'>Χιονοίας,</span> <span class='ocrx_word' id='word_1_210' title='bbox 3571 1598 3658 1642; x_wconf 82' lang='grc' dir='ltr'><strong>ποῦ</strong></span> <span class='ocrx_word' id='word_1_211' title='bbox 3705 1587 3820 1642; x_wconf 59' lang='grc' dir='ltr'>δίιεει</span> 
     </span>
    </p>
   </div>
   <div class='ocr_carea' id='block_1_34' title="bbox 2353 1676 3828 1752">
    <p class='ocr_par' dir='ltr' id='par_1_34' title="bbox 2353 1676 3828 1752">
     <span class='ocr_line' id='line_1_34' title="bbox 2353 1676 3828 1752; baseline 0.001 -24"><span class='ocrx_word' id='word_1_212' title='bbox 2353 1681 2553 1746; x_wconf 82' lang='grc' dir='ltr'>σιωπᾷν</span> <span class='ocrx_word' id='word_1_213' title='bbox 2604 1683 2694 1728; x_wconf 88' lang='grc' dir='ltr'><strong>τοῦ</strong></span> <span class='ocrx_word' id='word_1_214' title='bbox 2759 1679 3051 1752; x_wconf 74' lang='grc' dir='ltr'><strong>ὑπερφυοῦς</strong></span> <span class='ocrx_word' id='word_1_215' title='bbox 3107 1684 3395 1752; x_wconf 82' lang='grc' dir='ltr'><strong>μαρτυρίου</strong></span> <span class='ocrx_word' id='word_1_216' title='bbox 3432 1698 3445 1746; x_wconf 86' lang='grc'><strong>;</strong></span> <span class='ocrx_word' id='word_1_217' title='bbox 3483 1687 3582 1732; x_wconf 87' lang='grc' dir='ltr'>Ποῦ</span> <span class='ocrx_word' id='word_1_218' title='bbox 3637 1676 3686 1731; x_wconf 69' lang='grc' dir='ltr'><strong>δὲ</strong></span> <span class='ocrx_word' id='word_1_219' title='bbox 3728 1681 3828 1738; x_wconf 63' lang='grc' dir='ltr'>ϐίαις</span> 
     </span>
    </p>
   </div>
   <div class='ocr_carea' id='block_1_35' title="bbox 579 1761 2250 1844">
    <p class='ocr_par' dir='ltr' id='par_1_35' title="bbox 579 1761 2235 1835">
     <span class='ocr_line' id='line_1_35' title="bbox 579 1761 2235 1835; baseline -0.002 -14"><span class='ocrx_word' id='word_1_220' title='bbox 579 1764 786 1821; x_wconf 88' lang='lat' dir='ltr'><strong>oblati.</strong></span> <span class='ocrx_word' id='word_1_221' title='bbox 848 1761 1196 1834; x_wconf 87' lang='lat' dir='ltr'><strong>Multiplices</strong></span> <span class='ocrx_word' id='word_1_222' title='bbox 1247 1776 1486 1835; x_wconf 92' lang='lat' dir='ltr'><strong>quoque</strong></span> <span class='ocrx_word' id='word_1_223' title='bbox 1530 1765 1586 1818; x_wconf 92' lang='lat' dir='ltr'><strong>et</strong></span> <span class='ocrx_word' id='word_1_224' title='bbox 1610 1761 1792 1818; x_wconf 61' lang='lat' dir='ltr'><strong>varice</strong></span> <span class='ocrx_word' id='word_1_225' title='bbox 1837 1766 2077 1819; x_wconf 68' lang='lat' dir='ltr'><strong>torturaa</strong></span> <span class='ocrx_word' id='word_1_226' title='bbox 2129 1765 2235 1818; x_wconf 88' lang='lat' dir='ltr'><strong>Eu-</strong></span> 
     </span>
    </p>
   </div>
   <div class='ocr_carea' id='block_1_36' title="bbox 2363 1761 3828 1844">
    <p class='ocr_par' dir='ltr' id='par_1_36' title="bbox 2363 1767 3828 1842">
     <span class='ocr_line' id='line_1_36' title="bbox 2363 1767 3828 1842; baseline 0.004 -24"><span class='ocrx_word' id='word_1_227' title='bbox 2363 1769 2562 1840; x_wconf 79' lang='grc' dir='ltr'>Ξεργίου</span> <span class='ocrx_word' id='word_1_228' title='bbox 2611 1769 2700 1817; x_wconf 80' lang='grc' dir='ltr'>καὶ</span> <span class='ocrx_word' id='word_1_229' title='bbox 2767 1767 2978 1838; x_wconf 90' lang='grc' dir='ltr'>Βάκχου</span> <span class='ocrx_word' id='word_1_230' title='bbox 3023 1775 3120 1820; x_wconf 88' lang='grc' dir='ltr'>τῶν</span> <span class='ocrx_word' id='word_1_231' title='bbox 3169 1767 3472 1820; x_wconf 90' lang='grc' dir='ltr'>καλλινίκων</span> <span class='ocrx_word' id='word_1_232' title='bbox 3520 1771 3749 1842; x_wconf 72' lang='grc' dir='ltr'>μαρτύρων</span> <span class='ocrx_word' id='word_1_233' title='bbox 3783 1775 3828 1824; x_wconf 58' lang='lat' dir='ltr'><strong>Tt-</strong></span> 
     </span>
    </p>
   </div>
   <div class='ocr_carea' id='block_1_37' title="bbox 578 1849 2241 1926">
    <p class='ocr_par' dir='ltr' id='par_1_37' title="bbox 578 1849 2241 1926">
     <span class='ocr_line' id='line_1_37' title="bbox 578 1849 2241 1926; baseline -0.001 -18"><span class='ocrx_word' id='word_1_234' title='bbox 578 1853 785 1926; x_wconf 85' lang='lat' dir='ltr'><strong>lampii</strong></span> <span class='ocrx_word' id='word_1_235' title='bbox 807 1860 860 1908; x_wconf 90' lang='lat' dir='ltr'><strong>et</strong></span> <span class='ocrx_word' id='word_1_236' title='bbox 879 1851 1204 1923; x_wconf 70' lang='lat' dir='ltr'><strong>Eulampiae</strong></span> <span class='ocrx_word' id='word_1_237' title='bbox 1221 1851 1282 1905; x_wconf 93' lang='lat' dir='ltr'><strong>in</strong></span> <span class='ocrx_word' id='word_1_238' title='bbox 1307 1849 1455 1905; x_wconf 91' lang='lat' dir='ltr'><strong>urbe</strong></span> <span class='ocrx_word' id='word_1_239' title='bbox 1481 1849 1956 1908; x_wconf 86' lang='lat' dir='ltr'><strong>Nicomediensi:</strong></span> <span class='ocrx_word' id='word_1_240' title='bbox 1987 1856 2241 1909; x_wconf 89' lang='lat' dir='ltr'><strong>Anasta-</strong></span> 
     </span>
    </p>
   </div>
   <div class='ocr_carea' id='block_1_38' title="bbox 582 1939 2242 2014">
    <p class='ocr_par' dir='ltr' id='par_1_38' title="bbox 582 1939 2242 2014">
     <span class='ocr_line' id='line_1_38' title="bbox 582 1939 2242 2014; baseline 0.001 -17"><span class='ocrx_word' id='word_1_241' title='bbox 582 1943 686 1998; x_wconf 83' lang='lat' dir='ltr'><strong>sise</strong></span> <span class='ocrx_word' id='word_1_242' title='bbox 709 1944 910 2008; x_wconf 90' lang='lat' dir='ltr'><strong>etiam,</strong></span> <span class='ocrx_word' id='word_1_243' title='bbox 933 1957 1070 2014; x_wconf 82' lang='lat' dir='ltr'><strong>quae</strong></span> <span class='ocrx_word' id='word_1_244' title='bbox 1093 1940 1296 1995; x_wconf 69' lang='lat' dir='ltr'><strong>Romae</strong></span> <span class='ocrx_word' id='word_1_245' title='bbox 1327 1939 1612 1994; x_wconf 87' lang='lat' dir='ltr'><strong>membris</strong></span> <span class='ocrx_word' id='word_1_246' title='bbox 1635 1945 1724 1995; x_wconf 91' lang='lat' dir='ltr'><strong>est</strong></span> <span class='ocrx_word' id='word_1_247' title='bbox 1755 1940 2028 1996; x_wconf 88' lang='lat' dir='ltr'><strong>mutilata</strong></span> <span class='ocrx_word' id='word_1_248' title='bbox 2060 1958 2074 2006; x_wconf 94' lang='lat'><strong>;</strong></span> <span class='ocrx_word' id='word_1_249' title='bbox 2103 1941 2242 1998; x_wconf 86' lang='lat' dir='ltr'><strong>alte-</strong></span> 
     </span>
    </p>
   </div>
   <div class='ocr_carea' id='block_1_39' title="bbox 582 2027 2245 2104">
    <p class='ocr_par' dir='ltr' id='par_1_39' title="bbox 582 2027 2245 2104">
     <span class='ocr_line' id='line_1_39' title="bbox 582 2027 2245 2104; baseline 0 -17"><span class='ocrx_word' id='word_1_250' title='bbox 582 2033 832 2104; x_wconf 90' lang='lat' dir='ltr'><strong>riusque</strong></span> <span class='ocrx_word' id='word_1_251' title='bbox 861 2031 913 2085; x_wconf 93' lang='lat' dir='ltr'><strong>ei</strong></span> <span class='ocrx_word' id='word_1_252' title='bbox 944 2027 1348 2100; x_wconf 88' lang='lat' dir='ltr'><strong>cognominis,</strong></span> <span class='ocrx_word' id='word_1_253' title='bbox 1373 2043 1562 2102; x_wconf 89' lang='lat' dir='ltr'><strong>quam</strong></span> <span class='ocrx_word' id='word_1_254' title='bbox 1593 2033 1729 2102; x_wconf 90' lang='lat' dir='ltr'><strong>post</strong></span> <span class='ocrx_word' id='word_1_255' title='bbox 1777 2029 2072 2104; x_wconf 89' lang='lat' dir='ltr'><strong>supplicia</strong></span> <span class='ocrx_word' id='word_1_256' title='bbox 2125 2030 2245 2087; x_wconf 88' lang='lat' dir='ltr'><strong>alia</strong></span> 
     </span>
    </p>
   </div>
   <div class='ocr_carea' id='block_1_40' title="bbox 585 2118 2242 2194">
    <p class='ocr_par' dir='ltr' id='par_1_40' title="bbox 585 2118 2242 2194">
     <span class='ocr_line' id='line_1_40' title="bbox 585 2118 2242 2194; baseline -0.002 -17"><span class='ocrx_word' id='word_1_257' title='bbox 585 2121 836 2177; x_wconf 83' lang='lat' dir='ltr'><strong>tolerata</strong></span> <span class='ocrx_word' id='word_1_258' title='bbox 860 2119 1018 2190; x_wconf 89' lang='lat' dir='ltr'><strong>ignis</strong></span> <span class='ocrx_word' id='word_1_259' title='bbox 1039 2118 1284 2175; x_wconf 89' lang='lat' dir='ltr'><strong>tandem</strong></span> <span class='ocrx_word' id='word_1_260' title='bbox 1305 2118 1700 2189; x_wconf 89' lang='lat' dir='ltr'><strong>consumpsit.</strong></span> <span class='ocrx_word' id='word_1_261' title='bbox 1730 2118 1980 2191; x_wconf 84' lang='lat' dir='ltr'><strong>Insuper</strong></span> <span class='ocrx_word' id='word_1_262' title='bbox 2002 2124 2242 2194; x_wconf 74' lang='lat' dir='ltr'><strong>Agapaa,</strong></span> 
     </span>
    </p>
   </div>
   <div class='ocr_carea' id='block_1_41' title="bbox 585 2206 2246 2280">
    <p class='ocr_par' dir='ltr' id='par_1_41' title="bbox 585 2206 2246 2280">
     <span class='ocr_line' id='line_1_41' title="bbox 585 2206 2246 2280; baseline -0.001 -16"><span class='ocrx_word' id='word_1_263' title='bbox 585 2211 772 2265; x_wconf 77' lang='lat' dir='ltr'><strong>lrenas</strong></span> <span class='ocrx_word' id='word_1_264' title='bbox 820 2213 875 2264; x_wconf 91' lang='lat' dir='ltr'><strong>et</strong></span> <span class='ocrx_word' id='word_1_265' title='bbox 933 2207 1192 2264; x_wconf 66' lang='lat' dir='ltr'><strong>Chionitas</strong></span> <span class='ocrx_word' id='word_1_266' title='bbox 1252 2206 1638 2263; x_wconf 90' lang='lat' dir='ltr'><strong>nobilissima</strong></span> <span class='ocrx_word' id='word_1_267' title='bbox 1683 2207 1974 2280; x_wconf 83' lang='lat' dir='ltr'><strong>martyris</strong></span> <span class='ocrx_word' id='word_1_268' title='bbox 2011 2208 2246 2266; x_wconf 91' lang='lat' dir='ltr'><strong>silentio</strong></span> 
     </span>
    </p>
   </div>
   <div class='ocr_carea' id='block_1_42' title="bbox 2351 1852 3833 1931">
    <p class='ocr_par' dir='ltr' id='par_1_42' title="bbox 2351 1852 3833 1931">
     <span class='ocr_line' id='line_1_42' title="bbox 2351 1852 3833 1931; baseline -0.001 -24"><span class='ocrx_word' id='word_1_269' title='bbox 2351 1856 2485 1928; x_wconf 79' lang='grc' dir='ltr'>ἄχρι</span> <span class='ocrx_word' id='word_1_270' title='bbox 2556 1854 2729 1914; x_wconf 73' lang='grc' dir='ltr'>τέλους</span> <span class='ocrx_word' id='word_1_271' title='bbox 2809 1857 3052 1910; x_wconf 81' lang='grc' dir='ltr'><strong>ἔνστασιν</strong></span> <span class='ocrx_word' id='word_1_272' title='bbox 3115 1852 3367 1931; x_wconf 75' lang='grc' dir='ltr'>ἀνδρικήν</span> <span class='ocrx_word' id='word_1_273' title='bbox 3402 1875 3416 1925; x_wconf 90' lang='grc'>;</span> <span class='ocrx_word' id='word_1_274' title='bbox 3450 1866 3540 1909; x_wconf 88' lang='grc' dir='ltr'><strong>τοῦ</strong></span> <span class='ocrx_word' id='word_1_275' title='bbox 3591 1863 3668 1931; x_wconf 67' lang='grc' dir='ltr'><strong>μιν</strong></span> <span class='ocrx_word' id='word_1_276' title='bbox 3705 1853 3833 1930; x_wconf 66' lang='grc' dir='ltr'>ρὰξόειη</span> 
     </span>
    </p>
   </div>
   <div class='ocr_carea' id='block_1_43' title="bbox 2351 1937 3837 2014">
    <p class='ocr_par' dir='ltr' id='par_1_43' title="bbox 2351 1937 3837 2014">
     <span class='ocr_line' id='line_1_43' title="bbox 2351 1937 3837 2014; baseline 0 -22"><span class='ocrx_word' id='word_1_277' title='bbox 2351 1943 2580 2013; x_wconf 89' lang='grc' dir='ltr'>καιρίαις</span> <span class='ocrx_word' id='word_1_278' title='bbox 2635 1937 2810 2012; x_wconf 81' lang='grc' dir='ltr'>βολαῖς</span> <span class='ocrx_word' id='word_1_279' title='bbox 2866 1938 3247 2010; x_wconf 72' lang='grc' dir='ltr'>ἀποψύξαντος,</span> <span class='ocrx_word' id='word_1_280' title='bbox 3302 1950 3392 1994; x_wconf 85' lang='grc' dir='ltr'><strong>τοῦ</strong></span> <span class='ocrx_word' id='word_1_281' title='bbox 3445 1939 3502 1993; x_wconf 70' lang='grc' dir='ltr'><strong>δὲ</strong></span> <span class='ocrx_word' id='word_1_282' title='bbox 3549 1947 3725 2014; x_wconf 75' lang='grc' dir='ltr'>καιρίαν</span> <span class='ocrx_word' id='word_1_283' title='bbox 3761 1945 3837 2010; x_wconf 61' lang='grc' dir='ltr'><strong>ἐκεῖ·</strong></span> 
     </span>
    </p>
   </div>
   <div class='ocr_carea' id='block_1_44' title="bbox 2353 2027 3842 2091">
    <p class='ocr_par' dir='ltr' id='par_1_44' title="bbox 2353 2027 3842 2091">
     <span class='ocr_line' id='line_1_44' title="bbox 2353 2027 3842 2091; baseline -0.001 -10"><span class='ocrx_word' id='word_1_284' title='bbox 2353 2033 2532 2091; x_wconf 85' lang='grc' dir='ltr'>κο’ντος</span> <span class='ocrx_word' id='word_1_285' title='bbox 2578 2031 2715 2080; x_wconf 88' lang='grc' dir='ltr'><strong>κατά</strong></span> <span class='ocrx_word' id='word_1_286' title='bbox 2765 2036 2856 2080; x_wconf 83' lang='grc' dir='ltr'><strong>τοῦ</strong></span> <span class='ocrx_word' id='word_1_287' title='bbox 2913 2033 3160 2091; x_wconf 85' lang='grc' dir='ltr'>τένοντος.</span> <span class='ocrx_word' id='word_1_288' title='bbox 3226 2033 3301 2082; x_wconf 90' lang='grc' dir='ltr'><strong>Τά</strong></span> <span class='ocrx_word' id='word_1_289' title='bbox 3359 2027 3420 2083; x_wconf 76' lang='grc' dir='ltr'><strong>δὲ</strong></span> <span class='ocrx_word' id='word_1_290' title='bbox 3481 2040 3576 2082; x_wconf 88' lang='grc' dir='ltr'>τῶν</span> <span class='ocrx_word' id='word_1_291' title='bbox 3625 2030 3752 2082; x_wconf 58' lang='lat' dir='ltr'><strong>ﬂius</strong></span> <span class='ocrx_word' id='word_1_292' title='bbox 3791 2053 3842 2081; x_wconf 70' lang='lat' dir='ltr'><strong>ut</strong></span> 
     </span>
    </p>
   </div>
   <div class='ocr_carea' id='block_1_45' title="bbox 2357 2117 3842 2194">
    <p class='ocr_par' dir='ltr' id='par_1_45' title="bbox 2357 2117 3842 2194">
     <span class='ocr_line' id='line_1_45' title="bbox 2357 2117 3842 2194; baseline -0.001 -25"><span class='ocrx_word' id='word_1_293' title='bbox 2357 2117 2574 2194; x_wconf 84' lang='grc' dir='ltr'>ἀριθμόν</span> <span class='ocrx_word' id='word_1_294' title='bbox 2623 2123 2899 2184; x_wconf 77' lang='grc' dir='ltr'>νικώντων,</span> <span class='ocrx_word' id='word_1_295' title='bbox 2955 2122 3030 2179; x_wconf 86' lang='grc' dir='ltr'><strong>τίς</strong></span> <span class='ocrx_word' id='word_1_296' title='bbox 3062 2119 3293 2180; x_wconf 81' lang='grc' dir='ltr'>ἱκανὸςῆ</span> <span class='ocrx_word' id='word_1_297' title='bbox 3337 2121 3430 2180; x_wconf 80' lang='grc' dir='ltr'>τὰς</span> <span class='ocrx_word' id='word_1_298' title='bbox 3474 2119 3665 2179; x_wconf 74' lang='grc' dir='ltr'>κλήσεις</span> <span class='ocrx_word' id='word_1_299' title='bbox 3700 2119 3842 2176; x_wconf 64' lang='grc' dir='ltr'>ἐκείνων,</span> 
     </span>
    </p>
   </div>
   <div class='ocr_carea' id='block_1_46' title="bbox 2357 2207 3846 2283">
    <p class='ocr_par' dir='ltr' id='par_1_46' title="bbox 2357 2207 3846 2283">
     <span class='ocr_line' id='line_1_46' title="bbox 2357 2207 3846 2283; baseline -0.001 -25"><span class='ocrx_word' id='word_1_300' title='bbox 2357 2207 2385 2266; x_wconf 75' lang='grc' dir='ltr'>ἦ</span> <span class='ocrx_word' id='word_1_301' title='bbox 2451 2211 2573 2268; x_wconf 78' lang='grc' dir='ltr'>τοὺς</span> <span class='ocrx_word' id='word_1_302' title='bbox 2615 2210 2837 2280; x_wconf 84' lang='grc' dir='ltr'>τρόπους</span> <span class='ocrx_word' id='word_1_303' title='bbox 2907 2213 2998 2257; x_wconf 89' lang='grc' dir='ltr'><strong>τοῦ</strong></span> <span class='ocrx_word' id='word_1_304' title='bbox 3059 2211 3348 2282; x_wconf 81' lang='grc' dir='ltr'>μαρτυρίου</span> <span class='ocrx_word' id='word_1_305' title='bbox 3421 2207 3846 2283; x_wconf 69' lang='grc' dir='ltr'>ἀπαριθμήσαεθιι;</span> 
     </span>
    </p>
   </div>
   <div class='ocr_carea' id='block_1_47' title="bbox 585 2296 3849 2372">
    <p class='ocr_par' dir='ltr' id='par_1_47' title="bbox 585 2296 3849 2372">
     <span class='ocr_line' id='line_1_47' title="bbox 585 2296 3849 2372; baseline -0.002 -18"><span class='ocrx_word' id='word_1_306' title='bbox 585 2297 1006 2372; x_wconf 59' lang='lat' dir='ltr'><strong>praetereunda</strong></span> <span class='ocrx_word' id='word_1_307' title='bbox 1039 2312 1162 2353; x_wconf 92' lang='lat' dir='ltr'><strong>non</strong></span> <span class='ocrx_word' id='word_1_308' title='bbox 1201 2300 1360 2352; x_wconf 91' lang='lat' dir='ltr'><strong>sunt.</strong></span> <span class='ocrx_word' id='word_1_309' title='bbox 1404 2296 1584 2352; x_wconf 85' lang='lat' dir='ltr'><strong>Sicuti</strong></span> <span class='ocrx_word' id='word_1_310' title='bbox 1621 2311 1818 2370; x_wconf 89' lang='lat' dir='ltr'><strong>neque</strong></span> <span class='ocrx_word' id='word_1_311' title='bbox 1861 2297 2044 2368; x_wconf 91' lang='lat' dir='ltr'><strong>Sergii</strong></span> <span class='ocrx_word' id='word_1_312' title='bbox 2101 2301 2158 2352; x_wconf 94' lang='lat' dir='ltr'><strong>et</strong></span> <span class='ocrx_word' id='word_1_313' title='bbox 2200 2296 2434 2353; x_wconf 86' lang='lat' dir='ltr'><strong>Bacchii</strong></span> <span class='ocrx_word' id='word_1_314' title='bbox 2475 2297 2851 2369; x_wconf 86' lang='lat' dir='ltr'><strong>egregiorum</strong></span> <span class='ocrx_word' id='word_1_315' title='bbox 2883 2311 3027 2350; x_wconf 85' lang='lat' dir='ltr'><strong>sane</strong></span> <span class='ocrx_word' id='word_1_316' title='bbox 3071 2296 3360 2352; x_wconf 89' lang='lat' dir='ltr'><strong>victorum</strong></span> <span class='ocrx_word' id='word_1_317' title='bbox 3407 2297 3488 2353; x_wconf 90' lang='lat' dir='ltr'><strong>ad</strong></span> <span class='ocrx_word' id='word_1_318' title='bbox 3534 2297 3692 2352; x_wconf 83' lang='lat' dir='ltr'><strong>ﬁnem</strong></span> <span class='ocrx_word' id='word_1_319' title='bbox 3733 2312 3849 2368; x_wconf 79' lang='lat' dir='ltr'><strong>usque</strong></span> 
     </span>
    </p>
   </div>
   <div class='ocr_carea' id='block_1_48' title="bbox 591 2383 3848 2461">
    <p class='ocr_par' dir='ltr' id='par_1_48' title="bbox 591 2383 3848 2461">
     <span class='ocr_line' id='line_1_48' title="bbox 591 2383 3848 2461; baseline -0.002 -18"><span class='ocrx_word' id='word_1_320' title='bbox 591 2391 943 2444; x_wconf 88' lang='lat' dir='ltr'><strong>conservata</strong></span> <span class='ocrx_word' id='word_1_321' title='bbox 980 2385 1287 2451; x_wconf 81' lang='lat' dir='ltr'><strong>fortitudo;</strong></span> <span class='ocrx_word' id='word_1_322' title='bbox 1345 2401 1607 2458; x_wconf 90' lang='lat' dir='ltr'><strong>quorum</strong></span> <span class='ocrx_word' id='word_1_323' title='bbox 1661 2385 1808 2442; x_wconf 91' lang='lat' dir='ltr'><strong>alter</strong></span> <span class='ocrx_word' id='word_1_324' title='bbox 1850 2385 2096 2442; x_wconf 83' lang='lat' dir='ltr'><strong>fustium</strong></span> <span class='ocrx_word' id='word_1_325' title='bbox 2153 2385 2472 2442; x_wconf 88' lang='lat' dir='ltr'><strong>lethalibus</strong></span> <span class='ocrx_word' id='word_1_326' title='bbox 2528 2383 2895 2450; x_wconf 88' lang='lat' dir='ltr'><strong>verberibus,</strong></span> <span class='ocrx_word' id='word_1_327' title='bbox 2939 2384 3091 2441; x_wconf 87' lang='lat' dir='ltr'><strong>altea</strong></span> <span class='ocrx_word' id='word_1_328' title='bbox 3147 2384 3348 2459; x_wconf 89' lang='lat' dir='ltr'><strong>gladio</strong></span> <span class='ocrx_word' id='word_1_329' title='bbox 3411 2387 3761 2461; x_wconf 85' lang='lat' dir='ltr'><strong>interemptus</strong></span> <span class='ocrx_word' id='word_1_330' title='bbox 3791 2391 3848 2439; x_wconf 81' lang='lat' dir='ltr'><strong>est</strong></span> 
     </span>
    </p>
   </div>
   <div class='ocr_carea' id='block_1_49' title="bbox 590 2473 3852 2550">
    <p class='ocr_par' dir='ltr' id='par_1_49' title="bbox 590 2473 3852 2550">
     <span class='ocr_line' id='line_1_49' title="bbox 590 2473 3852 2550; baseline -0.002 -18"><span class='ocrx_word' id='word_1_331' title='bbox 590 2476 857 2533; x_wconf 85' lang='lat' dir='ltr'><strong>Aliorum</strong></span> <span class='ocrx_word' id='word_1_332' title='bbox 894 2490 1038 2531; x_wconf 83' lang='lat' dir='ltr'><strong>vero</strong></span> <span class='ocrx_word' id='word_1_333' title='bbox 1069 2473 1624 2540; x_wconf 86' lang='lat' dir='ltr'><strong>innumerabilium,</strong></span> <span class='ocrx_word' id='word_1_334' title='bbox 1668 2474 1804 2550; x_wconf 91' lang='lat' dir='ltr'><strong>quis</strong></span> <span class='ocrx_word' id='word_1_335' title='bbox 1871 2473 1961 2530; x_wconf 86' lang='lat' dir='ltr'><strong>vel</strong></span> <span class='ocrx_word' id='word_1_336' title='bbox 2007 2475 2216 2532; x_wconf 83' lang='lat' dir='ltr'><strong>saltem</strong></span> <span class='ocrx_word' id='word_1_337' title='bbox 2269 2475 2402 2546; x_wconf 88' lang='lat' dir='ltr'><strong>ipsa</strong></span> <span class='ocrx_word' id='word_1_338' title='bbox 2454 2473 2723 2543; x_wconf 90' lang='lat' dir='ltr'><strong>nomina,</strong></span> <span class='ocrx_word' id='word_1_339' title='bbox 2776 2473 2866 2532; x_wconf 90' lang='lat' dir='ltr'><strong>vel</strong></span> <span class='ocrx_word' id='word_1_340' title='bbox 2915 2475 3339 2548; x_wconf 87' lang='lat' dir='ltr'><strong>martyriorum</strong></span> <span class='ocrx_word' id='word_1_341' title='bbox 3377 2491 3596 2548; x_wconf 87' lang='lat' dir='ltr'><strong>genera</strong></span> <span class='ocrx_word' id='word_1_342' title='bbox 3642 2488 3852 2530; x_wconf 58' lang='lat' dir='ltr'><strong>recenses.</strong></span> 
     </span>
    </p>
   </div>
   <div class='ocr_carea' id='block_1_50' title="bbox 593 2563 841 2642">
    <p class='ocr_par' dir='ltr' id='par_1_50' title="bbox 593 2563 841 2642">
     <span class='ocr_line' id='line_1_50' title="bbox 593 2563 841 2642; baseline -0.008 -21"><span class='ocrx_word' id='word_1_343' title='bbox 593 2568 775 2642; x_wconf 86' lang='lat' dir='ltr'><strong>queat</strong></span> <span class='ocrx_word' id='word_1_344' title='bbox 811 2563 841 2619; x_wconf 71' lang='grc' dir='ltr'><strong>τ</strong></span> 
     </span>
    </p>
   </div>
   <div class='ocr_carea' id='block_1_51' title="bbox 1139 2715 1715 2788">
    <p class='ocr_par' dir='ltr' id='par_1_51' title="bbox 1139 2715 1715 2788">
     <span class='ocr_line' id='line_1_51' title="bbox 1139 2715 1715 2788; baseline 0.002 -17"><span class='ocrx_word' id='word_1_345' title='bbox 1139 2715 1319 2788; x_wconf 68' lang='grc'><strong>459</strong></span> <span class='ocrx_word' id='word_1_346' title='bbox 1352 2715 1578 2772; x_wconf 77' lang='lat' dir='ltr'><strong>CAPUT</strong></span> <span class='ocrx_word' id='word_1_347' title='bbox 1599 2716 1715 2772; x_wconf 84' lang='lat' dir='ltr'><strong>xv.</strong></span> 
     </span>
    </p>
   </div>
   <div class='ocr_carea' id='block_1_52' title="bbox 593 2821 2252 2894">
    <p class='ocr_par' dir='ltr' id='par_1_52' title="bbox 593 2821 2252 2894">
     <span class='ocr_line' id='line_1_52' title="bbox 593 2821 2252 2894; baseline -0.004 -10"><span class='ocrx_word' id='word_1_348' title='bbox 593 2826 680 2884; x_wconf 88' lang='lat' dir='ltr'><strong>De</strong></span> <span class='ocrx_word' id='word_1_349' title='bbox 707 2823 1098 2883; x_wconf 76' lang='lat' dir='ltr'><strong>celeberrimis</strong></span> <span class='ocrx_word' id='word_1_350' title='bbox 1147 2822 1528 2894; x_wconf 79' lang='lat' dir='ltr'><strong>martyribus,</strong></span> <span class='ocrx_word' id='word_1_351' title='bbox 1577 2821 1848 2894; x_wconf 78' lang='lat' dir='ltr'><strong>Georgio,</strong></span> <span class='ocrx_word' id='word_1_352' title='bbox 1880 2824 2168 2893; x_wconf 80' lang='lat' dir='ltr'><strong>Procopio</strong></span> <span class='ocrx_word' id='word_1_353' title='bbox 2198 2828 2252 2879; x_wconf 82' lang='lat' dir='ltr'><strong>et</strong></span> 
     </span>
    </p>
   </div>
   <div class='ocr_carea' id='block_1_53' title="bbox 1075 2894 1779 2964">
    <p class='ocr_par' dir='ltr' id='par_1_53' title="bbox 1075 2894 1779 2964">
     <span class='ocr_line' id='line_1_53' title="bbox 1075 2894 1779 2964; baseline -0.006 -12"><span class='ocrx_word' id='word_1_354' title='bbox 1075 2897 1372 2952; x_wconf 75' lang='lat' dir='ltr'><strong>Demetrio</strong></span> <span class='ocrx_word' id='word_1_355' title='bbox 1409 2894 1779 2964; x_wconf 76' lang='lat' dir='ltr'><strong>Myroblyta.</strong></span> 
     </span>
    </p>
   </div>
   <div class='ocr_carea' id='block_1_54' title="bbox 670 3000 2332 3095">
    <p class='ocr_par' dir='ltr' id='par_1_54' title="bbox 670 3000 2332 3095">
     <span class='ocr_line' id='line_1_54' title="bbox 670 3000 2332 3095; baseline 0.011 -49"><span class='ocrx_word' id='word_1_356' title='bbox 670 3001 913 3095; x_wconf 52' lang='lat' dir='ltr'><strong>Eisdem</strong></span> <span class='ocrx_word' id='word_1_357' title='bbox 936 3017 1182 3076; x_wconf 89' lang='lat' dir='ltr'><strong>quoque</strong></span> <span class='ocrx_word' id='word_1_358' title='bbox 1229 3000 1605 3095; x_wconf 88' lang='lat' dir='ltr'><strong>temporibus</strong></span> <span class='ocrx_word' id='word_1_359' title='bbox 1649 3001 1937 3095; x_wconf 80' lang='lat' dir='ltr'><strong>Georgius</strong></span> <span class='ocrx_word' id='word_1_360' title='bbox 1968 3002 2090 3067; x_wconf 90' lang='lat' dir='ltr'><strong>ille,</strong></span> <span class='ocrx_word' id='word_1_361' title='bbox 2129 3017 2254 3095; x_wconf 46' lang='grc' dir='ltr'>ξηει-</span> <span class='ocrx_word' id='word_1_362' title='bbox 2290 3036 2332 3095; x_wconf 76' lang='lat' dir='ltr'>C</span> 
     </span>
    </p>
   </div>
   <div class='ocr_carea' id='block_1_55' title="bbox 602 3089 2254 3166">
    <p class='ocr_par' dir='ltr' id='par_1_55' title="bbox 602 3089 2254 3166">
     <span class='ocr_line' id='line_1_55' title="bbox 602 3089 2254 3166; baseline -0.002 -17"><span class='ocrx_word' id='word_1_363' title='bbox 602 3094 706 3166; x_wconf 85' lang='lat' dir='ltr'><strong>gni</strong></span> <span class='ocrx_word' id='word_1_364' title='bbox 755 3094 906 3149; x_wconf 88' lang='lat' dir='ltr'><strong>inter</strong></span> <span class='ocrx_word' id='word_1_365' title='bbox 973 3094 1294 3148; x_wconf 87' lang='lat' dir='ltr'><strong>certatores</strong></span> <span class='ocrx_word' id='word_1_366' title='bbox 1354 3090 1500 3146; x_wconf 90' lang='lat' dir='ltr'><strong>istos</strong></span> <span class='ocrx_word' id='word_1_367' title='bbox 1563 3089 1829 3146; x_wconf 87' lang='lat' dir='ltr'><strong>nominis</strong></span> <span class='ocrx_word' id='word_1_368' title='bbox 1885 3095 1942 3148; x_wconf 90' lang='lat' dir='ltr'><strong>et</strong></span> <span class='ocrx_word' id='word_1_369' title='bbox 1996 3090 2254 3160; x_wconf 86' lang='lat' dir='ltr'><strong>agminis</strong></span> 
     </span>
    </p>
   </div>
   <div class='ocr_carea' id='block_1_56' title="bbox 599 3178 2255 3256">
    <p class='ocr_par' dir='ltr' id='par_1_56' title="bbox 599 3178 2255 3256">
     <span class='ocr_line' id='line_1_56' title="bbox 599 3178 2255 3256; baseline -0.002 -17"><span class='ocrx_word' id='word_1_370' title='bbox 599 3186 939 3256; x_wconf 90' lang='lat' dir='ltr'><strong>martyrum</strong></span> <span class='ocrx_word' id='word_1_371' title='bbox 983 3181 1364 3256; x_wconf 79' lang='lat' dir='ltr'><strong>coryphmus,</strong></span> <span class='ocrx_word' id='word_1_372' title='bbox 1395 3178 1675 3236; x_wconf 90' lang='lat' dir='ltr'><strong>laborum</strong></span> <span class='ocrx_word' id='word_1_373' title='bbox 1705 3195 1815 3253; x_wconf 90' lang='lat' dir='ltr'><strong>pro</strong></span> <span class='ocrx_word' id='word_1_374' title='bbox 1856 3179 2088 3237; x_wconf 88' lang='lat' dir='ltr'><strong>Christo</strong></span> <span class='ocrx_word' id='word_1_375' title='bbox 2115 3179 2255 3236; x_wconf 88' lang='lat' dir='ltr'><strong>tole-</strong></span> 
     </span>
    </p>
   </div>
   <div class='ocr_carea' id='block_1_57' title="bbox 597 3267 2255 3342">
    <p class='ocr_par' dir='ltr' id='par_1_57' title="bbox 597 3267 2255 3342">
     <span class='ocr_line' id='line_1_57' title="bbox 597 3267 2255 3342; baseline -0.002 -13"><span class='ocrx_word' id='word_1_376' title='bbox 597 3280 868 3330; x_wconf 90' lang='lat' dir='ltr'><strong>ratorum</strong></span> <span class='ocrx_word' id='word_1_377' title='bbox 892 3287 1068 3327; x_wconf 90' lang='lat' dir='ltr'><strong>veros</strong></span> <span class='ocrx_word' id='word_1_378' title='bbox 1110 3269 1375 3341; x_wconf 89' lang='lat' dir='ltr'><strong>percepit</strong></span> <span class='ocrx_word' id='word_1_379' title='bbox 1401 3267 1648 3325; x_wconf 89' lang='lat' dir='ltr'><strong>fructus.</strong></span> <span class='ocrx_word' id='word_1_380' title='bbox 1690 3269 1793 3324; x_wconf 85' lang='lat' dir='ltr'><strong>Hic</strong></span> <span class='ocrx_word' id='word_1_381' title='bbox 1830 3269 1893 3326; x_wconf 93' lang='lat' dir='ltr'><strong>in</strong></span> <span class='ocrx_word' id='word_1_382' title='bbox 1945 3269 2255 3342; x_wconf 84' lang='lat' dir='ltr'><strong>Cappado-</strong></span> 
     </span>
    </p>
   </div>
   <div class='ocr_carea' id='block_1_58' title="bbox 599 3357 2256 3432">
    <p class='ocr_par' dir='ltr' id='par_1_58' title="bbox 599 3357 2256 3432">
     <span class='ocr_line' id='line_1_58' title="bbox 599 3357 2256 3432; baseline -0.002 -14"><span class='ocrx_word' id='word_1_383' title='bbox 599 3363 694 3419; x_wconf 93' lang='lat' dir='ltr'><strong>cia</strong></span> <span class='ocrx_word' id='word_1_384' title='bbox 720 3361 919 3418; x_wconf 90' lang='lat' dir='ltr'><strong>adhuc</strong></span> <span class='ocrx_word' id='word_1_385' title='bbox 944 3359 1299 3417; x_wconf 87' lang='lat' dir='ltr'><strong>adolescens</strong></span> <span class='ocrx_word' id='word_1_386' title='bbox 1328 3357 1528 3414; x_wconf 86' lang='lat' dir='ltr'><strong>forma</strong></span> <span class='ocrx_word' id='word_1_387' title='bbox 1546 3359 1876 3430; x_wconf 64' lang='lat' dir='ltr'><strong>praestanti,</strong></span> <span class='ocrx_word' id='word_1_388' title='bbox 1907 3359 2075 3432; x_wconf 93' lang='lat' dir='ltr'><strong>etqui</strong></span> <span class='ocrx_word' id='word_1_389' title='bbox 2106 3374 2256 3414; x_wconf 90' lang='lat' dir='ltr'><strong>non-</strong></span> 
     </span>
    </p>
   </div>
   <div class='ocr_carea' id='block_1_59' title="bbox 598 3447 2255 3523">
    <p class='ocr_par' dir='ltr' id='par_1_59' title="bbox 598 3447 2255 3523">
     <span class='ocr_line' id='line_1_59' title="bbox 598 3447 2255 3523; baseline -0.002 -15"><span class='ocrx_word' id='word_1_390' title='bbox 598 3452 747 3508; x_wconf 92' lang='lat' dir='ltr'><strong>dum</strong></span> <span class='ocrx_word' id='word_1_391' title='bbox 789 3450 1051 3523; x_wconf 90' lang='lat' dir='ltr'><strong>primam</strong></span> <span class='ocrx_word' id='word_1_392' title='bbox 1107 3447 1492 3520; x_wconf 85' lang='lat' dir='ltr'><strong>produxisset</strong></span> <span class='ocrx_word' id='word_1_393' title='bbox 1527 3447 1897 3519; x_wconf 86' lang='lat' dir='ltr'><strong>lanuginem,</strong></span> <span class='ocrx_word' id='word_1_394' title='bbox 1939 3447 2255 3504; x_wconf 86' lang='lat' dir='ltr'><strong>fortissime</strong></span> 
     </span>
    </p>
   </div>
   <div class='ocr_carea' id='block_1_60' title="bbox 599 3536 2253 3611">
    <p class='ocr_par' dir='ltr' id='par_1_60' title="bbox 599 3536 2253 3611">
     <span class='ocr_line' id='line_1_60' title="bbox 599 3536 2253 3611; baseline -0.002 -15"><span class='ocrx_word' id='word_1_395' title='bbox 599 3539 1024 3596; x_wconf 88' lang='lat' dir='ltr'><strong>certaminibus</strong></span> <span class='ocrx_word' id='word_1_396' title='bbox 1051 3553 1164 3611; x_wconf 90' lang='lat' dir='ltr'><strong>pro</strong></span> <span class='ocrx_word' id='word_1_397' title='bbox 1212 3537 1440 3594; x_wconf 87' lang='lat' dir='ltr'><strong>Christo</strong></span> <span class='ocrx_word' id='word_1_398' title='bbox 1493 3536 1865 3608; x_wconf 86' lang='lat' dir='ltr'><strong>perferendis</strong></span> <span class='ocrx_word' id='word_1_399' title='bbox 1895 3538 2253 3610; x_wconf 86' lang='lat' dir='ltr'><strong>martyrium</strong></span> 
     </span>
    </p>
   </div>
   <div class='ocr_carea' id='block_1_61' title="bbox 599 3625 2255 3702">
    <p class='ocr_par' dir='ltr' id='par_1_61' title="bbox 599 3625 2255 3702">
     <span class='ocr_line' id='line_1_61' title="bbox 599 3625 2255 3702; baseline -0.002 -16"><span class='ocrx_word' id='word_1_400' title='bbox 599 3630 764 3686; x_wconf 90' lang='lat' dir='ltr'><strong>obiit.</strong></span> <span class='ocrx_word' id='word_1_401' title='bbox 818 3631 1039 3702; x_wconf 87' lang='lat' dir='ltr'><strong>Captus</strong></span> <span class='ocrx_word' id='word_1_402' title='bbox 1078 3627 1259 3691; x_wconf 90' lang='lat' dir='ltr'><strong>enim,</strong></span> <span class='ocrx_word' id='word_1_403' title='bbox 1293 3625 1460 3698; x_wconf 92' lang='lat' dir='ltr'><strong>quod</strong></span> <span class='ocrx_word' id='word_1_404' title='bbox 1487 3626 1549 3682; x_wconf 94' lang='lat' dir='ltr'><strong>in</strong></span> <span class='ocrx_word' id='word_1_405' title='bbox 1580 3625 1890 3683; x_wconf 64' lang='lat' dir='ltr'><strong>daemones</strong></span> <span class='ocrx_word' id='word_1_406' title='bbox 1925 3627 2137 3683; x_wconf 89' lang='lat' dir='ltr'><strong>acriter</strong></span> <span class='ocrx_word' id='word_1_407' title='bbox 2165 3627 2255 3682; x_wconf 86' lang='lat' dir='ltr'><strong>in-</strong></span> 
     </span>
    </p>
   </div>
   <div class='ocr_carea' id='block_1_62' title="bbox 596 3715 2256 3789">
    <p class='ocr_par' dir='ltr' id='par_1_62' title="bbox 596 3715 2256 3789">
     <span class='ocr_line' id='line_1_62' title="bbox 596 3715 2256 3789; baseline -0.002 -15"><span class='ocrx_word' id='word_1_408' title='bbox 596 3724 802 3774; x_wconf 85' lang='lat' dir='ltr'><strong>vectus</strong></span> <span class='ocrx_word' id='word_1_409' title='bbox 859 3721 1038 3782; x_wconf 87' lang='lat' dir='ltr'><strong>esset,</strong></span> <span class='ocrx_word' id='word_1_410' title='bbox 1095 3716 1652 3789; x_wconf 87' lang='lat' dir='ltr'><strong>imperatorumque</strong></span> <span class='ocrx_word' id='word_1_411' title='bbox 1703 3716 2054 3788; x_wconf 87' lang='lat' dir='ltr'><strong>impetatem</strong></span> <span class='ocrx_word' id='word_1_412' title='bbox 2105 3715 2256 3772; x_wconf 89' lang='lat' dir='ltr'><strong>deri-</strong></span> 
     </span>
    </p>
   </div>
   <div class='ocr_carea' id='block_1_63' title="bbox 599 3805 2257 3880">
    <p class='ocr_par' dir='ltr' id='par_1_63' title="bbox 599 3805 2257 3880">
     <span class='ocr_line' id='line_1_63' title="bbox 599 3805 2257 3880; baseline -0.002 -18"><span class='ocrx_word' id='word_1_413' title='bbox 599 3808 793 3875; x_wconf 82' lang='lat' dir='ltr'><strong>sisset,</strong></span> <span class='ocrx_word' id='word_1_414' title='bbox 854 3822 1036 3878; x_wconf 89' lang='lat' dir='ltr'><strong>supra</strong></span> <span class='ocrx_word' id='word_1_415' title='bbox 1087 3810 1310 3861; x_wconf 78' lang='lat' dir='ltr'><strong>naturae</strong></span> <span class='ocrx_word' id='word_1_416' title='bbox 1359 3809 1605 3877; x_wconf 90' lang='lat' dir='ltr'><strong>captum</strong></span> <span class='ocrx_word' id='word_1_417' title='bbox 1657 3820 1953 3880; x_wconf 87' lang='lat' dir='ltr'><strong>perquam</strong></span> <span class='ocrx_word' id='word_1_418' title='bbox 2007 3805 2257 3862; x_wconf 88' lang='lat' dir='ltr'><strong>acerbos</strong></span> 
     </span>
    </p>
   </div>
   <div class='ocr_carea' id='block_1_64' title="bbox 601 3895 2259 3968">
    <p class='ocr_par' dir='ltr' id='par_1_64' title="bbox 601 3895 2259 3968">
     <span class='ocr_line' id='line_1_64' title="bbox 601 3895 2259 3968; baseline -0.001 -17"><span class='ocrx_word' id='word_1_419' title='bbox 601 3896 879 3951; x_wconf 88' lang='lat' dir='ltr'><strong>sustinuit</strong></span> <span class='ocrx_word' id='word_1_420' title='bbox 930 3895 1248 3951; x_wconf 88' lang='lat' dir='ltr'><strong>cruciatus.</strong></span> <span class='ocrx_word' id='word_1_421' title='bbox 1313 3897 1584 3968; x_wconf 83' lang='lat' dir='ltr'><strong>Namque</strong></span> <span class='ocrx_word' id='word_1_422' title='bbox 1641 3899 1777 3966; x_wconf 90' lang='lat' dir='ltr'><strong>post</strong></span> <span class='ocrx_word' id='word_1_423' title='bbox 1836 3910 2138 3950; x_wconf 91' lang='lat' dir='ltr'><strong>carcerem</strong></span> <span class='ocrx_word' id='word_1_424' title='bbox 2202 3899 2259 3950; x_wconf 90' lang='lat' dir='ltr'><strong>et</strong></span> 
     </span>
    </p>
   </div>
   <div class='ocr_carea' id='block_1_65' title="bbox 601 3983 2257 4056">
    <p class='ocr_par' dir='ltr' id='par_1_65' title="bbox 601 3983 2257 4056">
     <span class='ocr_line' id='line_1_65' title="bbox 601 3983 2257 4056; baseline -0.001 -16"><span class='ocrx_word' id='word_1_425' title='bbox 601 3983 858 4048; x_wconf 88' lang='lat' dir='ltr'><strong>vincula,</strong></span> <span class='ocrx_word' id='word_1_426' title='bbox 889 3983 1130 4055; x_wconf 68' lang='lat' dir='ltr'><strong>ungulae</strong></span> <span class='ocrx_word' id='word_1_427' title='bbox 1160 3986 1348 4039; x_wconf 69' lang='lat' dir='ltr'><strong>acuta:</strong></span> <span class='ocrx_word' id='word_1_428' title='bbox 1380 3998 1517 4038; x_wconf 92' lang='lat' dir='ltr'><strong>eum</strong></span> <span class='ocrx_word' id='word_1_429' title='bbox 1545 3997 1830 4056; x_wconf 82' lang='lat' dir='ltr'><strong>excepere</strong></span> <span class='ocrx_word' id='word_1_430' title='bbox 1862 3998 1874 4037; x_wconf 94' lang='lat'>:</span> <span class='ocrx_word' id='word_1_431' title='bbox 1915 3999 2057 4039; x_wconf 82' lang='lat' dir='ltr'><strong>mox</strong></span> <span class='ocrx_word' id='word_1_432' title='bbox 2099 3991 2257 4040; x_wconf 89' lang='lat' dir='ltr'><strong>calce</strong></span> 
     </span>
    </p>
   </div>
   <div class='ocr_carea' id='block_1_66' title="bbox 600 4071 2256 4145">
    <p class='ocr_par' dir='ltr' id='par_1_66' title="bbox 600 4071 2256 4145">
     <span class='ocr_line' id='line_1_66' title="bbox 600 4071 2256 4145; baseline 0 -15"><span class='ocrx_word' id='word_1_433' title='bbox 600 4073 834 4130; x_wconf 85' lang='lat' dir='ltr'><strong>ardenti</strong></span> <span class='ocrx_word' id='word_1_434' title='bbox 865 4078 950 4128; x_wconf 88' lang='lat' dir='ltr'><strong>est</strong></span> <span class='ocrx_word' id='word_1_435' title='bbox 1006 4071 1280 4139; x_wconf 90' lang='lat' dir='ltr'><strong>adustus,</strong></span> <span class='ocrx_word' id='word_1_436' title='bbox 1332 4071 1712 4145; x_wconf 88' lang='lat' dir='ltr'><strong>ﬂdiculisque</strong></span> <span class='ocrx_word' id='word_1_437' title='bbox 1758 4088 2002 4128; x_wconf 90' lang='lat' dir='ltr'><strong>rursum</strong></span> <span class='ocrx_word' id='word_1_438' title='bbox 2049 4073 2256 4130; x_wconf 87' lang='lat' dir='ltr'><strong>distra-</strong></span> 
     </span>
    </p>
   </div>
   <div class='ocr_carea' id='block_1_67' title="bbox 603 4160 2257 4235">
    <p class='ocr_par' dir='ltr' id='par_1_67' title="bbox 603 4160 2257 4235">
     <span class='ocr_line' id='line_1_67' title="bbox 603 4160 2257 4235; baseline 0 -17"><span class='ocrx_word' id='word_1_439' title='bbox 603 4168 753 4228; x_wconf 90' lang='lat' dir='ltr'><strong>etus,</strong></span> <span class='ocrx_word' id='word_1_440' title='bbox 813 4160 1202 4220; x_wconf 87' lang='lat' dir='ltr'><strong>mucronibus</strong></span> <span class='ocrx_word' id='word_1_441' title='bbox 1259 4161 1645 4218; x_wconf 88' lang='lat' dir='ltr'><strong>membratim</strong></span> <span class='ocrx_word' id='word_1_442' title='bbox 1705 4160 2018 4228; x_wconf 88' lang='lat' dir='ltr'><strong>dissectus,</strong></span> <span class='ocrx_word' id='word_1_443' title='bbox 2076 4161 2257 4235; x_wconf 87' lang='lat' dir='ltr'><strong>pluri-</strong></span> 
     </span>
    </p>
   </div>
   <div class='ocr_carea' id='block_1_68' title="bbox 601 4250 2256 4324">
    <p class='ocr_par' dir='ltr' id='par_1_68' title="bbox 601 4250 2256 4324">
     <span class='ocr_line' id='line_1_68' title="bbox 601 4250 2256 4324; baseline 0 -18"><span class='ocrx_word' id='word_1_444' title='bbox 601 4252 838 4323; x_wconf 89' lang='lat' dir='ltr'><strong>misque</strong></span> <span class='ocrx_word' id='word_1_445' title='bbox 878 4250 1007 4306; x_wconf 88' lang='lat' dir='ltr'><strong>aliis</strong></span> <span class='ocrx_word' id='word_1_446' title='bbox 1033 4265 1352 4321; x_wconf 73' lang='lat' dir='ltr'><strong>poenarum</strong></span> <span class='ocrx_word' id='word_1_447' title='bbox 1382 4254 1940 4324; x_wconf 90' lang='lat' dir='ltr'><strong>tormentorumque</strong></span> <span class='ocrx_word' id='word_1_448' title='bbox 1973 4251 2256 4307; x_wconf 76' lang='lat' dir='ltr'><strong>machinis</strong></span> 
     </span>
    </p>
   </div>
   <div class='ocr_carea' id='block_1_69' title="bbox 595 4339 2256 4409">
    <p class='ocr_par' dir='ltr' id='par_1_69' title="bbox 595 4339 2256 4409">
     <span class='ocr_line' id='line_1_69' title="bbox 595 4339 2256 4409; baseline 0 -14"><span class='ocrx_word' id='word_1_449' title='bbox 595 4339 850 4405; x_wconf 88' lang='lat' dir='ltr'><strong>attritus,</strong></span> <span class='ocrx_word' id='word_1_450' title='bbox 899 4354 1245 4409; x_wconf 89' lang='lat' dir='ltr'><strong>generosam</strong></span> <span class='ocrx_word' id='word_1_451' title='bbox 1303 4339 1492 4394; x_wconf 90' lang='lat' dir='ltr'><strong>animi</strong></span> <span class='ocrx_word' id='word_1_452' title='bbox 1531 4339 1623 4395; x_wconf 91' lang='lat' dir='ltr'><strong>sui</strong></span> <span class='ocrx_word' id='word_1_453' title='bbox 1681 4339 2104 4406; x_wconf 88' lang='lat' dir='ltr'><strong>constantiam,</strong></span> <span class='ocrx_word' id='word_1_454' title='bbox 2161 4340 2256 4395; x_wconf 88' lang='lat' dir='ltr'><strong>ﬁr-</strong></span> 
     </span>
    </p>
   </div>
   <div class='ocr_carea' id='block_1_70' title="bbox 604 4427 2256 4500">
    <p class='ocr_par' dir='ltr' id='par_1_70' title="bbox 604 4427 2256 4500">
     <span class='ocr_line' id='line_1_70' title="bbox 604 4427 2256 4500; baseline -0.001 -16"><span class='ocrx_word' id='word_1_455' title='bbox 604 4444 892 4500; x_wconf 90' lang='lat' dir='ltr'><strong>mumque</strong></span> <span class='ocrx_word' id='word_1_456' title='bbox 941 4428 1158 4484; x_wconf 90' lang='lat' dir='ltr'><strong>mentis</strong></span> <span class='ocrx_word' id='word_1_457' title='bbox 1212 4443 1337 4482; x_wconf 70' lang='lat' dir='ltr'><strong>suae</strong></span> <span class='ocrx_word' id='word_1_458' title='bbox 1370 4427 1557 4483; x_wconf 91' lang='lat' dir='ltr'><strong>robur</strong></span> <span class='ocrx_word' id='word_1_459' title='bbox 1585 4427 1729 4484; x_wconf 91' lang='lat' dir='ltr'><strong>satis</strong></span> <span class='ocrx_word' id='word_1_460' title='bbox 1779 4427 2113 4485; x_wconf 89' lang='lat' dir='ltr'><strong>declaravit.</strong></span> <span class='ocrx_word' id='word_1_461' title='bbox 2169 4427 2256 4483; x_wconf 86' lang='lat' dir='ltr'><strong>Ad</strong></span> 
     </span>
    </p>
   </div>
   <div class='ocr_carea' id='block_1_71' title="bbox 599 4515 2257 4590">
    <p class='ocr_par' dir='ltr' id='par_1_71' title="bbox 599 4515 2257 4590">
     <span class='ocr_line' id='line_1_71' title="bbox 599 4515 2257 4590; baseline -0.001 -17"><span class='ocrx_word' id='word_1_462' title='bbox 599 4517 729 4573; x_wconf 71' lang='lat' dir='ltr'><strong>haec</strong></span> <span class='ocrx_word' id='word_1_463' title='bbox 771 4517 1018 4590; x_wconf 90' lang='lat' dir='ltr'><strong>Glycerii</strong></span> <span class='ocrx_word' id='word_1_464' title='bbox 1046 4516 1388 4589; x_wconf 91' lang='lat' dir='ltr'><strong>impostoris</strong></span> <span class='ocrx_word' id='word_1_465' title='bbox 1418 4515 1639 4572; x_wconf 90' lang='lat' dir='ltr'><strong>bovem</strong></span> <span class='ocrx_word' id='word_1_466' title='bbox 1687 4516 1899 4572; x_wconf 87' lang='lat' dir='ltr'><strong>evertit</strong></span> <span class='ocrx_word' id='word_1_467' title='bbox 1955 4533 2025 4572; x_wconf 91' lang='lat' dir='ltr'><strong>ac</strong></span> <span class='ocrx_word' id='word_1_468' title='bbox 2065 4522 2257 4572; x_wconf 90' lang='lat' dir='ltr'><strong>sustu-</strong></span> 
     </span>
    </p>
   </div>
   <div class='ocr_carea' id='block_1_72' title="bbox 601 4605 2259 4678">
    <p class='ocr_par' dir='ltr' id='par_1_72' title="bbox 601 4605 2259 4678">
     <span class='ocr_line' id='line_1_72' title="bbox 601 4605 2259 4678; baseline -0.001 -17"><span class='ocrx_word' id='word_1_469' title='bbox 601 4607 688 4673; x_wconf 90' lang='lat' dir='ltr'><strong>lit,</strong></span> <span class='ocrx_word' id='word_1_470' title='bbox 721 4605 1240 4678; x_wconf 79' lang='lat' dir='ltr'><strong>Alexandramque</strong></span> <span class='ocrx_word' id='word_1_471' title='bbox 1259 4606 1528 4678; x_wconf 89' lang='lat' dir='ltr'><strong>reginam</strong></span> <span class='ocrx_word' id='word_1_472' title='bbox 1543 4605 1903 4678; x_wconf 90' lang='lat' dir='ltr'><strong>jamdudum</strong></span> <span class='ocrx_word' id='word_1_473' title='bbox 1916 4605 2259 4663; x_wconf 85' lang='lat' dir='ltr'><strong>defunctam</strong></span> 
     </span>
    </p>
   </div>
   <div class='ocr_carea' id='block_1_73' title="bbox 605 4693 2262 4769">
    <p class='ocr_par' dir='ltr' id='par_1_73' title="bbox 605 4693 2262 4769">
     <span class='ocr_line' id='line_1_73' title="bbox 605 4693 2262 4769; baseline 0 -19"><span class='ocrx_word' id='word_1_474' title='bbox 605 4696 876 4751; x_wconf 91' lang='lat' dir='ltr'><strong>oratione</strong></span> <span class='ocrx_word' id='word_1_475' title='bbox 896 4695 1023 4750; x_wconf 81' lang='lat' dir='ltr'><strong>sola</strong></span> <span class='ocrx_word' id='word_1_476' title='bbox 1048 4695 1126 4749; x_wconf 91' lang='lat' dir='ltr'><strong>ab</strong></span> <span class='ocrx_word' id='word_1_477' title='bbox 1162 4693 1363 4750; x_wconf 81' lang='lat' dir='ltr'><strong>inferis</strong></span> <span class='ocrx_word' id='word_1_478' title='bbox 1393 4693 1690 4751; x_wconf 89' lang='lat' dir='ltr'><strong>revocavit</strong></span> <span class='ocrx_word' id='word_1_479' title='bbox 1743 4709 1757 4749; x_wconf 92' lang='lat'><strong>:</strong></span> <span class='ocrx_word' id='word_1_480' title='bbox 1786 4695 2150 4769; x_wconf 87' lang='lat' dir='ltr'><strong>tandemque</strong></span> <span class='ocrx_word' id='word_1_481' title='bbox 2199 4699 2262 4750; x_wconf 91' lang='lat' dir='ltr'><strong>ut</strong></span> 
     </span>
    </p>
   </div>
   <div class='ocr_carea' id='block_1_74' title="bbox 600 4782 2261 4854">
    <p class='ocr_par' dir='ltr' id='par_1_74' title="bbox 600 4782 2261 4854">
     <span class='ocr_line' id='line_1_74' title="bbox 600 4782 2261 4854; baseline -0.001 -15"><span class='ocrx_word' id='word_1_482' title='bbox 600 4785 793 4839; x_wconf 86' lang='lat' dir='ltr'><strong>virum</strong></span> <span class='ocrx_word' id='word_1_483' title='bbox 827 4784 1015 4850; x_wconf 86' lang='lat' dir='ltr'><strong>decet,</strong></span> <span class='ocrx_word' id='word_1_484' title='bbox 1063 4782 1262 4852; x_wconf 90' lang='lat' dir='ltr'><strong>gladio</strong></span> <span class='ocrx_word' id='word_1_485' title='bbox 1307 4797 1656 4854; x_wconf 87' lang='lat' dir='ltr'><strong>percussus,</strong></span> <span class='ocrx_word' id='word_1_486' title='bbox 1706 4797 1775 4838; x_wconf 83' lang='lat' dir='ltr'><strong>ex</strong></span> <span class='ocrx_word' id='word_1_487' title='bbox 1825 4783 1939 4838; x_wconf 91' lang='lat' dir='ltr'><strong>hac</strong></span> <span class='ocrx_word' id='word_1_488' title='bbox 1991 4783 2109 4839; x_wconf 92' lang='lat' dir='ltr'><strong>vita</strong></span> <span class='ocrx_word' id='word_1_489' title='bbox 2155 4784 2261 4840; x_wconf 49' lang='lat' dir='ltr'><strong>mi:</strong></span> 
     </span>
    </p>
   </div>
   <div class='ocr_carea' id='block_1_75' title="bbox 605 4871 2260 4951">
    <p class='ocr_par' dir='ltr' id='par_1_75' title="bbox 605 4871 2260 4951">
     <span class='ocr_line' id='line_1_75' title="bbox 605 4871 2260 4951; baseline -0.001 -25"><span class='ocrx_word' id='word_1_490' title='bbox 605 4872 821 4940; x_wconf 87' lang='lat' dir='ltr'><strong>gravit.</strong></span> <span class='ocrx_word' id='word_1_491' title='bbox 886 4871 1110 4926; x_wconf 88' lang='lat' dir='ltr'><strong>Nobilis</strong></span> <span class='ocrx_word' id='word_1_492' title='bbox 1174 4886 1420 4944; x_wconf 90' lang='lat' dir='ltr'><strong>quoque</strong></span> <span class='ocrx_word' id='word_1_493' title='bbox 1483 4886 1688 4928; x_wconf 88' lang='lat' dir='ltr'><strong>revera</strong></span> <span class='ocrx_word' id='word_1_494' title='bbox 1771 4871 1866 4929; x_wconf 88' lang='lat' dir='ltr'><strong>ille</strong></span> <span class='ocrx_word' id='word_1_495' title='bbox 1921 4872 2260 4951; x_wconf 53' lang='lat' dir='ltr'><strong>Procopius,</strong></span> 
     </span>
    </p>
   </div>
   <div class='ocr_carea' id='block_1_76' title="bbox 601 4959 2260 5034">
    <p class='ocr_par' dir='ltr' id='par_1_76' title="bbox 601 4959 2260 5034">
     <span class='ocr_line' id='line_1_76' title="bbox 601 4959 2260 5034; baseline 0 -18"><span class='ocrx_word' id='word_1_496' title='bbox 601 4962 888 5016; x_wconf 63' lang='lat' dir='ltr'><strong>Caesareae</strong></span> <span class='ocrx_word' id='word_1_497' title='bbox 923 4959 1228 5015; x_wconf 60' lang='lat' dir='ltr'><strong>Palestina;</strong></span> <span class='ocrx_word' id='word_1_498' title='bbox 1266 4965 1460 5026; x_wconf 82' lang='lat' dir='ltr'><strong>natus.</strong></span> <span class='ocrx_word' id='word_1_499' title='bbox 1495 4960 1650 5016; x_wconf 87' lang='lat' dir='ltr'><strong>inter</strong></span> <span class='ocrx_word' id='word_1_500' title='bbox 1702 4965 1994 5034; x_wconf 86' lang='lat' dir='ltr'><strong>martyres</strong></span> <span class='ocrx_word' id='word_1_501' title='bbox 2044 4961 2260 5016; x_wconf 88' lang='lat' dir='ltr'><strong>eodem</strong></span> 
     </span>
    </p>
   </div>
   <div class='ocr_carea' id='block_1_77' title="bbox 592 5048 2259 5120">
    <p class='ocr_par' dir='ltr' id='par_1_77' title="bbox 592 5048 2259 5120">
     <span class='ocr_line' id='line_1_77' title="bbox 592 5048 2259 5120; baseline -0.001 -15"><span class='ocrx_word' id='word_1_502' title='bbox 592 5053 860 5120; x_wconf 88' lang='lat' dir='ltr'><strong>tempore</strong></span> <span class='ocrx_word' id='word_1_503' title='bbox 892 5048 1140 5106; x_wconf 89' lang='lat' dir='ltr'><strong>illustris</strong></span> <span class='ocrx_word' id='word_1_504' title='bbox 1193 5049 1454 5104; x_wconf 84' lang='lat' dir='ltr'><strong>maxime</strong></span> <span class='ocrx_word' id='word_1_505' title='bbox 1515 5049 1646 5115; x_wconf 89' lang='lat' dir='ltr'><strong>fuit,</strong></span> <span class='ocrx_word' id='word_1_506' title='bbox 1706 5049 1799 5104; x_wconf 92' lang='lat' dir='ltr'><strong>cui</strong></span> <span class='ocrx_word' id='word_1_507' title='bbox 1859 5049 2259 5105; x_wconf 88' lang='lat' dir='ltr'><strong>Diocletianus</strong></span> 
     </span>
    </p>
   </div>
   <div class='ocr_carea' id='block_1_78' title="bbox 595 5137 2263 5210">
    <p class='ocr_par' dir='ltr' id='par_1_78' title="bbox 595 5137 2263 5210">
     <span class='ocr_line' id='line_1_78' title="bbox 595 5137 2263 5210; baseline 0 -16"><span class='ocrx_word' id='word_1_508' title='bbox 595 5139 873 5194; x_wconf 88' lang='lat' dir='ltr'><strong>ducalem</strong></span> <span class='ocrx_word' id='word_1_509' title='bbox 907 5137 1159 5210; x_wconf 88' lang='lat' dir='ltr'><strong>quidem</strong></span> <span class='ocrx_word' id='word_1_510' title='bbox 1211 5138 1463 5194; x_wconf 88' lang='lat' dir='ltr'><strong>Orientis</strong></span> <span class='ocrx_word' id='word_1_511' title='bbox 1493 5137 1846 5209; x_wconf 89' lang='lat' dir='ltr'><strong>dignitatem</strong></span> <span class='ocrx_word' id='word_1_512' title='bbox 1887 5138 2069 5208; x_wconf 90' lang='lat' dir='ltr'><strong>dedit,</strong></span> <span class='ocrx_word' id='word_1_513' title='bbox 2102 5139 2263 5195; x_wconf 83' lang='lat' dir='ltr'><strong>Chri-</strong></span> 
     </span>
    </p>
   </div>
   <div class='ocr_carea' id='block_1_79' title="bbox 597 5226 2262 5285">
    <p class='ocr_par' dir='ltr' id='par_1_79' title="bbox 597 5226 2262 5285">
     <span class='ocr_line' id='line_1_79' title="bbox 597 5226 2262 5285; baseline 0.002 -4"><span class='ocrx_word' id='word_1_514' title='bbox 597 5233 721 5282; x_wconf 91' lang='lat' dir='ltr'><strong>stus</strong></span> <span class='ocrx_word' id='word_1_515' title='bbox 768 5232 971 5283; x_wconf 91' lang='lat' dir='ltr'><strong>autem</strong></span> <span class='ocrx_word' id='word_1_516' title='bbox 1019 5242 1158 5282; x_wconf 90' lang='lat' dir='ltr'><strong>eum</strong></span> <span class='ocrx_word' id='word_1_517' title='bbox 1189 5242 1220 5281; x_wconf 91' lang='lat' dir='ltr'><strong>e</strong></span> <span class='ocrx_word' id='word_1_518' title='bbox 1273 5226 1424 5282; x_wconf 75' lang='lat' dir='ltr'><strong>coelo</strong></span> <span class='ocrx_word' id='word_1_519' title='bbox 1447 5227 1526 5284; x_wconf 90' lang='lat' dir='ltr'><strong>ad</strong></span> <span class='ocrx_word' id='word_1_520' title='bbox 1555 5243 1616 5282; x_wconf 88' lang='lat' dir='ltr'><strong>se</strong></span> <span class='ocrx_word' id='word_1_521' title='bbox 1648 5227 1829 5285; x_wconf 87' lang='lat' dir='ltr'><strong>veluti</strong></span> <span class='ocrx_word' id='word_1_522' title='bbox 1861 5227 2109 5284; x_wconf 89' lang='lat' dir='ltr'><strong>Paulum</strong></span> <span class='ocrx_word' id='word_1_523' title='bbox 2167 5244 2262 5284; x_wconf 86' lang='lat' dir='ltr'><strong>vo-</strong></span> 
     </span>
    </p>
   </div>
   <div class='ocr_carea' id='block_1_80' title="bbox 592 5315 2256 5390">
    <p class='ocr_par' dir='ltr' id='par_1_80' title="bbox 592 5315 2256 5390">
     <span class='ocr_line' id='line_1_80' title="bbox 592 5315 2256 5390; baseline 0.001 -19"><span class='ocrx_word' id='word_1_524' title='bbox 592 5316 768 5371; x_wconf 90' lang='lat' dir='ltr'><strong>cavit.</strong></span> <span class='ocrx_word' id='word_1_525' title='bbox 835 5318 898 5370; x_wconf 86' lang='lat' dir='ltr'><strong>Et</strong></span> <span class='ocrx_word' id='word_1_526' title='bbox 956 5317 1005 5370; x_wconf 89' lang='lat' dir='ltr'><strong>is</strong></span> <span class='ocrx_word' id='word_1_527' title='bbox 1055 5316 1302 5388; x_wconf 89' lang='lat' dir='ltr'><strong>quidem</strong></span> <span class='ocrx_word' id='word_1_528' title='bbox 1333 5315 1434 5372; x_wconf 91' lang='lat' dir='ltr'><strong>illa</strong></span> <span class='ocrx_word' id='word_1_529' title='bbox 1489 5320 1753 5389; x_wconf 89' lang='lat' dir='ltr'><strong>accepta,</strong></span> <span class='ocrx_word' id='word_1_530' title='bbox 1806 5317 2256 5390; x_wconf 85' lang='lat' dir='ltr'><strong>inexpugnabili</strong></span> 
     </span>
    </p>
   </div>
   <div class='ocr_carea' id='block_1_81' title="bbox 596 5404 2261 5477">
    <p class='ocr_par' dir='ltr' id='par_1_81' title="bbox 596 5404 2261 5477">
     <span class='ocr_line' id='line_1_81' title="bbox 596 5404 2261 5477; baseline 0.002 -20"><span class='ocrx_word' id='word_1_531' title='bbox 596 5421 738 5460; x_wconf 85' lang='lat' dir='ltr'><strong>vero</strong></span> <span class='ocrx_word' id='word_1_532' title='bbox 763 5405 956 5460; x_wconf 88' lang='lat' dir='ltr'><strong>crucis</strong></span> <span class='ocrx_word' id='word_1_533' title='bbox 995 5411 1303 5461; x_wconf 88' lang='lat' dir='ltr'><strong>armatura</strong></span> <span class='ocrx_word' id='word_1_534' title='bbox 1343 5404 1590 5476; x_wconf 88' lang='lat' dir='ltr'><strong>perinde</strong></span> <span class='ocrx_word' id='word_1_535' title='bbox 1621 5409 1801 5477; x_wconf 88' lang='lat' dir='ltr'><strong>atque</strong></span> <span class='ocrx_word' id='word_1_536' title='bbox 1850 5420 2177 5476; x_wconf 74' lang='lat' dir='ltr'><strong>generosus</strong></span> <span class='ocrx_word' id='word_1_537' title='bbox 2205 5411 2261 5461; x_wconf 87' lang='lat' dir='ltr'><strong>et</strong></span> 
     </span>
    </p>
   </div>
   <div class='ocr_carea' id='block_1_82' title="bbox 594 5493 2259 5568">
    <p class='ocr_par' dir='ltr' id='par_1_82' title="bbox 594 5493 2259 5568">
     <span class='ocr_line' id='line_1_82' title="bbox 594 5493 2259 5568; baseline 0.001 -20"><span class='ocrx_word' id='word_1_538' title='bbox 594 5493 762 5548; x_wconf 85' lang='lat' dir='ltr'><strong>fortis</strong></span> <span class='ocrx_word' id='word_1_539' title='bbox 793 5493 960 5549; x_wconf 90' lang='lat' dir='ltr'><strong>miles</strong></span> <span class='ocrx_word' id='word_1_540' title='bbox 982 5499 1270 5561; x_wconf 88' lang='lat' dir='ltr'><strong>armatus,</strong></span> <span class='ocrx_word' id='word_1_541' title='bbox 1315 5495 1583 5568; x_wconf 90' lang='lat' dir='ltr'><strong>primum</strong></span> <span class='ocrx_word' id='word_1_542' title='bbox 1633 5495 1924 5550; x_wconf 86' lang='lat' dir='ltr'><strong>adversus</strong></span> <span class='ocrx_word' id='word_1_543' title='bbox 1986 5511 2088 5550; x_wconf 89' lang='lat' dir='ltr'><strong>eos</strong></span> <span class='ocrx_word' id='word_1_544' title='bbox 2155 5496 2259 5568; x_wconf 93' lang='lat' dir='ltr'><strong>qui</strong></span> 
     </span>
    </p>
   </div>
   <div class='ocr_carea' id='block_1_83' title="bbox 599 5582 2256 5656">
    <p class='ocr_par' dir='ltr' id='par_1_83' title="bbox 599 5582 2256 5656">
     <span class='ocr_line' id='line_1_83' title="bbox 599 5582 2256 5656; baseline 0.004 -23"><span class='ocrx_word' id='word_1_545' title='bbox 599 5595 781 5636; x_wconf 90' lang='lat' dir='ltr'><strong>sensu</strong></span> <span class='ocrx_word' id='word_1_546' title='bbox 807 5582 1231 5653; x_wconf 89' lang='lat' dir='ltr'><strong>percipiuntur,</strong></span> <span class='ocrx_word' id='word_1_547' title='bbox 1259 5582 1477 5639; x_wconf 89' lang='lat' dir='ltr'><strong>deinde</strong></span> <span class='ocrx_word' id='word_1_548' title='bbox 1502 5584 1682 5640; x_wconf 89' lang='lat' dir='ltr'><strong>etiam</strong></span> <span class='ocrx_word' id='word_1_549' title='bbox 1710 5585 1770 5640; x_wconf 92' lang='lat' dir='ltr'><strong>in</strong></span> <span class='ocrx_word' id='word_1_550' title='bbox 1795 5599 1898 5640; x_wconf 90' lang='lat' dir='ltr'><strong>eos</strong></span> <span class='ocrx_word' id='word_1_551' title='bbox 1925 5585 2029 5656; x_wconf 91' lang='lat' dir='ltr'><strong>qui</strong></span> <span class='ocrx_word' id='word_1_552' title='bbox 2052 5590 2256 5640; x_wconf 88' lang='lat' dir='ltr'><strong>mente</strong></span> 
     </span>
    </p>
   </div>
   <div class='ocr_carea' id='block_1_84' title="bbox 2967 2710 3354 2770">
    <p class='ocr_par' dir='ltr' id='par_1_84' title="bbox 2967 2710 3354 2770">
     <span class='ocr_line' id='line_1_84' title="bbox 2967 2710 3354 2770; baseline 0.008 -4"><span class='ocrx_word' id='word_1_553' title='bbox 2967 2714 3209 2769; x_wconf 75' lang='grc' dir='ltr'><strong>ΚΕΦΑΛ.</strong></span> <span class='ocrx_word' id='word_1_554' title='bbox 3253 2710 3354 2770; x_wconf 86' lang='lat' dir='ltr'><strong>lE&#39;.</strong></span> 
     </span>
    </p>
   </div>
   <div class='ocr_carea' id='block_1_85' title="bbox 2362 2817 3860 2897">
    <p class='ocr_par' dir='ltr' id='par_1_85' title="bbox 2362 2817 3860 2897">
     <span class='ocr_line' id='line_1_85' title="bbox 2362 2817 3860 2897; baseline -0.004 -23"><span class='ocrx_word' id='word_1_555' title='bbox 2362 2825 2515 2894; x_wconf 87' lang='grc' dir='ltr'><strong>Περὶ</strong></span> <span class='ocrx_word' id='word_1_556' title='bbox 2545 2828 2662 2872; x_wconf 85' lang='grc' dir='ltr'>τῶν</span> <span class='ocrx_word' id='word_1_557' title='bbox 2693 2817 3018 2891; x_wconf 78' lang='grc' dir='ltr'>ἀοιδίμων</span> <span class='ocrx_word' id='word_1_558' title='bbox 3050 2823 3414 2897; x_wconf 74' lang='grc' dir='ltr'>μαρτύρων,</span> <span class='ocrx_word' id='word_1_559' title='bbox 3438 2826 3860 2894; x_wconf 56' lang='grc' dir='ltr'>Γεωργίόυᾞρι-</span> 
     </span>
    </p>
   </div>
   <div class='ocr_carea' id='block_1_86' title="bbox 2432 2893 3816 2966">
    <p class='ocr_par' dir='ltr' id='par_1_86' title="bbox 2432 2893 3816 2966">
     <span class='ocr_line' id='line_1_86' title="bbox 2432 2893 3816 2966; baseline -0.002 -21"><span class='ocrx_word' id='word_1_560' title='bbox 2432 2893 2664 2946; x_wconf 80' lang='grc' dir='ltr'>κοπίου</span> <span class='ocrx_word' id='word_1_561' title='bbox 2704 2898 2811 2944; x_wconf 87' lang='grc' dir='ltr'>καὶ</span> <span class='ocrx_word' id='word_1_562' title='bbox 2863 2893 3231 2966; x_wconf 76' lang='grc' dir='ltr'>Δημητρίου</span> <span class='ocrx_word' id='word_1_563' title='bbox 3269 2893 3388 2945; x_wconf 77' lang='grc' dir='ltr'><strong>τοῦ</strong></span> <span class='ocrx_word' id='word_1_564' title='bbox 3427 2893 3816 2966; x_wconf 76' lang='grc' dir='ltr'>Μυροϐλύτου.</span> 
     </span>
    </p>
   </div>
   <div class='ocr_carea' id='block_1_87' title="bbox 2431 2995 3853 3074">
    <p class='ocr_par' dir='ltr' id='par_1_87' title="bbox 2431 2995 3853 3074">
     <span class='ocr_line' id='line_1_87' title="bbox 2431 2995 3853 3074; baseline -0.011 -21"><span class='ocrx_word' id='word_1_565' title='bbox 2431 3003 2642 3060; x_wconf 81' lang='grc' dir='ltr'>Τούτοις</span> <span class='ocrx_word' id='word_1_566' title='bbox 2697 2995 2764 3057; x_wconf 81' lang='grc' dir='ltr'><strong>δὴ</strong></span> <span class='ocrx_word' id='word_1_567' title='bbox 2819 3006 2924 3059; x_wconf 83' lang='grc' dir='ltr'>τοῖς</span> <span class='ocrx_word' id='word_1_568' title='bbox 2970 3003 3185 3072; x_wconf 86' lang='grc' dir='ltr'>χρόνοις</span> <span class='ocrx_word' id='word_1_569' title='bbox 3248 3005 3338 3052; x_wconf 87' lang='grc' dir='ltr'>καὶ</span> <span class='ocrx_word' id='word_1_570' title='bbox 3395 3007 3659 3074; x_wconf 73' lang='grc' dir='ltr'>Γεώργιος,</span> <span class='ocrx_word' id='word_1_571' title='bbox 3699 3001 3746 3050; x_wconf 74' lang='grc' dir='ltr'><strong>τὸ</strong></span> <span class='ocrx_word' id='word_1_572' title='bbox 3780 3003 3853 3070; x_wconf 51' lang='grc' dir='ltr'><strong>μέμ</strong></span> 
     </span>
    </p>
   </div>
   <div class='ocr_carea' id='block_1_88' title="bbox 2363 3088 3951 3174">
    <p class='ocr_par' dir='ltr' id='par_1_88' title="bbox 2363 3088 3951 3174">
     <span class='ocr_line' id='line_1_88' title="bbox 2363 3088 3951 3174; baseline -0.005 -32"><span class='ocrx_word' id='word_1_573' title='bbox 2363 3097 2462 3142; x_wconf 89' lang='grc' dir='ltr'>τῶν</span> <span class='ocrx_word' id='word_1_574' title='bbox 2525 3088 2758 3146; x_wconf 78' lang='grc' dir='ltr'>ἀθλητῶν</span> <span class='ocrx_word' id='word_1_575' title='bbox 2807 3091 2986 3160; x_wconf 83' lang='grc' dir='ltr'>ὄνομα,</span> <span class='ocrx_word' id='word_1_576' title='bbox 3036 3093 3124 3140; x_wconf 86' lang='grc' dir='ltr'>καὶ</span> <span class='ocrx_word' id='word_1_577' title='bbox 3180 3096 3268 3141; x_wconf 86' lang='grc' dir='ltr'><strong>τοῦ</strong></span> <span class='ocrx_word' id='word_1_578' title='bbox 3319 3097 3492 3161; x_wconf 86' lang='grc' dir='ltr'>χοροῦ</span> <span class='ocrx_word' id='word_1_579' title='bbox 3543 3098 3637 3140; x_wconf 84' lang='grc' dir='ltr'>τῶν</span> <span class='ocrx_word' id='word_1_580' title='bbox 3673 3090 3855 3163; x_wconf 51' lang='lat' dir='ltr'><strong>passiam</strong></span> <span class='ocrx_word' id='word_1_581' title='bbox 3950 3141 3951 3174; x_wconf 24' lang='grc' dir='ltr'>ἦ</span> 
     </span>
    </p>
   </div>
   <div class='ocr_carea' id='block_1_89' title="bbox 2364 3177 3951 3254">
    <p class='ocr_par' dir='ltr' id='par_1_89' title="bbox 2364 3177 3951 3254">
     <span class='ocr_line' id='line_1_89' title="bbox 2364 3177 3951 3254; baseline -0.001 -23"><span class='ocrx_word' id='word_1_582' title='bbox 2364 3180 2390 3230; x_wconf 93' lang='grc' dir='ltr'><strong>ό</strong></span> <span class='ocrx_word' id='word_1_583' title='bbox 2446 3185 2745 3254; x_wconf 76' lang='grc' dir='ltr'>κορυφαῖος,</span> <span class='ocrx_word' id='word_1_584' title='bbox 2810 3184 2920 3240; x_wconf 88' lang='grc' dir='ltr'>τοῖς</span> <span class='ocrx_word' id='word_1_585' title='bbox 2984 3179 3109 3254; x_wconf 63' lang='grc' dir='ltr'>ὑπὲρ</span> <span class='ocrx_word' id='word_1_586' title='bbox 3166 3185 3404 3253; x_wconf 81' lang='grc' dir='ltr'>Χριστοῦ</span> <span class='ocrx_word' id='word_1_587' title='bbox 3465 3183 3653 3244; x_wconf 85' lang='grc' dir='ltr'>πόνοις,</span> <span class='ocrx_word' id='word_1_588' title='bbox 3697 3180 3865 3250; x_wconf 56' lang='lat' dir='ltr'><strong>72min;</strong></span> 
     </span>
    </p>
   </div>
   <div class='ocr_carea' id='block_1_90' title="bbox 2364 3265 3866 3343">
    <p class='ocr_par' dir='ltr' id='par_1_90' title="bbox 2364 3265 3866 3343">
     <span class='ocr_line' id='line_1_90' title="bbox 2364 3265 3866 3343; baseline -0.001 -23"><span class='ocrx_word' id='word_1_589' title='bbox 2364 3270 2559 3343; x_wconf 73' lang='grc' dir='ltr'>ἐθέριζε</span> <span class='ocrx_word' id='word_1_590' title='bbox 2604 3271 2719 3328; x_wconf 84' lang='grc' dir='ltr'>τοὺς</span> <span class='ocrx_word' id='word_1_591' title='bbox 2784 3269 3036 3340; x_wconf 81' lang='grc' dir='ltr'>καρπούς.</span> <span class='ocrx_word' id='word_1_592' title='bbox 3087 3266 3180 3322; x_wconf 89' lang='grc' dir='ltr'>Ἐκ</span> <span class='ocrx_word' id='word_1_593' title='bbox 3249 3265 3626 3328; x_wconf 76' lang='grc' dir='ltr'>Καππαδοκίας</span> <span class='ocrx_word' id='word_1_594' title='bbox 3687 3270 3768 3340; x_wconf 72' lang='grc' dir='ltr'>γὰρ</span> <span class='ocrx_word' id='word_1_595' title='bbox 3816 3266 3866 3318; x_wconf 64' lang='grc' dir='ltr'><strong>ὧν.</strong></span> 
     </span>
    </p>
   </div>
   <div class='ocr_carea' id='block_1_91' title="bbox 2361 3356 3871 3430">
    <p class='ocr_par' dir='ltr' id='par_1_91' title="bbox 2361 3356 3871 3430">
     <span class='ocr_line' id='line_1_91' title="bbox 2361 3356 3871 3430; baseline -0.004 -20"><span class='ocrx_word' id='word_1_596' title='bbox 2361 3362 2564 3420; x_wconf 87' lang='grc' dir='ltr'>νεανίας</span> <span class='ocrx_word' id='word_1_597' title='bbox 2616 3360 2711 3423; x_wconf 83' lang='grc' dir='ltr'>ἔτι,</span> <span class='ocrx_word' id='word_1_598' title='bbox 2768 3361 2855 3408; x_wconf 74' lang='grc' dir='ltr'>καὶ</span> <span class='ocrx_word' id='word_1_599' title='bbox 2914 3356 3234 3430; x_wconf 74' lang='grc' dir='ltr'>ἀγαλματίας</span> <span class='ocrx_word' id='word_1_600' title='bbox 3297 3363 3393 3418; x_wconf 81' lang='grc' dir='ltr'>τὴν</span> <span class='ocrx_word' id='word_1_601' title='bbox 3470 3358 3604 3430; x_wconf 60' lang='grc' dir='ltr'>ἅᾷιν,</span> <span class='ocrx_word' id='word_1_602' title='bbox 3647 3362 3727 3409; x_wconf 80' lang='grc' dir='ltr'>καὶ</span> <span class='ocrx_word' id='word_1_603' title='bbox 3784 3358 3871 3405; x_wconf 62' lang='grc' dir='ltr'>οὔτε</span> 
     </span>
    </p>
   </div>
   <div class='ocr_carea' id='block_1_92' title="bbox 2368 3445 3868 3520">
    <p class='ocr_par' dir='ltr' id='par_1_92' title="bbox 2368 3445 3868 3520">
     <span class='ocr_line' id='line_1_92' title="bbox 2368 3445 3868 3520; baseline -0.005 -21"><span class='ocrx_word' id='word_1_604' title='bbox 2368 3447 2555 3508; x_wconf 78' lang='grc' dir='ltr'>ἰούλοις</span> <span class='ocrx_word' id='word_1_605' title='bbox 2606 3450 2924 3520; x_wconf 81' lang='grc' dir='ltr'>περιστέφων</span> <span class='ocrx_word' id='word_1_606' title='bbox 2971 3450 3057 3498; x_wconf 89' lang='grc' dir='ltr'><strong>τόν</strong></span> <span class='ocrx_word' id='word_1_607' title='bbox 3113 3452 3357 3518; x_wconf 74' lang='grc' dir='ltr'>πώγωνα,</span> <span class='ocrx_word' id='word_1_608' title='bbox 3408 3453 3646 3519; x_wconf 73' lang='grc' dir='ltr'>γενναίως</span> <span class='ocrx_word' id='word_1_609' title='bbox 3675 3453 3766 3503; x_wconf 84' lang='grc' dir='ltr'>τοῖς</span> <span class='ocrx_word' id='word_1_610' title='bbox 3794 3445 3868 3509; x_wconf 62' lang='grc' dir='ltr'><strong>ὑπὲξ</strong></span> 
     </span>
    </p>
   </div>
   <div class='ocr_carea' id='block_1_93' title="bbox 2363 3531 3870 3610">
    <p class='ocr_par' dir='ltr' id='par_1_93' title="bbox 2363 3531 3870 3610">
     <span class='ocr_line' id='line_1_93' title="bbox 2363 3531 3870 3610; baseline -0.005 -21"><span class='ocrx_word' id='word_1_611' title='bbox 2363 3543 2599 3610; x_wconf 82' lang='grc' dir='ltr'>Χριστοῦ</span> <span class='ocrx_word' id='word_1_612' title='bbox 2650 3535 2826 3595; x_wconf 79' lang='grc' dir='ltr'>ἄθλοις</span> <span class='ocrx_word' id='word_1_613' title='bbox 2883 3531 3237 3608; x_wconf 79' lang='grc' dir='ltr'>διεμαρτύρει.</span> <span class='ocrx_word' id='word_1_614' title='bbox 3306 3540 3453 3590; x_wconf 86' lang='grc' dir='ltr'>Ἐπεὶ</span> <span class='ocrx_word' id='word_1_615' title='bbox 3510 3539 3605 3610; x_wconf 73' lang='grc' dir='ltr'><strong>γὰρ</strong></span> <span class='ocrx_word' id='word_1_616' title='bbox 3674 3531 3870 3602; x_wconf 50' lang='lat' dir='ltr'><strong>ous-£5571:</strong></span> 
     </span>
    </p>
   </div>
   <div class='ocr_carea' id='block_1_94' title="bbox 2367 3620 3869 3702">
    <p class='ocr_par' dir='ltr' id='par_1_94' title="bbox 2367 3620 3869 3702">
     <span class='ocr_line' id='line_1_94' title="bbox 2367 3620 3869 3702; baseline -0.003 -24"><span class='ocrx_word' id='word_1_617' title='bbox 2367 3622 2686 3702; x_wconf 77' lang='grc' dir='ltr'>διεκερτόμει</span> <span class='ocrx_word' id='word_1_618' title='bbox 2727 3626 2816 3696; x_wconf 71' lang='grc' dir='ltr'>μὲν</span> <span class='ocrx_word' id='word_1_619' title='bbox 2871 3620 3142 3696; x_wconf 77' lang='grc' dir='ltr'>δαίμονας,</span> <span class='ocrx_word' id='word_1_620' title='bbox 3201 3628 3259 3678; x_wconf 87' lang='grc' dir='ltr'><strong>τό</strong></span> <span class='ocrx_word' id='word_1_621' title='bbox 3345 3623 3406 3680; x_wconf 70' lang='grc' dir='ltr'><strong>δὲ</strong></span> <span class='ocrx_word' id='word_1_622' title='bbox 3469 3634 3567 3678; x_wconf 85' lang='grc' dir='ltr'>τῶν</span> <span class='ocrx_word' id='word_1_623' title='bbox 3634 3625 3869 3697; x_wconf 53' lang='lat' dir='ltr'><strong>xpeto-377w</strong></span> 
     </span>
    </p>
   </div>
   <div class='ocr_carea' id='block_1_95' title="bbox 2368 3711 3869 3789">
    <p class='ocr_par' dir='ltr' id='par_1_95' title="bbox 2368 3711 3869 3789">
     <span class='ocr_line' id='line_1_95' title="bbox 2368 3711 3869 3789; baseline -0.003 -23"><span class='ocrx_word' id='word_1_624' title='bbox 2368 3712 2634 3774; x_wconf 78' lang='grc' dir='ltr'>διέπαιζεν</span> <span class='ocrx_word' id='word_1_625' title='bbox 2709 3711 2905 3778; x_wconf 75' lang='grc' dir='ltr'>ἀσεϐὲς,</span> <span class='ocrx_word' id='word_1_626' title='bbox 2966 3714 3154 3785; x_wconf 90' lang='grc' dir='ltr'>πικράς</span> <span class='ocrx_word' id='word_1_627' title='bbox 3223 3733 3358 3774; x_wconf 86' lang='grc' dir='ltr'>τινας</span> <span class='ocrx_word' id='word_1_628' title='bbox 3416 3719 3508 3766; x_wconf 87' lang='grc' dir='ltr'>καὶ</span> <span class='ocrx_word' id='word_1_629' title='bbox 3555 3715 3791 3789; x_wconf 61' lang='grc' dir='ltr'>ὑπερφυεῖς</span> <span class='ocrx_word' id='word_1_630' title='bbox 3825 3724 3869 3755; x_wconf 72' lang='grc' dir='ltr'><strong>ιε·</strong></span> 
     </span>
    </p>
   </div>
   <div class='ocr_carea' id='block_1_96' title="bbox 2364 3802 3869 3880">
    <p class='ocr_par' dir='ltr' id='par_1_96' title="bbox 2364 3802 3869 3880">
     <span class='ocr_line' id='line_1_96' title="bbox 2364 3802 3869 3880; baseline -0.004 -24"><span class='ocrx_word' id='word_1_631' title='bbox 2364 3804 2540 3866; x_wconf 89' lang='grc' dir='ltr'>λάσεις</span> <span class='ocrx_word' id='word_1_632' title='bbox 2615 3805 2871 3874; x_wconf 69' lang='grc' dir='ltr'>ὑφίστατο</span> <span class='ocrx_word' id='word_1_633' title='bbox 2906 3819 2918 3832; x_wconf 90' lang='grc'><strong>·</strong></span> <span class='ocrx_word' id='word_1_634' title='bbox 2954 3802 3206 3880; x_wconf 82' lang='grc' dir='ltr'>ξυστῆρες</span> <span class='ocrx_word' id='word_1_635' title='bbox 3267 3807 3355 3877; x_wconf 68' lang='grc' dir='ltr'>μὲν</span> <span class='ocrx_word' id='word_1_636' title='bbox 3441 3807 3545 3877; x_wconf 72' lang='grc' dir='ltr'><strong>γὰρ</strong></span> <span class='ocrx_word' id='word_1_637' title='bbox 3619 3803 3754 3854; x_wconf 71' lang='grc' dir='ltr'>αὗτόν</span> <span class='ocrx_word' id='word_1_638' title='bbox 3797 3813 3869 3866; x_wconf 57' lang='grc' dir='ltr'>μετέ</span> 
     </span>
    </p>
   </div>
   <div class='ocr_carea' id='block_1_97' title="bbox 2369 3883 3870 3966">
    <p class='ocr_par' dir='ltr' id='par_1_97' title="bbox 2369 3883 3870 3966">
     <span class='ocr_line' id='line_1_97' title="bbox 2369 3883 3870 3966; baseline -0.005 -20"><span class='ocrx_word' id='word_1_639' title='bbox 2369 3890 2543 3965; x_wconf 85' lang='grc' dir='ltr'>δεσμά</span> <span class='ocrx_word' id='word_1_640' title='bbox 2578 3897 2667 3943; x_wconf 87' lang='grc' dir='ltr'>καὶ</span> <span class='ocrx_word' id='word_1_641' title='bbox 2720 3891 2942 3964; x_wconf 72' lang='grc' dir='ltr'>φυλακὴν</span> <span class='ocrx_word' id='word_1_642' title='bbox 2993 3889 3360 3966; x_wconf 62' lang='grc' dir='ltr'>διελάμϐανον</span> <span class='ocrx_word' id='word_1_643' title='bbox 3401 3891 3514 3945; x_wconf 83' lang='grc' dir='ltr'>εἶτα</span> <span class='ocrx_word' id='word_1_644' title='bbox 3561 3897 3733 3964; x_wconf 74' lang='grc' dir='ltr'>τιτάνῳ</span> <span class='ocrx_word' id='word_1_645' title='bbox 3773 3883 3870 3938; x_wconf 72' lang='grc' dir='ltr'>πνέίε</span> 
     </span>
    </p>
   </div>
   <div class='ocr_carea' id='block_1_98' title="bbox 2797 3970 3872 4058">
    <p class='ocr_par' dir='ltr' id='par_1_98' title="bbox 2797 3970 3872 4058">
     <span class='ocr_line' id='line_1_98' title="bbox 2797 3970 3872 4058; baseline -0.047 -2"><span class='ocrx_word' id='word_1_646' title='bbox 2797 3987 2974 4058; x_wconf 77' lang='grc' dir='ltr'>τροχῷ</span> <span class='ocrx_word' id='word_1_647' title='bbox 3069 3985 3400 4047; x_wconf 83' lang='grc' dir='ltr'>κατετείνετο,</span> <span class='ocrx_word' id='word_1_648' title='bbox 3496 3982 3660 4054; x_wconf 62' lang='grc' dir='ltr'><strong>ξίφεσι</strong></span> <span class='ocrx_word' id='word_1_649' title='bbox 3723 3970 3872 4048; x_wconf 32' lang='lat' dir='ltr'><strong>psmn,</strong></span> 
     </span>
    </p>
   </div>
   <div class='ocr_carea' id='block_1_99' title="bbox 2368 4066 3872 4146">
    <p class='ocr_par' dir='ltr' id='par_1_99' title="bbox 2368 4066 3872 4146">
     <span class='ocr_line' id='line_1_99' title="bbox 2368 4066 3872 4146; baseline -0.013 -21"><span class='ocrx_word' id='word_1_650' title='bbox 2368 4071 2758 4146; x_wconf 56' lang='grc' dir='ltr'>ἐκτεμνόμενος</span> <span class='ocrx_word' id='word_1_651' title='bbox 2815 4068 3031 4130; x_wconf 86' lang='grc' dir='ltr'>πολλαῖς</span> <span class='ocrx_word' id='word_1_652' title='bbox 3084 4066 3142 4122; x_wconf 75' lang='grc' dir='ltr'><strong>δὲ</strong></span> <span class='ocrx_word' id='word_1_653' title='bbox 3195 4069 3376 4132; x_wconf 77' lang='grc' dir='ltr'>ἄλλαις</span> <span class='ocrx_word' id='word_1_654' title='bbox 3443 4077 3705 4142; x_wconf 79' lang='grc' dir='ltr'>μηχαναῖς</span> <span class='ocrx_word' id='word_1_655' title='bbox 3738 4081 3872 4131; x_wconf 56' lang='lat' dir='ltr'><strong>nm:-</strong></span> 
     </span>
    </p>
   </div>
   <div class='ocr_carea' id='block_1_100' title="bbox 2366 3982 3400 4054">
    <p class='ocr_par' dir='ltr' id='par_1_100' title="bbox 2366 3982 3400 4054">
     <span class='ocr_line' id='line_1_100' title="bbox 2366 3982 3400 4054; baseline -0.002 -20"><span class='ocrx_word' id='word_1_656' title='bbox 2366 3982 2716 4054; x_wconf 77' lang='grc' dir='ltr'>κατεφλέγετο,</span> <span class='ocrx_word' id='word_1_657' title='bbox 2797 3987 2974 4054; x_wconf 86' lang='grc' dir='ltr'>τροχῷ</span> <span class='ocrx_word' id='word_1_658' title='bbox 3069 3985 3400 4047; x_wconf 84' lang='grc' dir='ltr'>κατετείνετο,</span> 
     </span>
    </p>
   </div>
   <div class='ocr_carea' id='block_1_101' title="bbox 2368 4155 3875 4233">
    <p class='ocr_par' dir='ltr' id='par_1_101' title="bbox 2368 4155 3875 4233">
     <span class='ocr_line' id='line_1_101' title="bbox 2368 4155 3875 4233; baseline 0.001 -24"><span class='ocrx_word' id='word_1_659' title='bbox 2368 4161 2593 4232; x_wconf 75' lang='grc' dir='ltr'>ϐόμενος,</span> <span class='ocrx_word' id='word_1_660' title='bbox 2646 4161 2704 4210; x_wconf 88' lang='grc' dir='ltr'>τὸ</span> <span class='ocrx_word' id='word_1_661' title='bbox 2751 4157 2946 4228; x_wconf 69' lang='grc' dir='ltr'>εὐγενὲς</span> <span class='ocrx_word' id='word_1_662' title='bbox 3011 4158 3170 4210; x_wconf 70' lang='grc' dir='ltr'>αὐτοῦ</span> <span class='ocrx_word' id='word_1_663' title='bbox 3237 4161 3574 4233; x_wconf 74' lang='grc' dir='ltr'>παράστημα</span> <span class='ocrx_word' id='word_1_664' title='bbox 3630 4166 3715 4218; x_wconf 75' lang='grc' dir='ltr'>τῆς</span> <span class='ocrx_word' id='word_1_665' title='bbox 3756 4155 3875 4225; x_wconf 64' lang='grc' dir='ltr'><strong>·ᾇυχξε</strong></span> 
     </span>
    </p>
   </div>
   <div class='ocr_carea' id='block_1_102' title="bbox 2366 4240 3873 4319">
    <p class='ocr_par' dir='ltr' id='par_1_102' title="bbox 2366 4240 3873 4319">
     <span class='ocr_line' id='line_1_102' title="bbox 2366 4240 3873 4319; baseline -0.018 -1"><span class='ocrx_word' id='word_1_666' title='bbox 2366 4253 2456 4300; x_wconf 73' lang='grc' dir='ltr'><strong>καὶ</strong></span> <span class='ocrx_word' id='word_1_667' title='bbox 2487 4252 2543 4299; x_wconf 72' lang='grc' dir='ltr'><strong>τὸ</strong></span> <span class='ocrx_word' id='word_1_668' title='bbox 2587 4254 2684 4308; x_wconf 70' lang='grc' dir='ltr'><strong>τῆς</strong></span> <span class='ocrx_word' id='word_1_669' title='bbox 2730 4252 2972 4308; x_wconf 80' lang='grc' dir='ltr'>συννοίας</span> <span class='ocrx_word' id='word_1_670' title='bbox 3016 4246 3384 4319; x_wconf 77' lang='grc' dir='ltr'>ἀνεσταλμένον</span> <span class='ocrx_word' id='word_1_671' title='bbox 3434 4250 3626 4307; x_wconf 81' lang='grc' dir='ltr'>ἱκανῶς</span> <span class='ocrx_word' id='word_1_672' title='bbox 3671 4240 3873 4297; x_wconf 69' lang='grc' dir='ltr'>ἁνεδείκγε.</span> 
     </span>
    </p>
   </div>
   <div class='ocr_carea' id='block_1_103' title="bbox 2365 4332 3873 4410">
    <p class='ocr_par' dir='ltr' id='par_1_103' title="bbox 2365 4332 3873 4410">
     <span class='ocr_line' id='line_1_103' title="bbox 2365 4332 3873 4410; baseline -0.005 -21"><span class='ocrx_word' id='word_1_673' title='bbox 2365 4337 2484 4389; x_wconf 88' lang='grc' dir='ltr'><strong>Ἐπὶ</strong></span> <span class='ocrx_word' id='word_1_674' title='bbox 2535 4339 2738 4396; x_wconf 84' lang='grc' dir='ltr'>τούτοις</span> <span class='ocrx_word' id='word_1_675' title='bbox 2777 4339 2860 4386; x_wconf 85' lang='grc' dir='ltr'><strong>τόν</strong></span> <span class='ocrx_word' id='word_1_676' title='bbox 2913 4343 3005 4387; x_wconf 86' lang='grc' dir='ltr'><strong>τοῦ</strong></span> <span class='ocrx_word' id='word_1_677' title='bbox 3033 4341 3223 4406; x_wconf 75' lang='grc' dir='ltr'>γόητος</span> <span class='ocrx_word' id='word_1_678' title='bbox 3256 4336 3537 4410; x_wconf 84' lang='grc' dir='ltr'>Γλυκερίου</span> <span class='ocrx_word' id='word_1_679' title='bbox 3593 4335 3712 4406; x_wconf 78' lang='grc' dir='ltr'>βοῦν</span> <span class='ocrx_word' id='word_1_680' title='bbox 3738 4332 3873 4383; x_wconf 62' lang='grc' dir='ltr'>ἀνίετε,</span> 
     </span>
    </p>
   </div>
   <div class='ocr_carea' id='block_1_104' title="bbox 2368 4415 3872 4501">
    <p class='ocr_par' dir='ltr' id='par_1_104' title="bbox 2368 4415 3872 4501">
     <span class='ocr_line' id='line_1_104' title="bbox 2368 4415 3872 4501; baseline -0.003 -25"><span class='ocrx_word' id='word_1_681' title='bbox 2368 4429 2458 4477; x_wconf 84' lang='grc' dir='ltr'>καὶ</span> <span class='ocrx_word' id='word_1_682' title='bbox 2513 4429 2606 4482; x_wconf 73' lang='grc' dir='ltr'>τὴν</span> <span class='ocrx_word' id='word_1_683' title='bbox 2667 4421 2931 4496; x_wconf 78' lang='grc' dir='ltr'>βασιλίδα</span> <span class='ocrx_word' id='word_1_684' title='bbox 2987 4421 3332 4501; x_wconf 80' lang='grc' dir='ltr'>Ἀλεξάνδραν</span> <span class='ocrx_word' id='word_1_685' title='bbox 3379 4424 3646 4498; x_wconf 86' lang='grc' dir='ltr'>πρόπαλαι</span> <span class='ocrx_word' id='word_1_686' title='bbox 3688 4426 3757 4474; x_wconf 77' lang='grc' dir='ltr'><strong>τόν</strong></span> <span class='ocrx_word' id='word_1_687' title='bbox 3803 4415 3872 4488; x_wconf 63' lang='grc' dir='ltr'><strong>βίω</strong></span> 
     </span>
    </p>
   </div>
   <div class='ocr_carea' id='block_1_105' title="bbox 2370 4512 3187 4588">
    <p class='ocr_par' dir='ltr' id='par_1_105' title="bbox 2370 4512 3187 4588">
     <span class='ocr_line' id='line_1_105' title="bbox 2370 4512 3187 4588; baseline -0.001 -23"><span class='ocrx_word' id='word_1_688' title='bbox 2370 4512 2727 4566; x_wconf 76' lang='grc' dir='ltr'>ἀπολιποῦσαν</span> <span class='ocrx_word' id='word_1_689' title='bbox 2828 4513 2960 4586; x_wconf 74' lang='grc' dir='ltr'>εῦχῇ</span> <span class='ocrx_word' id='word_1_690' title='bbox 3059 4518 3187 4588; x_wconf 79' lang='grc' dir='ltr'>μόνη</span> 
     </span>
    </p>
   </div>
   <div class='ocr_carea' id='block_1_106' title="bbox 2370 4599 3874 4678">
    <p class='ocr_par' dir='ltr' id='par_1_106' title="bbox 2370 4599 3874 4678">
     <span class='ocr_line' id='line_1_106' title="bbox 2370 4599 3874 4678; baseline -0.005 -22"><span class='ocrx_word' id='word_1_691' title='bbox 2370 4602 2537 4675; x_wconf 77' lang='grc' dir='ltr'><strong>ἐξῆγε.</strong></span> <span class='ocrx_word' id='word_1_692' title='bbox 2599 4607 2700 4655; x_wconf 85' lang='grc' dir='ltr'><strong>Καὶ</strong></span> <span class='ocrx_word' id='word_1_693' title='bbox 2745 4601 2880 4662; x_wconf 82' lang='grc' dir='ltr'>τέλος</span> <span class='ocrx_word' id='word_1_694' title='bbox 2929 4599 3184 4678; x_wconf 81' lang='grc' dir='ltr'>ἀνδρικῶς</span> <span class='ocrx_word' id='word_1_695' title='bbox 3245 4601 3479 4655; x_wconf 76' lang='grc' dir='ltr'>ἐτελεύτα</span> <span class='ocrx_word' id='word_1_696' title='bbox 3534 4611 3603 4672; x_wconf 80' lang='grc' dir='ltr'>τῷ</span> <span class='ocrx_word' id='word_1_697' title='bbox 3650 4602 3770 4672; x_wconf 60' lang='grc' dir='ltr'>ξίφει.</span> <span class='ocrx_word' id='word_1_698' title='bbox 3813 4599 3874 4646; x_wconf 63' lang='grc' dir='ltr'><strong>Ναί</strong></span> 
     </span>
    </p>
   </div>
   <div class='ocr_carea' id='block_1_107' title="bbox 3282 4509 3874 4585">
    <p class='ocr_par' dir='ltr' id='par_1_107' title="bbox 3282 4509 3874 4585">
     <span class='ocr_line' id='line_1_107' title="bbox 3282 4509 3874 4585; baseline -0.014 -20"><span class='ocrx_word' id='word_1_699' title='bbox 3282 4521 3381 4565; x_wconf 84' lang='grc' dir='ltr'>τῶν</span> <span class='ocrx_word' id='word_1_700' title='bbox 3473 4511 3607 4585; x_wconf 72' lang='grc' dir='ltr'>ᾅδου</span> <span class='ocrx_word' id='word_1_701' title='bbox 3689 4509 3874 4579; x_wconf 61' lang='grc' dir='ltr'>πυθμένες)</span> 
     </span>
    </p>
   </div>
   <div class='ocr_carea' id='block_1_108' title="bbox 2372 4687 3874 4766">
    <p class='ocr_par' dir='ltr' id='par_1_108' title="bbox 2372 4687 3874 4766">
     <span class='ocr_line' id='line_1_108' title="bbox 2372 4687 3874 4766; baseline -0.006 -22"><span class='ocrx_word' id='word_1_702' title='bbox 2372 4697 2472 4766; x_wconf 72' lang='grc' dir='ltr'>μὴν</span> <span class='ocrx_word' id='word_1_703' title='bbox 2538 4697 2626 4744; x_wconf 87' lang='grc' dir='ltr'>καὶ</span> <span class='ocrx_word' id='word_1_704' title='bbox 2688 4693 2713 4742; x_wconf 87' lang='grc' dir='ltr'><strong><em>ὁ</em></strong></span> <span class='ocrx_word' id='word_1_705' title='bbox 2775 4699 2998 4765; x_wconf 69' lang='grc' dir='ltr'>γενναῖος</span> <span class='ocrx_word' id='word_1_706' title='bbox 3061 4699 3174 4752; x_wconf 85' lang='grc' dir='ltr'>ταῖς</span> <span class='ocrx_word' id='word_1_707' title='bbox 3237 4690 3507 4754; x_wconf 75' lang='grc' dir='ltr'>ἀληθείαις</span> <span class='ocrx_word' id='word_1_708' title='bbox 3548 4687 3874 4764; x_wconf 72' lang='grc' dir='ltr'>Προκόπιοςτξς</span> 
     </span>
    </p>
   </div>
   <div class='ocr_carea' id='block_1_109' title="bbox 2371 4778 3873 4855">
    <p class='ocr_par' dir='ltr' id='par_1_109' title="bbox 2371 4778 3873 4855">
     <span class='ocr_line' id='line_1_109' title="bbox 2371 4778 3873 4855; baseline -0.009 -21"><span class='ocrx_word' id='word_1_709' title='bbox 2371 4785 2420 4834; x_wconf 83' lang='grc' dir='ltr'>ἐν</span> <span class='ocrx_word' id='word_1_710' title='bbox 2481 4786 2770 4855; x_wconf 80' lang='grc' dir='ltr'>Καισαρείᾳ</span> <span class='ocrx_word' id='word_1_711' title='bbox 2848 4782 3198 4842; x_wconf 82' lang='grc' dir='ltr'>Παλαιστίνης</span> <span class='ocrx_word' id='word_1_712' title='bbox 3261 4783 3579 4855; x_wconf 83' lang='grc' dir='ltr'>ὁρμώμενος,</span> <span class='ocrx_word' id='word_1_713' title='bbox 3635 4779 3734 4832; x_wconf 79' lang='grc' dir='ltr'>κατ’</span> <span class='ocrx_word' id='word_1_714' title='bbox 3778 4778 3873 4825; x_wconf 55' lang='lat' dir='ltr'><strong>Extis</strong></span> 
     </span>
    </p>
   </div>
   <div class='ocr_carea' id='block_1_110' title="bbox 2372 4861 3873 4947">
    <p class='ocr_par' dir='ltr' id='par_1_110' title="bbox 2372 4861 3873 4947">
     <span class='ocr_line' id='line_1_110' title="bbox 2372 4861 3873 4947; baseline -0.003 -23"><span class='ocrx_word' id='word_1_715' title='bbox 2372 4878 2556 4947; x_wconf 77' lang='grc' dir='ltr'>καιροῦ</span> <span class='ocrx_word' id='word_1_716' title='bbox 2624 4869 2965 4944; x_wconf 74' lang='grc' dir='ltr'>ἐγνωρίζετο·</span> <span class='ocrx_word' id='word_1_717' title='bbox 3135 4871 3500 4931; x_wconf 87' lang='grc' dir='ltr'>Διοκλητιανός</span> <span class='ocrx_word' id='word_1_718' title='bbox 3565 4867 3783 4922; x_wconf 70' lang='grc' dir='ltr'>δουκικὴν</span> <span class='ocrx_word' id='word_1_719' title='bbox 3825 4861 3873 4909; x_wconf 56' lang='grc' dir='ltr'><strong>λεδ</strong></span> 
     </span>
    </p>
   </div>
   <div class='ocr_carea' id='block_1_111' title="bbox 2373 4951 3871 5032">
    <p class='ocr_par' dir='ltr' id='par_1_111' title="bbox 2373 4951 3871 5032">
     <span class='ocr_line' id='line_1_111' title="bbox 2373 4951 3871 5032; baseline -0.003 -20"><span class='ocrx_word' id='word_1_720' title='bbox 2373 4960 2521 5026; x_wconf 78' lang='grc' dir='ltr'>ἀξίαν</span> <span class='ocrx_word' id='word_1_721' title='bbox 2578 4968 2673 5022; x_wconf 79' lang='grc' dir='ltr'>τῆς</span> <span class='ocrx_word' id='word_1_722' title='bbox 2726 4959 2976 5022; x_wconf 85' lang='grc' dir='ltr'>ἀνατολῆς</span> <span class='ocrx_word' id='word_1_723' title='bbox 3018 4961 3318 5032; x_wconf 76' lang='grc' dir='ltr'>ἐνεχείριζε,</span> <span class='ocrx_word' id='word_1_724' title='bbox 3348 4964 3582 5032; x_wconf 85' lang='grc' dir='ltr'>Χριστός</span> <span class='ocrx_word' id='word_1_725' title='bbox 3611 4956 3665 5011; x_wconf 70' lang='grc' dir='ltr'><strong>δὲ</strong></span> <span class='ocrx_word' id='word_1_726' title='bbox 3688 4951 3871 5027; x_wconf 58' lang='grc' dir='ltr'>οὐραγΰθει</span> 
     </span>
    </p>
   </div>
   <div class='ocr_carea' id='block_1_112' title="bbox 2375 5039 3871 5124">
    <p class='ocr_par' dir='ltr' id='par_1_112' title="bbox 2375 5047 3871 5124">
     <span class='ocr_line' id='line_1_112' title="bbox 2375 5047 3871 5124; baseline -0.013 -22"><span class='ocrx_word' id='word_1_727' title='bbox 2375 5052 2545 5122; x_wconf 81' lang='grc' dir='ltr'>ὥσπερ</span> <span class='ocrx_word' id='word_1_728' title='bbox 2580 5049 2780 5102; x_wconf 88' lang='grc' dir='ltr'>Παῦλον</span> <span class='ocrx_word' id='word_1_729' title='bbox 2821 5048 2990 5100; x_wconf 86' lang='grc' dir='ltr'>ἐκάλει</span> <span class='ocrx_word' id='word_1_730' title='bbox 3023 5066 3034 5076; x_wconf 93' lang='grc'><strong>·</strong></span> <span class='ocrx_word' id='word_1_731' title='bbox 3070 5053 3159 5100; x_wconf 83' lang='grc' dir='ltr'>καὶ</span> <span class='ocrx_word' id='word_1_732' title='bbox 3187 5053 3280 5105; x_wconf 79' lang='grc' dir='ltr'>τὴν</span> <span class='ocrx_word' id='word_1_733' title='bbox 3319 5047 3458 5124; x_wconf 73' lang='grc' dir='ltr'>[μὲν]</span> <span class='ocrx_word' id='word_1_734' title='bbox 3499 5052 3760 5120; x_wconf 77' lang='grc' dir='ltr'>Προκόπιος</span> <span class='ocrx_word' id='word_1_735' title='bbox 3787 5053 3871 5090; x_wconf 70' lang='grc' dir='ltr'>αντε·</span> 
     </span>
    </p>
   </div>
   <div class='ocr_carea' id='block_1_113' title="bbox 2373 5133 3869 5213">
    <p class='ocr_par' dir='ltr' id='par_1_113' title="bbox 2373 5133 3869 5213">
     <span class='ocr_line' id='line_1_113' title="bbox 2373 5133 3869 5213; baseline -0.007 -21"><span class='ocrx_word' id='word_1_736' title='bbox 2373 5139 2616 5210; x_wconf 79' lang='grc' dir='ltr'>λάμϐανε,</span> <span class='ocrx_word' id='word_1_737' title='bbox 2673 5146 2880 5213; x_wconf 84' lang='grc' dir='ltr'>σταυρῷ</span> <span class='ocrx_word' id='word_1_738' title='bbox 2937 5133 2996 5189; x_wconf 76' lang='grc' dir='ltr'><strong>δὲ</strong></span> <span class='ocrx_word' id='word_1_739' title='bbox 3038 5135 3375 5210; x_wconf 79' lang='grc' dir='ltr'>ἀπροσμάχῳ</span> <span class='ocrx_word' id='word_1_740' title='bbox 3416 5137 3556 5208; x_wconf 84' lang='grc' dir='ltr'>ὅπλῳ</span> <span class='ocrx_word' id='word_1_741' title='bbox 3608 5139 3684 5187; x_wconf 80' lang='grc' dir='ltr'>οἶά</span> <span class='ocrx_word' id='word_1_742' title='bbox 3733 5144 3869 5192; x_wconf 68' lang='grc' dir='ltr'>τιςγεί·</span> 
     </span>
    </p>
   </div>
   <div class='ocr_carea' id='block_1_114' title="bbox 2373 5225 3865 5300">
    <p class='ocr_par' dir='ltr' id='par_1_114' title="bbox 2373 5225 3865 5300">
     <span class='ocr_line' id='line_1_114' title="bbox 2373 5225 3865 5300; baseline -0.002 -22"><span class='ocrx_word' id='word_1_743' title='bbox 2373 5237 2512 5288; x_wconf 82' lang='grc' dir='ltr'><strong>ναίος</strong></span> <span class='ocrx_word' id='word_1_744' title='bbox 2559 5227 2948 5292; x_wconf 84' lang='grc' dir='ltr'>καθοπλισθεὶς,</span> <span class='ocrx_word' id='word_1_745' title='bbox 2990 5229 3120 5300; x_wconf 78' lang='grc' dir='ltr'>πρὸς</span> <span class='ocrx_word' id='word_1_746' title='bbox 3161 5230 3282 5287; x_wconf 74' lang='grc' dir='ltr'>τοὺς</span> <span class='ocrx_word' id='word_1_747' title='bbox 3317 5227 3602 5286; x_wconf 72' lang='grc' dir='ltr'>αἰσθητοὺς</span> <span class='ocrx_word' id='word_1_748' title='bbox 3642 5229 3721 5299; x_wconf 72' lang='grc' dir='ltr'>μὲν</span> <span class='ocrx_word' id='word_1_749' title='bbox 3745 5225 3865 5290; x_wconf 55' lang='lat'><strong>3997&#39;”</strong></span> 
     </span>
    </p>
   </div>
   <div class='ocr_carea' id='block_1_115' title="bbox 2374 5313 3860 5389">
    <p class='ocr_par' dir='ltr' id='par_1_115' title="bbox 2374 5313 3860 5389">
     <span class='ocr_line' id='line_1_115' title="bbox 2374 5313 3860 5389; baseline -0.009 -19"><span class='ocrx_word' id='word_1_750' title='bbox 2374 5317 2647 5389; x_wconf 82' lang='grc' dir='ltr'>πολέμους,</span> <span class='ocrx_word' id='word_1_751' title='bbox 2709 5313 2818 5368; x_wconf 81' lang='grc' dir='ltr'>εἶτα</span> <span class='ocrx_word' id='word_1_752' title='bbox 2847 5319 2935 5368; x_wconf 78' lang='grc' dir='ltr'><strong>καὶ</strong></span> <span class='ocrx_word' id='word_1_753' title='bbox 2975 5319 3099 5388; x_wconf 85' lang='grc' dir='ltr'>πρὸς</span> <span class='ocrx_word' id='word_1_754' title='bbox 3155 5318 3274 5375; x_wconf 81' lang='grc' dir='ltr'>τοὺς</span> <span class='ocrx_word' id='word_1_755' title='bbox 3303 5320 3521 5376; x_wconf 77' lang='grc' dir='ltr'>νοητοὺς</span> <span class='ocrx_word' id='word_1_756' title='bbox 3562 5314 3860 5366; x_wconf 50' lang='lat' dir='ltr'><strong>durauerat</strong></span> 
     </span>
    </p>
   </div>
   <div class='ocr_carea' id='block_1_116' title="bbox 2372 5395 3862 5481">
    <p class='ocr_par' dir='ltr' id='par_1_116' title="bbox 2372 5403 3862 5481">
     <span class='ocr_line' id='line_1_116' title="bbox 2372 5403 3862 5481; baseline -0.003 -22"><span class='ocrx_word' id='word_1_757' title='bbox 2372 5411 2493 5469; x_wconf 80' lang='grc' dir='ltr'>τοὺς</span> <span class='ocrx_word' id='word_1_758' title='bbox 2522 5410 2620 5481; x_wconf 76' lang='grc' dir='ltr'><strong>γὰρ</strong></span> <span class='ocrx_word' id='word_1_759' title='bbox 2654 5409 2708 5458; x_wconf 84' lang='grc' dir='ltr'>ἐκ</span> <span class='ocrx_word' id='word_1_760' title='bbox 2753 5412 2962 5478; x_wconf 82' lang='grc' dir='ltr'>χρυσοῦ</span> <span class='ocrx_word' id='word_1_761' title='bbox 3015 5410 3104 5455; x_wconf 86' lang='grc' dir='ltr'>καὶ</span> <span class='ocrx_word' id='word_1_762' title='bbox 3159 5403 3388 5478; x_wconf 73' lang='grc' dir='ltr'>ἀργύρου</span> <span class='ocrx_word' id='word_1_763' title='bbox 3438 5407 3780 5473; x_wconf 75' lang='grc' dir='ltr'>πεποιημένους</span> <span class='ocrx_word' id='word_1_764' title='bbox 3819 5410 3862 5438; x_wconf 74' lang='grc'><strong>²-“</strong></span> 
     </span>
    </p>
   </div>
   <div class='ocr_carea' id='block_1_117' title="bbox 2370 5487 3857 5569">
    <p class='ocr_par' dir='ltr' id='par_1_117' title="bbox 2370 5487 3857 5569">
     <span class='ocr_line' id='line_1_117' title="bbox 2370 5487 3857 5569; baseline -0.005 -21"><span class='ocrx_word' id='word_1_765' title='bbox 2370 5503 2443 5569; x_wconf 82' lang='grc' dir='ltr'>τῷ</span> <span class='ocrx_word' id='word_1_766' title='bbox 2472 5498 2616 5558; x_wconf 74' lang='grc' dir='ltr'>θεοὺς</span> <span class='ocrx_word' id='word_1_767' title='bbox 2649 5492 2965 5556; x_wconf 84' lang='grc' dir='ltr'>διαθλάσας,</span> <span class='ocrx_word' id='word_1_768' title='bbox 3007 5496 3094 5544; x_wconf 79' lang='grc' dir='ltr'>καὶ</span> <span class='ocrx_word' id='word_1_769' title='bbox 3142 5498 3358 5550; x_wconf 81' lang='grc' dir='ltr'>πένησιν</span> <span class='ocrx_word' id='word_1_770' title='bbox 3408 5492 3724 5565; x_wconf 82' lang='grc' dir='ltr'>ἐπιμερίσας,</span> <span class='ocrx_word' id='word_1_771' title='bbox 3763 5487 3857 5536; x_wconf 73' lang='grc' dir='ltr'><strong>ἔπεί’²</strong></span> 
     </span>
    </p>
   </div>
   <div class='ocr_carea' id='block_1_118' title="bbox 3797 5583 3842 5599">
    <p class='ocr_par' dir='ltr' id='par_1_118' title="bbox 3797 5583 3842 5599">
     <span class='ocr_line' id='line_1_118' title="bbox 3797 5583 3842 5599; baseline 0 -11"><span class='ocrx_word' id='word_1_772' title='bbox 3797 5583 3842 5599; x_wconf 50' lang='lat' dir='ltr'><strong>of.</strong></span> 
     </span>
    </p>
   </div>
   <div class='ocr_carea' id='block_1_119' title="bbox 2369 5578 3853 5654">
    <p class='ocr_par' dir='ltr' id='par_1_119' title="bbox 2369 5578 3853 5654">
     <span class='ocr_line' id='line_1_119' title="bbox 2369 5578 3853 5654; baseline -0.001 -17"><span class='ocrx_word' id='word_1_773' title='bbox 2369 5592 2477 5646; x_wconf 86' lang='grc' dir='ltr'>τοῖς</span> <span class='ocrx_word' id='word_1_774' title='bbox 2527 5593 2626 5636; x_wconf 85' lang='grc' dir='ltr'>τῶν</span> <span class='ocrx_word' id='word_1_775' title='bbox 2699 5579 2970 5639; x_wconf 76' lang='grc' dir='ltr'>κιϐδήλων</span> <span class='ocrx_word' id='word_1_776' title='bbox 3037 5583 3410 5654; x_wconf 84' lang='grc' dir='ltr'>ῦπερμαχοῦσι</span> <span class='ocrx_word' id='word_1_777' title='bbox 3487 5578 3755 5652; x_wconf 55' lang='grc' dir='ltr'>συνεόράγη</span> <span class='ocrx_word' id='word_1_778' title='bbox 3797 5583 3853 5635; x_wconf 55' lang='grc' dir='ltr'><strong>ῖῖλ</strong></span> 
     </span>
    </p>
   </div>
  </div>
