4028 6294
191 258 224 317 1
236 260 339 317 237

1218 260 1778 321 ECCLESIASTICJE
1818 262 2173 324 HISTORIA?
2216 265 2352 323 LIB.
2396 266 2518 323 VII.

3418 269 3555 330 1238

179 389 394 463 μάχην.
451 385 553 443 Κὰὶ
599 389 692 446 τήν
743 388 832 463 μὲν
877 385 1075 444 ἱκείνων
1132 387 1444 446 στηλιτεύων
1497 387 1762 444 ἀσθένειαν

1899 388 2028 448 sola
2104 391 2544 463 perspiciuntur
2616 392 2819 453 hOStes
2894 392 3278 468 depugnavit.
3353 393 3562 454 Aureis

180 479 248 526 τὸ
308 473 360 529 ci"

181 571 342 628 ποίας
390 566 560 628 αἰκίας
611 567 670 622 οὐ
720 566 944 641 στερρῶς
985 571 1168 638 ἤνεγκε
1209 586 1223 635 ;
1265 572 1397 628 τίνες
1448 567 1784 644 στρεϐλώσεις

181 663 374 710 τοῦτον
443 655 764 728 παρέλιπον;
828 661 940 712 τίσι
994 653 1052 712 δὲ
1110 665 1208 710 τῶν
1261 657 1465 729 ὀνύχων
1515 657 1571 710 οὐ
1640 677 1787 710 κατε-

181 743 350 806 ξάνθη
394 747 452 798 τὸ
498 741 652 816 δέρας
685 762 698 812 ;
730 745 854 818 φλὸξ
886 742 944 801 δὲ
973 749 1098 800 ποία
1146 745 1418 820 ἀπείρατος
1463 753 1564 798 τῶν
1612 745 1786 799 ἐκείνω

179 834 331 904 ὤφθη
389 833 550 904 μελῶν
592 852 605 902 ;
667 831 903 908 σιδήρων
953 832 1010 887 δὲ
1060 839 1148 889 καὶ
1205 833 1361 908 ξιφῶν
1403 839 1552 888 τίνων
1612 833 1784 906 ἐκείνῳ

1699 923 1786 981 Ἐκ

175 1015 351 1064 τοίνυν
409 1013 602 1066 τούτων
661 1018 750 1068 καὶ
810 1022 908 1066 τῶν
976 1016 1222 1069 τοιούτων
1288 1013 1567 1075 πλείστους
1631 1014 1787 1080 ὅσους

168 1105 270 1153 καὶ
321 1108 419 1154 τῶν
475 1111 570 1168 τῆς
617 1107 820 1174 πρώτης
878 1101 1064 1176 βουλῆς
1113 1105 1377 1177 μάρτυρας
1431 1103 1785 1177 παραπέμψας

174 1195 314 1260 Θεῷ,
367 1191 502 1252 τελος
531 1196 620 1244 καὶ
672 1191 829 1253 αὐτὸς
884 1197 976 1252 τήν
1030 1189 1123 1246 διὰ
1175 1193 1346 1265 ξίφους
1392 1192 1598 1263 πληγὴν
1653 1193 1786 1266 ἐνεγ-

168 1284 306 1343 κὼν,
375 1283 468 1332 σὺν
519 1281 805 1354 εὐφροσύνῃ
876 1285 1004 1354 πρὸς
1063 1286 1150 1336 τὸν
1217 1284 1528 1354 ποθούμενον
1596 1283 1785 1354 ἑχώρει

167 1374 428 1443 Χριστόν.
487 1369 814 1444 ἘρκουλΑίου
857 1368 915 1426 δὲ
966 1369 1059 1426 διὰ
1096 1380 1192 1434 τῆς
1242 1371 1625 1434 Θεσσαλονίκης
1679 1371 1784 1426 ἰὸν-

167 1477 286 1522 ·τος,
358 1464 654 1531 Δημήτριος
717 1462 742 1512 ὀ
807 1469 896 1514 τοῦ
956 1469 1187 1533 Χριστοῦ
1249 1462 1467 1534 μάρτυς,
1533 1468 1630 1512 τῶν
1690 1469 1784 1522 τῆς

167 1547 374 1608 τόλεως
420 1551 484 1603 τὰ
522 1557 702 1620 πρῶτα
741 1554 920 1622 φέρων,
953 1557 1042 1604 καὶ
1095 1554 1186 1608 τὴν
1238 1558 1333 1612 τῆς
1387 1549 1562 1625 ἀρχῆς
1617 1549 1780 1614 αὖτῆς

165 1633 422 1700 ἐξουσίαν
498 1636 868 1710 ἀνεζωσμένος,
943 1642 1012 1704 ὡς
1075 1642 1152 1700 εἴη
1212 1643 1438 1714 Χριστὸν
1515 1637 1775 1712 ὁμολογῶν

168 1719 481 1783 διεϐέϐλητο
515 1742 529 1756 '

161 1821 234 1884 τῇ
289 1811 349 1867 δὲ
400 1815 544 1872 πόλει
581 1821 670 1872 καὶ
707 1827 776 1888 τῷ
829 1814 983 1890 δήμῳ
1037 1821 1247 1873 ἱππικὸν
1304 1817 1476 1890 ἀγῶνα
1527 1820 1775 1872 καθίστα,

165 1906 282 1958 Καί
325 1923 442 1958 τινα
493 1901 561 1962 δή
611 1906 905 1967 παλαιστὴν
944 1912 1033 1962 καὶ
1082 1908 1368 1979 πυγμάχον
1417 1913 1646 1978 γενναῖον
1688 1910 1777 1960 καὶ

158 1989 546 2063 ἆπαράμιλλον,
602 1996 750 2068 ῥώμῃ
812 2015 864 2051 τε
928 2003 1243 2068 κρατοῦντα,
1296 2000 1386 2049 καὶ
1453 1999 1540 2052 τήν
1615 1993 1774 2054 ἀλκὴν

164 2079 550 2149 ἀνυπόστατον,
620 2093 880 2155 προσῆγεν
938 2085 1006 2149 εἰς
1057 2089 1233 2157 μέσον,
1294 2085 1475 2157 οἷάπερ
1527 2080 1772 2158 ἀνδρικὸν

154 2172 234 2224 τὰ
265 2169 484 2242 πολέμια
516 2189 528 2200 ·
563 2179 762 2236 Λυαῖος
793 2178 953 2245 ὄνομα
981 2182 1053 2244 τῷ
1083 2170 1238 2248 ἀνδρί
1275 2190 1287 2203 ’
1331 2173 1404 2245 ἐφ’
1445 2173 1483 2244 ᾧ
1522 2177 1611 2227 καὶ
1641 2176 1774 2244 μέγα

155 2261 366 2334 ἐφρόνει
414 2260 763 2334 Μαξιμιανός.
826 2267 967 2316 Ἐπεὶ
1022 2271 1143 2335 γοῦν
1207 2261 1254 2315 ἰν
1308 2266 1449 2333 μέσῳ
1493 2270 1564 2331 τῷ
1611 2259 1772 2332 ἀγῶνι

156 2353 450 2421 γενόμενος,
518 2351 611 2404 οὐκ
665 2349 777 2423 εἶχε
832 2355 917 2403 τὸν
983 2352 1356 2423 συμπλακῆναι
1422 2358 1494 2422 τῷ
1551 2356 1769 2425 γενναίῳ

837 2446 1036 2506 νεανίας
1109 2461 1184 2502 τις
1250 2440 1435 2495 ἐκεῖθεν
1511 2442 1600 2515 μὲν
1675 2445 1768 2502 τὴν

421 478 672 548 ὑπερφυὲς
717 486 812 541 τῆς
871 478 1048 536 Ἰησοῦ
1115 475 1424 539 δυναστείας
1483 478 1784 548 ἐκθειάζων,

177 927 351 993 ακμαὶ
415 923 472 976 οὗ
528 923 924 996 προσϐαλοῦσαι
984 926 1167 979 θᾶττον
1227 923 1643 997 ὀμϐ)ύνθησαν;

154 2437 339 2509 ἐκείνῳ
411 2439 568 2511 τολμή
582 2460 758 2506 σοντα,

157 2531 364 2598 ⁴γένεσιν
405 2529 582 2593 ἕλκων,
639 2533 827 2604 ὡραῖος
867 2527 926 2586 δε
969 2531 1138 2595 ἄλλως
1192 2527 1341 2596 ἰδεῖν,
1399 2533 1488 2584 καὶ
1536 2532 1594 2582 τὸ
1650 2525 1771 2601 ᾔθος

162 2616 262 2669 οᾶκ
332 2618 547 2690 ἄχαρις,
619 2619 758 2691 φίλος
820 2617 864 2680 ἐς
927 2619 993 2672 τὰ
1060 2620 1291 2691 μάλιστα
1356 2622 1638 2692 Δημητρίῳ
1697 2625 1769 2688 τῷ

161 2706 394 2778 μάρτυρι
437 2724 449 2736 ·
503 2711 716 2782 Νέστωρ
760 2704 819 2762 δὲ
866 2707 1127 2762 ἐκαλεῖτο’
1191 2709 1342 2772 οὗτος
1395 2704 1658 2782 δρομαίως
1698 2713 1769 2780 τῷ

162 2796 388 2868 μάρτυρι
440 2796 758 2870 προσελθὼν,
814 2797 946 2870 εὐχῇ
1002 2817 1055 2852 τε
1109 2799 1429 2869 νευρωθῆναι
1490 2800 1621 2868 ᾔτει,
1681 2800 1770 2850 καὶ

164 2882 536 2957 ἐπιτετράφθαι
593 2888 642 2938 oi
715 2890 808 2946 τὴν
873 2887 1042 2946 πάλην
1110 2883 1296 2942 ἐδεῖτο.
1363 2891 1655 2957 Δημήτριος
1719 2881 1768 2940 δ’

153 2971 402 3043 εὔλὶγῶυ.
469 2979 568 3026 Καὶ
615 2978 700 3026 τὸν
761 2982 974 3041 Λυαῖον,
1026 2978 1139 3047 ἔφη,
1194 2979 1442 3037 νικήσεις,
1502 2979 1591 3027 καὶ
1637 2974 1766 3048 ὑπὲρ

1895 494 2158 554 namque
2187 485 2242 537 et
2273 482 2587 552 argenteis,
2618 499 2769 555 quos
2798 483 2904 538 sibi
2926 483 3053 541 ﬁeri
3082 490 3410 552 curaverat,
3442 486 3556 542 diis

1897 570 2301 636 comminutis,
2334 587 2664 645 eorumque
2705 573 2890 644 pretio
2921 574 2982 629 in
3013 562 3308 646 pauperes
3340 591 3559 647 eXpen-

1895 672 1982 724 so,
2023 674 2162 716 mox
2201 659 2379 716 etiam
2418 676 2555 718 cum
2593 661 2678 718 eis
2733 661 2838 734 qui
2880 661 3120 719 frivolos
3169 663 3557 722 adulterinos-

1893 760 2010 819 que
2032 745 2177 803 deos
2198 748 2684 820 propugnabant,
2705 748 2862 806 bello
2884 766 3265 822 congressus,
3296 751 3558 811 illorum-

1895 849 2010 908 que
2031 834 2370 894 inﬁrmitate
2391 852 2498 911 per
2518 837 2829 897 infamiam
2852 844 3072 906 notata,
3095 839 3281 912 ipsius
3305 857 3440 900 vero
3466 842 3556 901 Je-

1895 939 1966 981 su
1983 924 2191 982 Christi
2207 924 2502 983 immensa
2519 931 2915 1002 naturamque
2933 944 3321 1002 supergressa
3351 935 3554 1002 poten-

1893 1013 1976 1072 tia
2012 1013 2333 1085 magniﬁce
2363 1014 2626 1083 laudata,
2659 1032 2810 1088 quas
2836 1033 2958 1075 non
2986 1017 3079 1074 ille
3102 1034 3314 1092 pmnas
3333 1019 3556 1079 fortiter

1895 1100 2217 1160 toleravit?
2254 1118 2389 1176 quae
2429 1103 2594 1161 illum
2634 1103 2883 1162 ﬁdiculas
2925 1111 2981 1162 et
3021 1111 3258 1164 torturae
3317 1113 3555 1180 prieter-

1894 1191 2063 1247 tere?
2101 1190 2319 1265 quibus
2359 1192 2596 1262 ungulis
2635 1193 2784 1250 cutis
2823 1195 2952 1267 ejus
2991 1196 3230 1253 concisa
3261 1211 3379 1253 non
3413 1203 3499 1255 est
3526 1198 3554 1254 *ἲ

1893 1295 2049 1353 quos
2077 1279 2246 1350 ignes
2273 1297 2496 1353 quasve
2524 1281 2680 1340 faces
2706 1283 2981 1341 membra
3007 1283 3136 1354 ejus
3163 1290 3404 1358 experta
3432 1301 3554 1345 non

1892 1369 2077 1426 sunt?
2105 1384 2363 1442 quorum
2389 1369 2883 1429 ferramentorum
2913 1387 3394 1444 mucronumque
3423 1389 3554 1430 cor-

1892 1457 2021 1532 pori
2053 1457 2182 1529 ejus
2221 1457 2648 1517 intentatorum
2680 1460 2838 1518 acies
2871 1461 3160 1519 hebetatae
3199 1477 3322 1519 non
3363 1469 3500 1520 sunt
3523 1463 3551 1520 ?

1892 1548 1997 1602 Per
2019 1562 2154 1619 quas
2171 1552 2349 1618 atque
2367 1547 2457 1605 his
2489 1548 2704 1606 similia
2733 1554 3047 1615 tormenta,
3071 1566 3255 1625 quam
3274 1550 3551 1622 plurimis

1890 1651 1960 1692 ex
1991 1636 2200 1708 primis
2224 1637 2600 1694 senatoribus
2627 1639 2915 1712 martyrio
2941 1639 3238 1696 coronatis
3263 1640 3340 1695 ad
3362 1641 3549 1701 Deum

576 1727 808 1784 κάκεῖνον
848 1732 938 1800 μεν
980 1731 1129 1791 εὐθὺς
1169 1731 1370 1802 φρουρὰ
1409 1725 1719 1802 διελάμϐανε
1764 1749 1765 1752 ‘

1887 1726 2231 1799 praemissis,
2256 1729 2561 1799 postremo
2587 1731 2641 1785 et
2673 1726 2798 1801 ipse
2821 1727 3022 1800 gladio
3043 1742 3385 1804 percussus,
3409 1746 3548 1790 cum

1890 1812 2068 1889 4,60
2086 1814 2416 1873 incredibili
2431 1814 2631 1874 laetitia
2652 1815 2730 1874 ad
2750 1816 2982 1874 dudum
3005 1818 3115 1874 sibi
3139 1817 3546 1877 desideratum

1888 1905 2180 1962 Christum
2229 1904 2545 1962 concessit.
2593 1906 2895 1965 Herculius
2933 1912 3156 1970 autem,
3192 1923 3330 1962 cum
3369 1908 3545 1966 Thes-

1886 1990 2216 2051 salonicam
2263 1993 2536 2058 venisset,
2586 1994 2950 2052 Demetrium
3002 1993 3267 2065 quidem,
3333 1996 3545 2053 Christi

1886 2086 2228 2154 martyrem,
2273 2081 2627 2151 primarium
2667 2083 2796 2154 ejus
2832 2082 2946 2142 loci
2989 2083 3204 2152 virum,
3262 2084 3542 2141 civitatis-

1884 2185 2000 2245 que
2057 2170 2209 2228 adeo
2251 2171 2441 2240 ipsius
2488 2171 2855 2245 praefectum,
2915 2171 3079 2247 quod
3129 2173 3180 2228 ei
3239 2172 3538 2233 Christum

1883 2259 2147 2334 profiteri
2195 2259 2426 2317 delatus
2477 2265 2653 2325 esset,
2709 2261 2995 2320 custodiri
3050 2261 3246 2336 jubet.
3309 2263 3542 2322 Civitati

1880 2353 2080 2406 autem
2147 2349 2474 2406 certamina
2539 2353 2594 2404 et
2663 2349 2838 2408 ludos
2900 2353 3208 2425 equestres
3273 2351 3538 2408 exhibet.

1881 2442 2070 2508 Atque
2110 2436 2172 2495 in
2201 2438 2270 2496 iis
2299 2437 2650 2497 luctatorem
2681 2443 2734 2494 et
2768 2437 3036 2508 pugilem
3066 2438 3328 2496 nobilem
3359 2445 3539 2513 atque

1880 2526 2190 2594 invictum,
2235 2525 2575 2600 roboreque
2622 2533 2677 2582 et
2723 2527 2949 2584 viribus
2991 2528 3257 2598 corporis
3310 2529 3540 2586 incom-

1880 2615 2234 2686 parabilem,
2272 2615 2414 2672 artis
2457 2614 2723 2672 militaris
2756 2621 2812 2670 et
2841 2615 3066 2674 bellicae
3109 2616 3388 2689 peritum,
3441 2635 3541 2677 cu-

1875 2705 1974 2778 jus
2015 2704 2354 2762 fortitudine
2393 2704 2789 2763 Maximianus
2834 2704 3075 2776 gloriari
3116 2705 3293 2763 etiam
3326 2707 3536 2764 solitus

1880 2793 2091 2860 fuerat,
2113 2808 2334 2851 nomen
2367 2793 2445 2850 illi
2473 2800 2596 2852 erat
2628 2793 2824 2867 Lyaeo,
2861 2793 2919 2851 in
2952 2809 3198 2852 arenam
3233 2795 3532 2868 producit.

1882 2885 2030 2942 Cum
2080 2883 2283 2957 itaque
2332 2883 2382 2937 is
2439 2882 2499 2940 in
2553 2882 2820 2942 medium
2873 2884 3283 2956 processisset,
3339 2901 3536 2958 neque

1879 2972 2206 3046 quisquam
2236 2976 2391 3028 esset
2437 2972 2539 3042 qui
2589 2988 2728 3029 cum
2777 2972 2876 3028 illo
2925 2972 3210 3044 congredi
3268 2973 3534 3043 auderet,

153 3069 396 3135 Χριστοῦ
445 3068 826 3137 μαρτυρήσεις.
888 3069 988 3118 Καὶ
1040 3063 1122 3118 ἐπὶ
1170 3067 1256 3118 τὸν
1308 3062 1486 3137 ἀγῶνα
1523 3063 1632 3128 ἰὼν,
1664 3069 1765 3123 τοῖς

1877 3061 2117 3132 juvenis
2169 3060 2421 3135 quidam
2477 3060 3026 3119 Thessalonicensis
3075 3061 3246 3128 civis,
3286 3067 3537 3135 aspectu

151 3150 554 3223 ἀπῃωρημίνοις
641 3155 869 3208 κάτωθεν
942 3159 1032 3207 καὶ
1133 3152 1462 3224 ἐμπεπηγόσι
1570 3152 1767 3225 ξίφεσιν

149 3238 350 3303 ἐπιθεὶς
412 3244 498 3294 τὸν
573 3248 790 3310 Λυαῖον,
866 3245 1098 3298 ἔκτεινεν.
1178 3246 1468 3298 Ἐκτείνετο
1545 3237 1604 3295 δὲ
1675 3259 1766 3313 καὶ

157 3328 337 3395 αὐτὸς,
389 3338 480 3384 τοῦ
511 3329 772 3402 βασιλέως
824 3332 1202 3407 ὑπερζέσαντος
1232 3340 1304 3402 τῷ
1337 3333 1503 3402 θυμῷ.
1557 3330 1765 3384 Ἐντεὺ-

164 3420 245 3472 θεν
308 3424 395 3472 καὶ
463 3423 757 3493 Δημήτριος
815 3421 884 3482 ὡς
936 3420 1120 3474 ἐκεῖνον
1175 3423 1360 3492 εὐχαῖς
1416 3418 1760 3485 καθοπλίσας,

155 3507 386 3578 λόγχαις
435 3511 569 3563 κατὰ
623 3509 853 3582 πλευρῶν
894 3509 1102 3584 ἁθρόαις
1133 3509 1467 3572 ἐκκεντηθεὶς,
1513 3511 1569 3560 τὸ
1613 3506 1758 3582 βιοῦν

156 3597 512 3668 μεταλλάττει.
564 3605 646 3669 Τῷ
701 3596 760 3652 δε
812 3603 1171 3671 παρακειμένῳ
1224 3599 1392 3672 ῥιφεὶς
1450 3600 1652 3671 φρέατι,
1711 3595 1756 3658 ἔς

159 3682 319 3758 δεῦρο
370 3689 461 3748 τὰς
506 3686 793 3748 ακενώτους
845 3695 944 3740 τῶν
1001 3690 1176 3760 μύρων
1231 3685 1508 3745 ἀναϐλύζει
1561 3687 1750 3757 πηγάς.

155 3777 236 3828 Τὰ
279 3778 368 3846 μὲν
418 3773 484 3834 δή
545 3786 644 3829 τῶν
697 3776 966 3848 ἐπισήμων
1032 3779 1308 3850 μαρτύρων
1357 3773 1492 3834 ἦσαν
1536 3774 1584 3828 ἐν
1639 3776 1752 3828 τού·

153 3883 278 3924 τοις·
361 3864 418 3917 τό
475 3862 534 3920 δε
576 3865 772 3928 πλῆθος
823 3874 921 3919 τῶν
976 3865 1139 3918 ἄλλων
1193 3863 1419 3935 Εὐσεϐίῳ
1478 3872 1550 3934 τῷ
1602 3871 1754 3934 Παμ-

159 3957 306 4027 φίλου
336 3961 388 4008 Μ
404 3957 687 4027 αρτύρων
748 3963 1125 4026 συναγωγῆς
1154 3951 1352 4026 βιϐλίον
1386 3953 1749 4024 συνταξαμένῳ

151 4044 314 4099 έκεῖνο
389 4047 509 4104 τοὺς
586 4042 926 4117 βουλομένους
1001 4045 1175 4104 ζητεῖν
1249 4048 1338 4094 καὶ
1413 4041 1747 4114 ἐντυγχάνειν

149 4141 411 4204 νουνεχῶς
463 4132 819 4204 ἐπιτρέπομεν,
879 4132 928 4184 ἕν
1100 4140 1194 4198 τῆς
1257 4130 1552 4206 ἀπορρήτου
1621 4138 1748 4205 Χρι-

150 4229 277 4274 στοῦ
305 4218 576 4294 δυνάμεως
605 4224 671 4275 τὰ
704 4224 898 4293 ἐμφανῆ
934 4226 1191 4295 τεκμήρια
1220 4217 1601 4274 διαδείκνυται.

1879 3149 2145 3223 pulcher,
2194 3149 2462 3208 moribus
2511 3155 2710 3206 autem
2763 3150 3067 3206 humanus
3113 3155 3167 3207 et
3215 3152 3533 3224 gratiosus,

1877 3255 1946 3296 ac
1990 3239 2237 3312 martyri
2281 3239 2568 3296 Demetrio
2609 3239 2870 3297 maxime
2909 3238 3142 3306 charus,
3183 3242 3387 3296 Nestor
3424 3257 3538 3298 no-

1873 3330 2055 3394 mine,
2106 3327 2369 3384 celeriter
2420 3328 2496 3385 ad
2548 3327 2909 3384 Demetrium
2960 3329 3158 3393 currit,
3206 3330 3283 3386 ab
3340 3345 3531 3404 eoque

1872 3418 2030 3493 petit,
2075 3423 2140 3474 ut
2168 3433 2306 3472 cum
2347 3417 2398 3472 ei
2432 3433 2568 3474 cum
2602 3416 2798 3489 pugile
2828 3416 2927 3474 illo
2959 3416 3241 3487 congredi
3285 3420 3526 3490 permit-

1871 3510 1974 3571 tat,
2017 3511 2144 3563 tum
2184 3506 2455 3563 oratione
2494 3521 2602 3561 sua
2643 3505 2826 3561 robur
2855 3507 3127 3576 viresque
3159 3513 3393 3576 augeat.
3423 3508 3533 3562 De-

1868 3595 2112 3651 metrius
2152 3595 2203 3650 ei
2249 3593 2564 3658 benedicit,
2597 3600 2673 3657 et,
2720 3594 2962 3666 Lyaeum
3010 3593 3248 3666 (inquit)
3298 3593 3526 3668 vinces,

1866 3683 2164 3759 simulque
2210 3698 2319 3757 pro
2364 3682 2592 3739 Christo
2635 3681 2990 3755 martyrium
3032 3682 3373 3740 sustinebis.
3425 3683 3524 3742 Ille

1863 3773 1926 3830 in
1972 3779 2273 3830 certamen
2323 3786 2706 3844 progressus,
2777 3771 3038 3843 Lajaeum
3089 3771 3147 3826 in
3213 3787 3524 3830 mucrones

1859 3862 1963 3936 qui
1998 3862 2057 3920 in
2102 3866 2256 3918 terra
2302 3876 2545 3918 sursum
2585 3875 2828 3918 versum
2867 3859 3046 3916 deﬁxi
3095 3859 3350 3928 fuerant,
3387 3877 3522 3934 pro-

1861 3954 2112 4009 stratum
2169 3949 2402 4008 occidit.
2466 3949 2579 4006 Sed
2638 3953 2693 4004 et
2749 3948 2879 4022 ipse
2937 3947 3092 4006 illico
3142 3948 3519 4018 imperatoris

1852 4039 2044 4109 jussu,
2085 4037 2188 4110 qui
2234 4037 2321 4095 ira
2379 4044 2584 4096 contra
2631 4052 2768 4092 eum
2823 4042 3144 4104 exarserat,
3200 4038 3514 4095 occiditur.

1857 4127 2078 4185 Deinde
2107 4142 2349 4200 quoque
2383 4125 2730 4194 Demetrius,
2772 4127 2938 4196 quod
2969 4124 3136 4182 illum
3175 4128 3515 4197 precatione

1858 4216 2296 4282 conﬁrmasset,
2323 4215 2512 4272 hastis
2541 4231 2646 4289 per
2670 4215 2857 4272 latera
2879 4214 3151 4288 pluribus
3179 4214 3515 4289 confossus,

147 4326 179 4366 e
230 4315 346 4369 vita
384 4311 640 4370 excessit
693 4327 704 4363 :
759 4317 816 4366 et
856 4311 915 4368 in
965 4311 1305 4382 proximum
1369 4310 1673 4378 coniectus
1730 4311 2001 4381 puteum,
2056 4306 2134 4364 ad
2173 4305 2334 4364 hunc
2375 4321 2569 4379 usque
2609 4304 2768 4361 diem
2822 4303 3029 4376 jugem
3072 4309 3514 4373 unguentorum

141 4398 371 4470 profert
408 4400 654 4458 fontem.
701 4399 836 4458 Haec
879 4399 954 4454 de
997 4399 1330 4456 celebribus
1371 4397 1818 4472 illustribusque
1863 4395 2246 4470 martyribus.
2286 4394 2396 4460 Qui
2449 4409 2589 4450 vero
2640 4391 3006 4464 reliquorum
3068 4391 3510 4451 multitudinem

142 4503 510 4558 cognoscere
552 4488 696 4553 vult,
747 4489 795 4545 is
835 4488 1147 4558 diligenter
1189 4487 1423 4543 Eusebii
1465 4487 1758 4558 Pamphili
1792 4485 2076 4542 volumen
2120 4483 2299 4555 legat,
2345 4481 2509 4554 quod
2553 4483 2636 4538 De
2687 4487 2839 4539 cwtu
2886 4485 3222 4550 martyrum
3266 4496 3511 4552 compo-

142 4577 285 4644 suit,
319 4578 379 4636 in
405 4594 526 4650 quo
557 4577 878 4636 ineffabilia
911 4577 1118 4636 Christi
1144 4577 1375 4634 virtutis
1406 4581 1462 4636 et
1489 4577 1798 4648 potestatis
1829 4574 2160 4633 clarissima
2185 4572 2404 4631 iudicia
2435 4577 2613 4643 atque
2643 4569 2990 4629 testimonia
3019 4568 3433 4626 ostenduntur.

746 4697 990 4749 ΚΕΦΛΛ.
1025 4695 1146 4775 Ῑς”.

2478 4688 2696 4743 CAPUT
2729 4685 2861 4742 XVI.

135 4804 288 4870 Περὶ
351 4808 466 4854 τῶν
496 4808 608 4861 τῆς
637 4799 855 4859 Ἐκκλη
876 4805 1019 4861 σίας
1047 4795 1394 4870 προέδρων,
1428 4798 1570 4870 ὅσοί
1602 4792 1741 4848 δια-

1877 4797 1935 4851 )ε
1955 4795 2360 4870 Ecclesiurum
2391 4792 2694 4862 episcopis,
2717 4791 2820 4861 qui
2843 4790 3123 4870 variis‘in
3142 4790 3284 4870 locis
3313 4789 3501 4870 cypri-

213 4855 437 4947 φὸροις
498 4872 554 4947 ἑᾼν
593 4877 817 4933 τόποις
855 4876 922 4924 τὸ
962 4855 1124 4926 κατᾶ
1183 4855 1474 4947 Χριστὸν
1515 4865 1739 4926 διήνυφ

1919 4869 2114 4947 culum
2132 4855 3056 4947 Christian-criticpercurrerant,
3073 4868 3123 4919 et
3139 4865 3198 4917 ut
3219 4875 3310 4918 res
3326 4861 3502 4918 Chriv

215 4926 326 4997 ἑταέσ
370 4942 666 5009 στάδιον,
708 4949 814 4997 καὶ
854 4949 1001 5032 περὶ.
1037 4950 1148 5004 τῆς
1187 4926 1290 4994 ἐτέὶ
1329 4946 1397 5008 τὸ
1436 4948 1735 5014 κρεῖττον

1916 4940 2114 4998 ειίαηα
2137 4938 2199 4996 in
2227 4937 2433 4996 melius
2458 4939 2532 4994 sit
2560 4926 2938 4993 commutata.

210 5025 324 5072 τῶν
362 5019 760 5092 πραγμάτων
799 5014 1155 5088 μεταϐολῆς
1192 5031 1204 5043 ’

1916 5121 2065 5177 Nam
2096 5128 2592 5188 unumquemque
2622 5128 2828 5170 eorum
2853 5109 3207 5168 nominatim
3233 5124 3495 5167 recense-

1843 5223 1927 5275 re,
1945 5222 2067 5263 non
2089 5205 2272 5263 modo
2293 5202 2529 5260 difﬁcile
2562 5201 2704 5257 mihi
2725 5216 2872 5267 esse,
2892 5202 2998 5256 sed
3029 5215 3224 5272 neque
3244 5199 3494 5256 omnino

1842 5297 1966 5356 fieri
2018 5309 2198 5367 posse
2246 5294 2493 5348 videtur.
2530 5293 2597 5349 Ut
2635 5293 2835 5348 autem
2891 5287 3217 5360 simplicius
3248 5287 3493 5362 praecla-

1840 5386 2112 5441 rissimos
2143 5398 2416 5454 quosque
2450 5379 2797 5444 referamus,
2833 5377 3060 5448 primus
3092 5375 3263 5430 veluti
3297 5376 3355 5429 in
3388 5390 3494 5447 pu-

1841 5473 2000 5532 blica.
2031 5487 2181 5526 verae
2208 5471 2442 5543 pietatis
2463 5468 2746 5528 columna
2767 5467 3096 5536 illustrique
3122 5465 3252 5520 loco
3277 5479 3492 5538 propo-

1841 5566 2042 5630 natur,
2085 5559 2446 5619 Nicomedia:
2508 5558 2828 5633 episcopus
2887 5554 3222 5622 Anthimus,
3278 5554 3488 5628 capitis

208 5122 365 5174 Ἀλλὰ
425 5126 484 5174 τὸ
544 5125 631 5194 μὲν
690 5122 904 5174 ἕκαστον
961 5124 1092 5195 πρὸς
1139 5123 1298 5192 ὄνομα
1343 5122 1516 5191 μνείαν
1572 5124 1734 5172 ποιεῖ-

140 5212 264 5265 σθαι
325 5211 384 5264 οὐ
450 5215 601 5283 μόνον
650 5220 748 5264 τῶν
802 5208 1081 5282 δυσχερῶν
1138 5208 1270 5281 ἐμοὶ,
1322 5207 1451 5263 ἀλλὰ
1499 5211 1585 5261 καὶ
1635 5216 1733 5261 τῶν

134 5301 251 5352 λίαν
300 5298 570 5353 ἀδυνάτων
600 5301 938 5371 λελόγισται·
975 5303 1036 5359 ὡς
1084 5299 1143 5349 ἂν
1177 5295 1234 5350 δὲ
1279 5300 1426 5368 τύπῳ
1467 5299 1584 5358 τοὺς
1613 5298 1733 5350 ἑπι-

139 5394 346 5462 σήμους
405 5387 690 5453 διαλαϐεῖν,
745 5397 944 5462 πρῶτος
1011 5391 1079 5448 ὡς
1139 5387 1185 5440 ἐν
1251 5386 1413 5456 στήλῃ
1474 5384 1733 5446 εὐσεϐείας

137 5479 530 5552 ἀναγορευέσθω
580 5481 604 5529 ὁ
655 5487 746 5538 τῆς
816 5475 1154 5550 Νικομήδους
1208 5480 1484 5534 ἐπίσκοπος
1559 5473 1733 5528 ’Ἀνθι-

134 5587 232 5641 μος
279 5571 371 5624 τὴν
415 5566 634 5639 κεφαλὴν
687 5566 968 5639 ἐκτμηθείς.
1022 5562 1124 5617 Εἶτ’
1173 5563 1271 5615 ἀπὸ
1317 5573 1407 5625 τῆς
1449 5564 1731 5634 Ἀντιόχου
