4028 6294
175 343 314 400 1241

786 471 1031 525 ΚΕΦΑΛ.
1073 470 1170 526 ΙΖ’.

174 559 280 639 Ὠς
316 580 341 630 6
380 580 488 648 μὲν
530 576 996 653 Διοκλητιανόνς
1033 577 1323 653 γαμϐρόν
1360 583 1467 651 μὶν
1505 581 1781 653 Μαξιμῖ.

251 668 349 722 νον
388 649 893 722 τόνῗΓαλλέριον
936 649 1132 721 ἔσχε(
1183 649 1613 722 Μαξιήμιανός,
1644 649 1714 705 δὲ
1752 655 1778 705 6

251 720 650 796 :proiilho;
691 720 1084 796 Κώνσταντα
1142 725 1248 773 τὸν
1305 720 1555 796 Χλωρόν
1595 721 1777 796 βασι-

253 792 435 844 λικοῦ
473 798 912 868 καταγόμενον
952 795 1368 868 αἱματοςλὼς
1400 792 1508 847 καὶ
1567 792 1777 868 πατήρ

254 871 368 915 τοῦ
404 864 684 936 μεγάλου
727 869 1222 917 Κωνσταντίνου
1257 864 1527 936 ἐγένετο.

1807 477 1854 532 Α

255 970 619 1032 Διοκλητιανός
676 975 870 1023 εἴκοσιν
930 974 1017 1030 ἔτη
1068 975 1134 1024 τὰ
1184 974 1352 1026 πάντα
1404 976 1776 1046 ἡγεμονεύσας,

177 1068 255 1130 τῷ
319 1061 546 1132 τετάρτῳ
599 1067 695 1120 τῆς
751 1059 927 1132 ἀρχῆς
975 1063 1096 1126 ἔτει,
1151 1061 1481 1133 Μαξιμιανὸν
1535 1065 1623 1115 τόν
1672 1063 1782 1135 Ἐρ-

177 1148 416 1200 κούλλιον
471 1147 870 1221 συμϐασιλεύειν
923 1151 1163 1222 αἱρεῖται.
1204 1154 1410 1203 Τούτων
1450 1153 1476 1203 6
1525 1155 1614 1224 μὲν
1670 1159 1781 1204 Διο-

179 1237 479 1302 κλητιανός,
538 1236 777 1311 γαμϐρὸν
857 1237 942 1290 ἐπὶ
1007 1240 1228 1312 θυγατρὶ
1296 1239 1564 1312 Γαλλερὶᾳ,
1617 1241 1783 1302 Μαξι-

178 1333 330 1398 μῖνον
397 1328 450 1388 ὃς
506 1331 597 1378 καὶ
642 1326 912 1401 Γαλλέριος
970 1326 1250 1396 ἐπεκλήθη,
1287 1327 1536 1400 λαμϐάνει
1577 1343 1589 1356 ⁸
1656 1330 1682 1381 ὁ
1731 1326 1781 1381 δ’

179 1413 250 1469 αὖ
290 1415 618 1488 Μαξιμιανὸς
658 1417 683 1468 6
730 1415 1048 1489 Ἐρκούλλιος
1103 1416 1188 1469 ἐπὶ
1245 1415 1497 1490 Θεοδὼρᾳ
1551 1426 1613 1490 τῇ
1667 1415 1784 1489 ἰδία

183 1507 408 1580 θυγατρὶ
467 1511 781 1558 Κώνσταντα
827 1508 1004 1577 ἔσχεν,
1122 1509 1450 1580 Πανύπερτος
1497 1511 1587 1558 καὶ
1640 1505 1783 1560 Χλω-

177 1598 274 1668 ρὸς
323 1593 595 1656 ἐπίκλησις
645 1595 728 1658 ήν,
760 1600 854 1652 τήν
905 1594 1052 1656 ἀξίαν
1099 1603 1390 1653 τηνικαῦτα
1434 1601 1526 1654 τήν
1579 1595 1785 1669 τριϐού-

180 1704 272 1736 νου
306 1681 571 1737 διέποντα.
608 1683 847 1754 Ἀνεψίὸς
878 1681 936 1736 δὲ
981 1681 1250 1737 Κλαυδίου
1281 1686 1306 1736 ὁ
1355 1691 1601 1746 Κώνστας
1637 1684 1784 1754 ἐτύγ-

182 1792 344 1845 χανεν
377 1773 463 1838 ὢν,
504 1780 597 1825 τοῦ
650 1776 749 1844 πρὸ
792 1772 1116 1847 Αύρηλιανοῡ
1171 1778 1260 1825 καὶ
1292 1774 1658 1831 Διοκλητιανοὺ
1690 1771 1784 1847 βα-

185 1861 536 1921 σιλεύσαντος.
615 1858 827 1914 Εἰδέναι
889 1866 1061 1934 μέντοι
1110 1867 1302 1936 χρεὼν,
1371 1865 1434 1922 ὡς
1489 1867 1578 1914 καὶ
1630 1863 1783 1934 ἄμφω

181 1953 416 2022 γαμετὰς
459 1952 667 2020 ἔχοντες
716 1958 778 2022 τῇ
828 1954 959 2022 πρὸς
987 1955 1100 2011 νούς
1154 1949 1384 2011 ϐασιλεῖς
1423 1959 1619 2025 στοργῇ
1653 1954 1785 2004 ταύ-

182 2058 276 2098 τας
322 2038 591 2091 ἀπέλιπον.
640 2046 714 2111 Τῇ
770 2035 829 2092 δὲ
884 2036 1136 2113 Θεοδώρᾳ
1191 2040 1473 2102 Μαξέντιος
1523 2037 1584 2098 ἦν
1630 2037 1784 2092 ἀδελ-

183 2131 298 2201 φὸς,
359 2130 384 2179 6
424 2130 558 2179 κατά
614 2133 709 2186 τήν
764 2127 1015 2181 Φουλϐίαν
1067 2133 1310 2202 γέφυραν,
1369 2132 1433 2188 ὼς
1487 2129 1606 2192 ἑξῆς
1643 2128 1784 2200 ἐροῦ-

183 2237 296 2291 μεν,
331 2214 657 2291 διαφθαρείς.
689 2217 778 2279 Ἐξ
834 2219 896 2280 ἧς
950 2214 1224 2291 Θεοδὼρας
1252 2214 1348 2270 δύο
1388 2221 1543 2290 ἔσχεν
1574 2219 1599 2270 6
1646 2224 1782 2270 Κώνο

188 2327 318 2368 στας
355 2309 501 2367 υἱούς
544 2322 556 2334 ’
603 2305 982 2373 Κωνστάντὶον,
1016 2306 1070 2367 ὃς
1125 2307 1407 2360 Ἰουλιανοῦ
1442 2315 1535 2359 τοῦ
1584 2303 1786 2359 δυσσε-

185 2394 304 2456 ϐοῦς
342 2400 431 2446 καὶ
485 2393 679 2447 Γάλλου
729 2400 903 2466 πατὴρ
935 2393 996 2453 ἧν
1024 2412 1040 2429 ο
1086 2401 1175 2447 καὶ
1207 2395 1535 2449 Ἀναϐαλῐνον
1574 2399 1660 2448 τὸν
1699 2401 1786 2446 καὶ

188 2485 498 2556 Δαλμάτιον,
546 2488 748 2556 πατέρα
784 2483 1079 2556 Δαλματίου
1127 2493 1220 2537 τοῦ
1249 2489 1362 2537 νέου
1404 2500 1416 2511 ’
1482 2490 1572 2536 καὶ
1630 2486 1784 2555 θυγα-

187 2578 312 2648 τέρα
361 2578 740 2638 Κωνσταντίαν,
799 2573 861 2630 ἢν
908 2579 1142 2635 Λικίνιος
1197 2576 1372 2645 ἔγημε,
1432 2580 1635 2645 Καῖσαρ
1695 2574 1788 2624 ὗσ-

187 2681 332 2734 τερον
428 2660 807 2737 ἀναγορευθείς.
887 2661 1156 2734 Γαλλέριος
1235 2659 1294 2714 δε
1371 2663 1679 2734 Μαξιμῐνος,
1761 2664 1786 2713 6

191 2751 560 2809 Διοκλητιανοῦ
605 2750 862 2824 γαμϐρός,
912 2756 1000 2802 καὶ
1059 2751 1216 2812 αὐτὸς
1254 2747 1351 2803 δύο
1404 2755 1559 2822 ἔσχεν
1597 2754 1742 2811 υἱούς
1771 2767 1784 2780 ·

191 2840 481 2912 Μαξιμῖνον
531 2843 620 2893 τὸν
664 2843 800 2892 κατά
836 2844 930 2897 τήν
974 2841 1060 2908 ἔω,
1094 2839 1165 2911 ἐφ’
1200 2836 1259 2892 οὗ
1300 2841 1388 2892 καὶ
1433 2843 1480 2892 οὶ
1517 2843 1644 2914 πρὸς
1690 2859 1788 2891 πα-

195 2933 311 3004 τρὸς
367 2937 440 3000 τῷ
491 2929 696 3000 μεγάλῳ
759 2929 1014 3000 Βασιλείῳ
1065 2934 1283 3002 πατέρες
1336 2926 1429 2981 διὰ
1483 2932 1568 2980 τὸν
1626 2928 1787 2980 αὐτοῦ

196 3015 426 3091 διωγμόν
490 3018 538 3070 ἐν
597 3016 808 3078 ἀϐάτοις
866 3014 1125 3089 διέτριϐον
1177 3022 1316 3093 ὄρεσι
1353 3033 1364 3046 ·
1423 3023 1511 3070 καὶ
1569 3025 1786 3091 Σευῆρον

193 3111 362 3183 ἕτερον
418 3109 554 3159 κατά
604 3111 698 3166 τήν
754 3107 953 3179 Ῥώμην
1029 3111 1271 3181 Καίσαρα
1337 3105 1785 3178 ἀναγορευθέντα·

190 3197 251 3251 οὗ
297 3196 722 3262 τελευτήσαντος,
780 3200 992 3268 Λικινίῳ
1044 3198 1131 3248 τόν
1188 3195 1379 3248 ἑκείνου
1462 3198 1615 3248 τόπον
1666 3197 1790 3248 Ῥω·-
1825 3173 1865 3229 C

188 3293 341 3360 μαίοι
383 3286 680 3356 ἀπένειμαν,
735 3285 1080 3359 χαριζόμενοι
1140 3290 1512 3357 Κωνσταντίνῳ
1568 3282 1640 3357 τῷ
1695 3295 1790 3348 τῆς

188 3383 422 3448 γαμετῆς
471 3373 698 3447 ἀδελφῷ,
768 3383 1057 3433 τηνικαῦτα
1125 3376 1176 3426 ἐν
1231 3375 1468 3437 Γαλλίαις
1533 3380 1622 3428 καὶ
1672 3382 1790 3446 Bp:-

191 3469 393 3525 τανίαις
442 3461 509 3522 δή
565 3462 916 3536 βασιλεύοντι.
969 3463 1028 3516 Ὁ
1083 3461 1141 3515 δὲ
1188 3464 1446 3536 εἰρημένος
1489 3466 1788 3526 Κώνσταςό

189 3554 406 3624 Χλωρὸς
463 3559 552 3606 καὶ
597 3554 764 3627 ἕτερον
811 3550 984 3606 παῖδα
1032 3553 1085 3604 ἐκ
1141 3560 1234 3614 τῆς
1283 3558 1542 3627 μακαρίας
1588 3552 1792 3615 Ἑλένης

190 3646 280 3695 τὸν
323 3649 706 3696 Κωνσταντῖνον
749 3649 899 3715 γεννᾲ
925 3662 938 3675 ·
1072 3646 1156 3694 καὶ
1206 3647 1263 3694 τὸ
1321 3645 1512 3714 κράτος
1558 3649 1649 3702 τῆς
1693 3642 1789 3715 ἀρ-

192 3740 307 3805 χῆς
365 3740 615 3804 παρῆκεν,
664 3735 731 3794 ὡς
793 3734 859 3784 τὰ
911 3739 1242 3805 Χριστιανῶν
1313 3731 1483 3792 καλῶς
1551 3731 1787 3802 ἑλομένῳ,

190 3822 570 3896 παρωσάμενος
621 3825 738 3882 τοὺς
790 3820 844 3873 ἔκ
899 3829 1000 3873 τῶν
1050 3825 1281 3892 γνησίων
1342 3821 1649 3892 σπερμάτων
1700 3828 1790 3882 τῆς

189 3907 469 3983 Θεοδὼρας
508 3914 877 3981 γεγενημένους
921 3909 1079 3979 αύτῷ.
1134 3908 1199 3961 Ὀ
1228 3927 1288 3980 γε
1337 3913 1435 3980 μήν
1462 3912 1651 3980 τρόπος
1698 3915 1792 3971 τῆς

187 4006 282 4050 τοῦ
309 3997 537 4070 μεγάλου
572 4002 962 4051 Κωνσταντίνου
1003 4002 1289 4069 γεννήσεως
1317 3994 1462 4057 οὗτος
1493 3994 1576 4055 ἦν.

779 4109 1023 4159 ΚΕΦΑΛ.
1071 4102 1180 4160 m’.
1489 4088 1494 4095 ’

191 4207 348 4275 Περὶ
389 4210 504 4263 τῆς
583 4207 904 4264 εννήσεως
941 4206 1051 4254 καὶ
1091 4199 1502 4262 διαίτηςκαὶ
1533 4199 1794 4272 ἀγωγῆς

227 4281 338 4325 τού
370 4223 648 4325 μεγάλου
677 4275 1128 4325 Κωνσταντίου
1158 4278 1270 4325 καὶ
1303 4272 1768 4325 ίσαποστόλου.

227 4272 338 4325 “ron
367 4272 648 4346 μεγάλου
677 4275 1128 4327 Κωνσταντίου
1158 4278 1270 4325 καὶ
1303 4272 1768 4326 ίσαποστόλου.

267 4379 377 4424 Τῶν
426 4373 702 4446 εἰρημένων
760 4374 1017 4444 τυράννων
1073 4376 1168 4429 τήν
1220 4373 1355 4423 κατά
1399 4376 1640 4441 Χριστοῦ
1697 4390 1792 4442 μα-

187 4465 304 4512 νίαν
353 4456 620 4512 ἄσπονδον
666 4457 1118 4531 ἐπιδεδειγμένων,
1183 4459 1334 4520 εὐθὺς
1389 4463 1478 4516 τήν
1529 4457 1792 4530 Ῥωμαίων

1211 343 1772 403 ECCLESIASTICE
1814 344 2174 404 HISTORIE
2213 348 2346 406 LIB.
2393 349 2508 406 Vll.

3398 349 3538 406 1242

2503 477 2726 533 CAPUT
2761 474 2920 532 XVII.

1894 583 1965 638 Ut
1981 583 2378 639 Diocletianus
2389 598 2661 653 generum
2677 583 2790 638 sibi
2797 583 2854 637 M
2861 581 3178 638 aximinum
3195 582 3534 646 Gatterium,

1955 655 2361 710 Maximianus
2393 656 2712 710 Herculius
2731 661 2928 710 autem
2962 654 3341 710 Constantem
3369 655 3539 711 Chlo—

1959 742 2091 798 rum
2117 726 2491 794 imperatorii
2499 726 2810 798 sanguinis
2825 741 3106 798 generum
3121 727 3423 796 delegerit,
3437 727 3542 798 qui

1960 797 2246 854 Constans
2273 804 2448 867 pater
2479 798 2686 868 magni
2714 797 3086 853 Constantini
3111 798 3250 866 fuit.

1960 973 2359 1030 Diocletianus
2386 974 2516 1046 ipse
2560 975 2765 1045 viginti
2807 974 3048 1030 duobus
3079 976 3327 1031 omnino
3368 975 3542 1031 annis

1888 1065 2209 1136 imperium
2247 1064 2477 1120 tenuit:
2538 1070 2595 1120 et
2639 1069 2854 1137 quarto
2906 1066 3138 1137 imperii
3193 1066 3283 1120 sui
3357 1080 3540 1129 anno,

1891 1169 2027 1208 cum
2067 1169 2244 1224 aaqua
2267 1156 2578 1225 potestate,
2610 1153 3035 1210 Maximianum
3067 1153 3402 1208 Herculium
3430 1154 3543 1208 sibi

1892 1243 2115 1298 ascivit.
2151 1245 2370 1297 Horum
2423 1241 2818 1297 Diocletianus
2848 1258 3136 1312 generum
3164 1242 3276 1297 sibi
3320 1241 3382 1297 in
3420 1242 3544 1298 ﬁlia

1890 1331 2145 1387 Galleria
2185 1332 2326 1401 legit
2355 1332 2740 1386 Maximinum
2776 1331 2873 1403 (l),
2914 1332 3016 1404 qui
3047 1330 3225 1386 etiam
3261 1330 3545 1388 Gallerius

1891 1433 1978 1476 est
2017 1419 2475 1492 cognominatus
2508 1437 2522 1486 ;
2567 1420 2961 1476 Maximianus
3009 1420 3310 1474 Herculius
3343 1425 3542 1474 autem

1890 1509 2264 1566 Theodoram
2308 1508 2645 1580 privignam
2703 1509 3006 1564 Constanti
3057 1507 3156 1581 ('2),
3217 1507 3310 1563 cui
3364 1508 3540 1562 etiam

1890 1599 2118 1654 Proceri
2144 1603 2199 1653 et
2229 1596 2420 1653 Chlori
2452 1613 2788 1667 cognomen
2821 1598 2948 1662 fuit,
2979 1597 3224 1662 Claudii,
3256 1597 3358 1668 qui
3385 1601 3544 1659 ante,

1889 1687 2276 1742 Aurelianum
2325 1687 2660 1758 imperavit,
2710 1687 2958 1743 amitino
3019 1686 3120 1757 (3),
3175 1683 3542 1740 tribunitiam

1891 1783 2018 1833 tum
2055 1777 2341 1833 obtinenti
2383 1776 2755 1846 dignitatem,
2801 1777 2859 1830 in
2901 1774 3346 1831 matrimonium
3388 1774 3544 1828 loca-

1892 1867 1994 1922 vit.
2038 1868 2242 1921 Generi
2291 1881 2469 1938 porro
2506 1866 2598 1921 isti
2641 1866 2824 1921 ambo
2878 1881 3092 1920 uxores
3137 1870 3315 1919 antea
3364 1863 3545 1918 habe-

1890 1955 2056 2021 bant,
2104 1955 2212 2010 sed
2253 1971 2356 2012 eas
2396 1955 2456 2010 in
2505 1956 2932 2027 imperatorum
2977 1954 3233 2022 gratiam
3267 1951 3545 2023 repudia—

1890 2050 2048 2101 runt.
2076 2045 2398 2100 Theodoraa
2432 2060 2612 2117 porro
2653 2044 2830 2099 frater
2859 2049 2984 2098 erat
3027 2042 3376 2106 Maxentius,
3417 2057 3542 2112 qui,

1894 2134 2065 2188 sicuti
2097 2135 2380 2204 deinceps
2433 2134 2723 2199 dicemus,
2755 2133 2813 2188 in
2858 2132 3051 2187 Milvio
3085 2139 3264 2203 ponte
3308 2130 3545 2186 interiit.

1894 2224 1974 2277 Ex
2018 2238 2090 2278 ea
2143 2221 2436 2278 Constans
2483 2223 2637 2277 duos
2685 2220 2949 2292 suscepit
2995 2221 3149 2276 ﬁlios
3199 2236 3211 2274 :
3260 2222 3546 2276 Constan-

1893 2311 2063 2376 tium,
2096 2312 2202 2383 qui
2241 2311 2408 2382 impii
2452 2310 2666 2366 Juliani
2710 2316 2765 2366 et
2795 2310 2939 2366 Galli
2988 2315 3156 2381 pater
3182 2309 3309 2378 fuit,
3341 2314 3395 2364 et
3434 2316 3547 2362 An-

1894 2400 2251 2468 nibalinum,
2290 2401 2394 2472 qui
2441 2400 2768 2456 Dalmatius
2805 2414 3050 2470 quoque
3081 2398 3272 2454 dictus
3309 2404 3416 2461 est,
3445 2397 3544 2468 ju-

1894 2490 2077 2544 nioris
2130 2489 2401 2545 Dalmatii
2445 2495 2674 2561 patrem
2721 2509 2734 2548 :
2789 2493 2847 2544 et
2887 2488 3072 2544 ﬁliam
3117 2487 3546 2553 Constantiam,

1894 2595 2030 2650 quia
2082 2579 2321 2643 Licinio,
2373 2585 2580 2649 postea
2636 2579 2850 2635 Caesari
2896 2579 3256 2641 renuntiato,
3311 2576 3540 2646 nupsit.

1895 2667 2180 2724 Gallerius
2261 2668 2634 2732 Maximinus,
2706 2666 3048 2721 Diocletiani
3118 2681 3318 2734 gener,
3391 2664 3546 2718 duos

1893 2771 2137 2827 quoque
2176 2755 2386 2810 habuit
2422 2755 2575 2809 ﬁlios
2608 2777 2620 2809 :
2655 2755 3062 2817 Maximinum,
3112 2754 3215 2825 qui
3255 2751 3546 2809 Orientale

1897 2846 2084 2901 tenuit
2129 2845 2467 2916 imperium,
2501 2845 2614 2900 sub
2665 2860 2786 2916 quo
2834 2843 3033 2898 Basilii
3082 2845 3286 2912 magni
3318 2841 3546 2913 paterni

1894 2939 2193 3005 parentes,
2251 2939 2493 3005 propter
2549 2933 2680 3004 ejus
2733 2932 3125 2987 saevissimam
3183 2931 3549 3002 persecutio-

1894 3039 2055 3091 nem,
2101 3022 2277 3096 463
2334 3024 2394 3078 in
2429 3023 2676 3078 desertis
2724 3026 2782 3077 et
2826 3022 3145 3076 inaccessis
3201 3020 3553 3075 habitarunt

1897 3112 2202 3167 montibus
2231 3130 2243 3167 :
2278 3119 2333 3168 et
2364 3113 2668 3178 Severum,
2710 3113 2910 3166 Romae
2957 3110 3250 3165 Caesarem
3285 3109 3551 3164 declara-

1897 3206 2025 3258 tum
2059 3219 2072 3256 :
2105 3202 2278 3272 cujus
2317 3201 2378 3256 in
2416 3201 2616 3257 locum
2648 3200 2864 3255 deinde
2896 3199 3145 3255 Romani
3189 3197 3552 3254 suffecerunt

1900 3291 2208 3356 Licinium,
2269 3291 2670 3362 Constantino.
2699 3289 3030 3358 gratiﬁcati,
3073 3287 3348 3359 conjugis
3393 3285 3551 3342 illius

1898 3381 2082 3447 fratri,
2109 3380 2212 3452 qui
2235 3386 2360 3435 tum
2389 3380 2449 3434 in
2480 3379 2680 3434 Galliis
2705 3385 2762 3434 et
2783 3378 3082 3434 Britannia
3121 3394 3256 3432 cum
3299 3375 3550 3447 imperio

1899 3470 2028 3525 fuit.
2081 3471 2371 3524 Constans
2429 3471 2592 3523 enim
2659 3467 2906 3523 Chlorus
2952 3467 3137 3522 alium
3184 3481 3426 3538 quoque
3479 3482 3550 3522 ex

1898 3559 2076 3614 beata
2124 3557 2338 3613 Helena
2384 3556 2617 3612 sustulit
2666 3556 2853 3611 tilium
2911 3556 3410 3611 Constantinum:
3457 3555 3550 3609 cui

1899 3649 2076 3704 etiam
2104 3647 2445 3717 imperium,
2491 3645 2655 3717 quod
2685 3646 3082 3700 Christianam
3123 3645 3227 3699 rite
3259 3644 3553 3716 suscepis-

1901 3742 1987 3791 set
2033 3736 2234 3800 tideui,
2303 3735 2556 3807 reliquit,
2617 3735 2888 3808 reliquis,
2937 3750 3090 3806 quos
3140 3734 3191 3788 ei
3244 3733 3552 3788 Theodora

1901 3827 2122 3897 genuit,
2152 3824 2429 3894 legitimis
2470 3824 2604 3879 ﬁliis
2630 3825 2896 3896 (propter
2929 3822 3263 3894 segnitiem)
3313 3822 3551 3878 abdica-

1903 3917 1992 3972 tis.
2027 3914 2399 3972 Constantini
2431 3915 2560 3986 ejus
2587 3922 2752 3970 ortus
2785 3915 2868 3968 sic
2899 3912 3098 3969 habet.

2506 4093 2727 4148 CAPUT
2766 4092 2948 4148 XVIII.

1903 4194 1987 4248 De
2018 4193 2351 4256 nativitate,
2397 4192 2743 4247 educatione
2767 4198 2820 4246 et
2856 4189 3228 4244 institutione
3256 4189 3462 4259 magni
3499 4195 3552 4245 et

2209 4264 2453 4336 aequatis
2492 4263 2777 4333 apostolis
2813 4261 3238 4317 Constanstini.

1970 4362 2252 4434 Tyranni,
2298 4377 2452 4433 quos
2496 4361 2783 4425 diximus,
2830 4376 2968 4415 cum
3001 4358 3549 4414 irreconciliabilem

1901 4467 2150 4523 prorsus
2178 4451 2439 4507 furorem
2469 4450 2524 4504 in
2566 4449 2866 4504 Christum
2895 4465 3071 4503 suum
3095 4449 3236 4503 satis
3261 4447 3554 4502 ostendis-

187 4557 288 4620 γῆν
317 4545 654 4600 παντοδαπαί
699 4569 832 4609 τινες
881 4550 1035 4622 ὀργαὶ
1096 4547 1335 4605 θεήλατοι
1391 4544 1732 4618 διελάμϐανον
1770 4563 1782 4574 ·

1904 4547 2055 4608 sent,
2109 4541 2394 4596 continuo
2441 4539 2618 4594 varice
2668 4554 2998 4609 gravesque
3039 4537 3244 4590 divina
3285 4536 3550 4590 vindicta

189 4643 390 4711 Πέρσαι
420 4643 507 4690 καὶ
549 4640 768 4712 Πάρθοι,
819 4641 948 4710 πρὸς
980 4635 1039 4690 δε
1084 4641 1174 4689 καὶ
1224 4639 1490 4710 Σαρμάται
1534 4643 1622 4688 καὶ
1665 4636 1794 4688 ἄλλα

186 4731 453 4802 πρόσοικα
513 4729 630 4784 ἔθνη
685 4729 786 4779 ύπὸ
841 4726 1129 4798 Ούαράχου
1197 4727 1644 4799 στρατηγούμενα,
1703 4729 1791 4782 τήν

185 4817 453 4888 Ῥωμαίων
507 4816 874 4876 κατεληῖζοντο
916 4835 930 4848 ο
989 4815 1042 4867 ὃν
1118 4816 1353 4890 εἰρηναῖα
1426 4820 1624 4887 φρονεῖν
1703 4824 1789 4870 καὶ

186 4902 523 4959 ὑπόσπονδον
599 4913 928 4962 καταστῆναι
1004 4906 1054 4956 οἱ
1146 4900 1398 4961 τηνικάδε
1489 4910 1792 4976 κρατοῦντες

188 4993 514 5068 βουλόμενοι,
590 4994 644 5045 ἐκ

188 5087 434 5155 ἔπεμπον,
496 5087 829 5142 καταστῆσαί
897 5101 952 5134 τε
1005 5087 1099 5140 τήν
1157 5082 1386 5153 εἰρήνην,
1451 5085 1541 5132 καὶ
1601 5077 1792 5148 δώροις

729 4993 930 5065 Ῥώμης
1010 4991 1240 5066 πρέσϐυν
1309 4995 1394 5044 τόν
1480 4998 1793 5044 Κώνσταντα

189 5172 401 5234 ὡςξένὸν
433 5172 657 5232 ἐτησίοις
699 5175 758 5224 τὸ
808 5169 1076 5244 βάρϐαρον
1124 5171 1376 5222 ὑπελθεῖν.
1423 5168 1564 5221 Ἐπεὶ
1596 5165 1655 5221 δὲ
1700 5174 1792 5226 τήν

190 5261 412 5336 ἑσπέραν
458 5258 676 5314 διελθὼν
725 5264 851 5333 πρὸς
881 5265 978 5322 τὴς
1016 5261 1080 5312 ἕω
1125 5258 1334 5334 ἐχώρει,
1375 5263 1464 5310 καὶ
1516 5262 1635 5331 περὶ
1681 5261 1788 5324 τόν,

191 5351 244 5412 ὃς
295 5350 532 5404 καλεῖται
579 5354 834 5424 Δρέπανον
883 5355 1061 5415 τόπος,
1113 5347 1370 5418 ἐπήγνυτο
1413 5351 1505 5405 τήν
1549 5350 1746 5404 σκηνήν
1776 5364 1788 5376 ·

188 5446 304 5514 περὶ
358 5436 417 5492 δὲ
481 5443 568 5492 τὸν
611 5438 798 5492 κόλπον
850 5447 946 5500 τῆς
991 5433 1353 5510 Νικεμηδείας
1400 5440 1456 5488 τό
1510 5441 1786 5510 Δρέπανον,

263 5566 344 5710 fit

383 5565 660 5622 Nonnulli
676 5565 1110 5622 Maximianum
1142 5569 1380 5620 vocant.

385 5640 770 5696 Constantem
799 5637 898 5694 alii
934 5635 1349 5696 Constantium
1381 5637 1618 5695 vocant.

1901 4631 2096 4702 plagae
2125 4629 2438 4699 imperium
2460 4631 2794 4683 Romanum
2808 4627 3151 4682 obruerunt.
3175 4628 3317 4679 Nam
3345 4625 3552 4688 Persae,

1901 4719 2115 4785 Parthi,
2147 4720 2432 4773 Sarmatas
2470 4731 2733 4788 quoque,
2765 4722 2821 4770 et
2863 4715 3129 4787 plerique
3172 4714 3272 4769 alii
3317 4712 3552 4766 finitimi

1899 4809 2127 4881 populi,
2159 4807 2432 4862 Varacho
2475 4807 2648 4870 duce,
2679 4808 3010 4861 Romanam
3043 4803 3329 4857 ditionem
3364 4809 3555 4856 vasta-

1901 4903 2057 4954 runt.
2090 4897 2177 4952 Ad
2203 4913 2385 4967 quem
2424 4912 2530 4967 per
2568 4895 2791 4950 fmdera
2833 4903 3004 4963 pacta
3034 4891 3422 4963 placandum,
3450 4892 3550 4960 qui

1902 4993 2028 5042 tum
2073 5002 2269 5042 rerum
2302 4987 2678 5057 potiebantur
2719 4984 3126 5054 imperatores,
3169 4979 3553 5035 Constantem

1902 5080 2092 5133 Roma
2144 5075 2407 5144 legatum
2459 5074 2692 5137 misere,
2748 5078 2811 5126 ut
2858 5087 2993 5126 cum
3044 5085 3256 5139 pacem
3301 5084 3438 5123 cum
3483 5083 3554 5121 eo

1903 5169 2310 5236 componeret,
2356 5168 2482 5218 tum
2526 5177 2732 5217 annua
2774 5160 2827 5215 ei
2857 5159 3040 5223 dona,
3087 5157 3416 5212 redimendi
3450 5157 3556 5209 sci-

1901 5255 2036 5311 licet
2101 5254 2235 5309 belli
2289 5252 2496 5322 gratia,
2557 5249 2950 5321 polliceretur.
3000 5249 3051 5300 ls
3111 5246 3188 5300 ab
3243 5244 3555 5300 Occidente

1903 5344 2199 5400 Orientem
2249 5358 2457 5397 versus
2501 5340 2816 5408 navigans,
2847 5338 2922 5392 ad
2954 5335 3151 5391 locum
3191 5335 3295 5405 qui
3329 5333 3553 5402 Drepa-

1901 5451 2048 5490 num
2094 5435 2170 5504 (4)
2214 5432 2450 5499 dicitur,
2493 5429 2772 5502 applicat.
2824 5429 3010 5483 Situm
3052 5431 3254 5481 autem
3298 5432 3385 5480 est
3423 5427 3557 5479 Dre-

1971 5558 2053 5634 (3)
2085 5558 2194 5634 Per
2226 5557 2410 5634 filiam
2441 5553 2662 5625 nepoti.
2699 5549 2990 5634 (Eutrop.)

1971 5628 2050 5702 (4)
2080 5629 2168 5685 Ab
2198 5628 2328 5684 aliis
2356 5629 2642 5701 Drepana
2673 5628 3036 5687 nominatur,
