4028 6294
594 299 736 361 {243

1903 301 2291 360 NICEPHORI
2329 301 2644 360 CALLISTI

3727 305 3818 363 ΒΗ

592 447 821 504 panum
864 431 940 487 ad
972 431 1326 488 Nicomediae
1353 431 1570 497 sinum,
1607 431 1663 486 in
1703 430 1889 486 altum
1925 445 2090 486 mare
2119 429 2217 484 lon

2325 431 2578 500 imm-)0
2639 438 2733 490 τῆς
2797 425 3071 485 θαλάσσης
3129 429 3354 499 προῆκον
3421 419 3466 484 ἔς
3515 425 3562 476 τὸ
3605 425 3813 489 ὀξύτατον

593 521 726 590 gius
762 521 1130 592 prominens.
1175 521 1259 577 lbi
1305 521 1605 578 Constanti
1636 519 2001 576 desiderium
2035 532 2250 573 concu-

593 610 750 664 bitus
811 610 1072 664 incessit.
1128 611 1299 674 Quod
1349 610 1452 664 ubi
1500 610 1781 678 cognovit
1824 609 2046 678 hospes
2095 606 2244 678 ejus,

591 698 1037 767 magniﬁcentia
1061 704 1115 755 et
1136 699 1452 771 splendore
1483 699 1740 755 cohortis
1772 699 1899 769 ejus
1928 698 2090 768 regio
2122 712 2249 768 per~

590 793 811 852 motus,
837 788 1020 843 tiliam
1043 789 1093 842 ei
1121 805 1294 843 suam
1327 789 1426 860 (1),
1446 794 1694 844 venusta
1725 787 1917 843 forma
1940 786 2246 858 aetatisque

590 876 734 932 ﬂore
772 877 900 947 jam
941 876 1207 934 nubilem
1243 877 1531 947 puellam,
1559 877 1852 932 conciliat.
1889 875 1988 931 Ille
2012 891 2147 932 cum
2177 891 2247 930 ea

587 981 715 1019 rem
754 965 956 1031 habet,
1006 965 1481 1040 concubitusque
1533 965 1871 1022 mercedem
1913 965 2157 1039 peplum
2193 965 2244 1023 ei

588 1053 769 1127 464
792 1070 1058 1126 purpura
1089 1054 1381 1110 intextum
1409 1055 1614 1113 donat.
1638 1055 1818 1110 Nocte
1841 1070 1911 1109 ea
1933 1055 2241 1110 Constanti

586 1144 839 1198 miriﬁca
870 1143 1017 1198 visio
1043 1150 1130 1199 est
1149 1143 1374 1208 oblata,
1397 1160 1533 1215 quas
1575 1160 1712 1201 eum
1735 1144 1942 1199 timore
1975 1143 2239 1214 quodam

587 1231 858 1304 perculit.
895 1235 1268 1306 Quapropter
1307 1238 1362 1288 et
1392 1232 1602 1305 puellm
1640 1238 1868 1304 patrem
1903 1239 1988 1287 est
2028 1232 2241 1287 cohor-

587 1325 764 1385 tatus,
798 1326 863 1375 ut
902 1322 1108 1385 tiliam,
1150 1339 1283 1395 quas
1312 1323 1540 1392 insigne
1580 1321 1888 1394 quoddam
1923 1321 2241 1378 donarium

586 1415 832 1481 gereret,
857 1410 1230 1481 impollutam
1252 1411 1590 1481 diligentius
1617 1416 1975 1476 asservaret,
1999 1417 2055 1466 et
2077 1413 2240 1484 quod

588 1514 660 1556 ex
697 1514 768 1553 ea
815 1505 1023 1555 natum
1067 1506 1242 1566 esset,
1288 1500 1620 1556 accuratius
1666 1500 1966 1556 educaret.
2018 1501 2241 1558 Vidisse

585 1587 810 1660 quippe
861 1604 945 1653 se,
995 1605 1067 1644 ea
1104 1604 1224 1661 qua
1268 1589 1493 1644 dictum
1551 1593 1638 1644 est
1691 1593 1885 1658 nocte,
1917 1589 2131 1654 aiebat,
2180 1591 2240 1646 in

584 1675 976 1733 tabernaculo
1025 1694 1154 1743 suo,
1205 1682 1417 1751 praeter
1460 1683 1736 1734 naturam
1779 1678 1855 1733 ab
1887 1679 2239 1736 occidentali

2360 515 2558 571 ἐνταῦθ’
2614 519 2638 569 ὁ
2693 522 2936 578 Κώνστας
2987 517 3244 586 γενόμενος
3311 512 3382 575 εἰς
3443 514 3582 584 ἔρωτα
3628 522 3817 574 συνουσία

2358 607 2498 663 ἧκεν.
2541 608 2682 660 Ἐπεὶ
2733 603 2820 658 οὖν
2869 607 2954 656 τὸν
3002 603 3153 674 λόγον
3207 604 3232 654 ὁ
3285 603 3481 673 ξεναγὸς
3517 601 3684 673 διέγνω,
3721 606 3817 676 ἑγ¹οὗ

2357 696 2624 747 καταλύων
2673 697 2698 746 ὀ
2732 699 2972 753 Κώνστας
3027 693 3324 766 ἐτύγχανεν,
3384 691 3626 744 ὑποϐάλλει
3661 694 3761 764 αὐτῷ
3789 703 3818 746 ti

2358 787 2657 858 θυγάτριον,
2737 789 2830 843 τὴν
2888 788 3007 858 περὶ
3063 782 3217 835 αύτόν
3276 780 3541 857 βασιλικήν
3611 778 3821 854 δορυφορίαν

2358 870 2503 940 ἰδὼν,
2560 877 2695 948 ὦραν
2747 870 2856 932 ἤδη
2904 874 3075 948 γάμου
3109 875 3251 945 ἔχον,
3301 875 3389 922 καὶ
3432 869 3626 942 ἀκμαῖον
3664 871 3761 942 μαλε
3791 879 3822 924 τε

2354 960 2489 1024 εἶδος
2555 962 2986 1038 προϐεϐλημένον.
3033 961 3117 1020 Ὠς
3191 957 3241 1012 δ’
3300 957 3466 1031 ἐκείνῳ
3514 961 3573 1011 τὰ
3611 967 3683 1011 τοῦ
3719 963 3823 1032 γέρον

2353 1053 2632 1117 τετέλεστο,
2689 1054 2880 1125 μισθὸν
2930 1059 3022 1112 τῆς
3081 1053 3380 1114 συνουσίας,
3439 1049 3625 1101 ἓπιπλόν
3653 1069 3693 1100 τι
3725 1055 3828 1102 ποικί-

2351 1141 2436 1197 λον
2487 1145 2727 1219 πορφύρᾳ
2801 1138 3163 1214 διειλημμένον
3235 1146 3297 1209 τῇ
3357 1142 3552 1210 γυναικὶ
3618 1136 3823 1212 ἐχαρίζετο.

2353 1228 2656 1304 Παράδοξον
2688 1228 2749 1285 δέ
2774 1251 2826 1282 τι
2878 1231 3013 1282 κατὰ
3058 1232 3150 1287 τήν
3180 1230 3343 1280 νύκτα
3389 1226 3572 1285 ἐκείνην
3608 1234 3665 1297 τῷ
3689 1229 3829 1296 Ralm;

2354 1319 2540 1380 συνέϐη
2593 1322 2734 1393 ὀρᾷν,
2785 1320 2810 1370 ὃ
2866 1323 2954 1370 καὶ
3007 1318 3074 1378 εἰς
3119 1314 3234 1379 δέος
3295 1317 3512 1388 εἰσῆγε·
3558 1336 3635 1368 και
3683 1321 3749 1373 τὴν
3777 1339 3825 1385 γρ-

2350 1413 2504 1456 ναῖκα
2592 1404 3009 1477 παραφυλάττειν
3076 1404 3359 1474 ἄχραντον,
3434 1405 3500 1462 ὡς
3569 1400 3819 1472 κειμήλιὼπ

2351 1499 2626 1566 φέρουσαν,
2676 1503 2748 1564 τῷ
2804 1497 2996 1552 ταύτης
3071 1494 3356 1561 παρηγγύα
3422 1494 3592 1562 πατρὶ,
3639 1490 3818 1542 latitia

2350 1587 2540 1644 ταύτης
2592 1585 2773 1656 τεχθὲν
2829 1581 3066 1655 ἀσφαλῶς
3123 1580 3391 1657 φυλάττειν
3420 1596 3434 1610 ⁸

2350 1673 2464 1726 κατ’
2537 1671 2730 1730 ἐκείνην
2795 1677 2888 1728 τήν
2945 1673 3106 1722 νύκτα
3163 1673 3251 1722 τὸν
3318 1673 3577 1742 φωσφόρον
3625 1664 3736 1720 ἔνδον
3781 1676 3826 1726 τες

3491 1581 3603 1651 ὁρᾷν
3642 1581 3721 1649 γὰρ
3755 1579 3822 1646 ῡηι

585 1765 820 1821 Oceano
859 1766 1148 1822 orientem
1189 1767 1394 1824 solem.
1439 1769 1726 1822 Caeterum
1757 1767 2053 1840 legatione
2085 1773 2227 1824 recte

2353 1771 2548 1824 σκηνῆς
2582 1761 2916 1814 ἀνατέλλοντα
2945 1762 3087 1835 παρὰ
3140 1761 3295 1832 φύσιν
3335 1759 3546 1831 ἔμπαλιν
3576 1757 3622 1809 ἐκ
3674 1761 3827 1828 τῆςττε

583 1855 764 1910 obita.
801 1857 1092 1912 Constans
1121 1856 1239 1911 alio
1270 1857 1479 1911 itinere
1511 1859 1761 1912 Romam
1795 1872 2084 1922 reversus,
2120 1874 2240 1914 una

584 1959 719 1998 cum
745 1943 993 2000 Gallerio
1018 1945 1336 2002 Maximino
1363 1944 1564 2001 Caesar
1593 1951 1680 1999 est
1709 1951 1941 2002 creatus
1974 1963 1987 2000 :
2026 1961 2134 2002 nec
2160 1947 2240 2002 ita

580 2031 759 2104 longe
800 2039 954 2106 post,
994 2041 1239 2106 uterque
1260 2036 1561 2104 Augustus
1592 2033 1802 2090 factus.
1839 2037 1901 2090 Et
1929 2035 2237 2091 Diocletia-

581 2137 697 2175 nus
725 2122 996 2178 Herculio
1034 2123 1391 2194 imperatore
1430 2125 1630 2178 Romaa
1660 2123 1882 2192 relicto,
1911 2124 2038 2194 ipse
2071 2126 2239 2180 Nico-

581 2211 844 2266 mediam
877 2227 938 2267 se
985 2213 1225 2285 recepit.
1276 2213 1498 2268 Accidit
1535 2212 1841 2285 deinceps,
1886 2218 1946 2268 ut
1974 2218 2237 2270 oratores

581 2296 682 2352 alii
713 2297 788 2355 ad
833 2299 1075 2353 Parthos
1105 2300 1494 2366 mitterentur,
1522 2298 1626 2372 qui
1658 2305 1713 2356 et
1739 2300 1865 2370 ipse
1892 2301 2234 2373 Drepanum

579 2385 962 2442 diverterunt.
1032 2389 1096 2443 Et
1144 2388 1246 2460 qui
1299 2388 1599 2443 Constanti
1664 2405 1736 2443 ex
1796 2387 2048 2460 hospitis
2113 2388 2235 2445 ﬁlia

579 2475 798 2531 Helena
824 2477 1170 2546 progenitus
1190 2481 1310 2532 erat
1335 2477 1679 2540 infantulus,
1699 2477 1988 2549 puerilem
2021 2477 2234 2532 ludens

577 2564 809 2630 ludum,
845 2581 879 2620 a
916 2565 1181 2638 quodam
1213 2582 1284 2622 ex
1311 2570 1618 2623 oratorum
1649 2567 1937 2621 comitum
1979 2582 2231 2622 numero

577 2653 861 2720 offensus,
884 2654 1213 2710 admodum
1239 2657 1286 2708 ei
1317 2655 1672 2720 succensuit,
1705 2661 1760 2710 et
1781 2654 2231 2726 objurgationes

575 2741 732 2797 illius
759 2743 1177 2814 indignissime
1211 2744 1358 2800 tulit.
1394 2744 1476 2798 lbi
1502 2749 1624 2799 tum
1656 2749 1863 2814 mater,
1897 2746 2227 2800 Constantis

576 2846 711 2886 eum
745 2848 998 2904 puerum
1029 2849 1156 2887 esse
1181 2833 1459 2889 indicavit
1493 2849 1504 2886 :
1532 2849 1787 2906 eamque
1815 2850 1962 2898 rem,
1983 2834 2229 2906 peplum

570 2921 718 2976 illud
757 2937 1025 2993 purpura
1053 2928 1410 2978 exornatum
1443 2923 1772 2994 proferens,
1816 2923 2221 2995 conﬁrmavit,

573 3014 631 3065 et
660 3009 840 3065 facies
869 3011 999 3082 ipsa
1029 3011 1381 3084 indolesque
1409 3011 2071 3080 genei‘osafiliumillius
2094 3029 2224 3068 esse

2350 1855 2554 1925 ὠκεανῷ
2585 1851 2824 1924 ἑσπερίας
2854 1850 3022 1910 εύνῆς.
3076 1849 3134 1901 Ὀ
3175 1851 3264 1922 μὲν
3304 1845 3392 1900 οὖν
3444 1851 3505 1900 τὰ
3546 1844 3832 1920 τῆςπρισϐειες

2349 1940 2514 2002 καλῶς
2569 1937 2889 2012 διαθέμενος⁹
2940 1937 3012 1990 δι’
3056 1937 3211 1998 ἄλλης
3258 1933 3388 1992 ὁδοῦ
3445 1940 3570 2012 πρὸς
3603 1939 3678 1993 τήν
3711 1934 3833 2004 Ῥώμῃ

2352 2027 2587 2102 ἀνήγετο.
2649 2034 2749 2082 Καὶ
2795 2035 2998 2103 Καῖσαρ
3051 2031 3259 2101 σύναμα
3301 2026 3570 2099 Μαξιμίνῳ
3615 2033 3674 2095 τῷ
3727 2023 3835 2074 Falis-

2347 2125 2443 2192 ρίῳ
2503 2122 2636 2171 κατὰ
2689 2119 2887 2193 Ῥώμην
2945 2116 3334 2193 ἀναγορεύεται,
3399 2117 3484 2171 Ἐν
3543 2115 3596 2166 οὐ
3639 2113 3765 2181 πολλῷ
3806 2109 3839 2163 δε

2347 2214 2488 2280 μέσῳ
2513 2212 2687 2281 χρόνῳ
2719 2211 2806 2258 καὶ
2855 2209 3126 2278 Αὔγυστοι
3173 2205 3510 2281 ἐφημίξοντο.
3553 2207 3640 2256 Τὸν
3664 2205 3741 2273 γὰρ
3773 2200 3841 2270 Ἐρ-

2347 2297 2578 2350 κούλλιον
2633 2295 2858 2370 βασιλέα
2913 2297 2961 2348 ἐν
3017 2294 3181 2368 Ῥώμῃ
3234 2299 3577 2354 καταστήσας
3634 2290 3842 2346 Amica:-

2344 2389 2443 2447 νὸς,
2505 2386 2657 2446 αὐτὸς
2707 2383 2932 2437 διέϐαινε
2994 2388 3123 2458 πρὸς
3179 2387 3274 2441 τήν
3323 2379 3685 2455 Νικομήδειαν,
3723 2373 3843 2439 Ὡςδε

2342 2481 2519 2551 χρόνῳ
2602 2480 2882 2549 προήκοντι
2986 2472 3235 2548 πρεσϐεία
3306 2473 3462 2526 πάλιν
3531 2471 3612 2523 ἐπὶ
3682 2469 3842 2540 Πάρθους

2343 2563 2615 2628 ἐστέλλετο,
2674 2563 2757 2616 ἐπὶ
2806 2566 2863 2615 τὸ
2929 2567 3181 2637 Δρέπανον
3239 2564 3288 2613 οἱ
3332 2560 3572 2637 πρέσϐεις
3621 2555 3742 2618 αὖθις
3773 2552 3843 2606 διι-

2340 2658 2637 2708 νεπαύοντο.
2684 2653 2742 2705 Ὀ
2788 2649 2846 2705 δὲ
2900 2661 2972 2724 τῷ
3003 2653 3308 2707 Κώνσταντι
3337 2653 3596 2723 γεννηθεὶς
3622 2647 3668 2700 ἐκ
3708 2646 3842 2704 τῆςτςῦ

2341 2744 2553 2815 ξεναγοῦ
2625 2745 2876 2816 θυγατρὸς
2920 2741 3119 2802 Ἐλένης
3179 2748 3302 2800 παῖς
3361 2745 3734 2800 Κωνσταντῑνος,
3783 2752 3845 2805 μει-

2337 2837 2517 2909 ράκιον
2565 2837 2653 2898 ὧν,
2708 2831 2977 2904 ἀθύρμασί
3030 2849 3084 2882 τε
3130 2826 3406 2891 παιδικοῖς
3461 2825 3730 2903 διατρίϐων,
3770 2825 3847 2880 τεὰς

2336 2942 2473 2983 τινος
2558 2931 2654 2974 τῶν
2748 2920 3057 2982 ξενωθέντων
3148 2918 3512 2992 παροξυνθεὶς,
3589 2916 3638 2968 οὗ
3701 2916 3846 2987 μετρίωὲ

2335 3011 2517 3085 ξχόλα,
2575 3016 2664 3063 καὶ
2711 3009 3007 3070 ἆκαθὲκτως
3047 3005 3156 3080 εἶχε
3202 3017 3313 3069 ταῖς
3363 3007 3680 3069 ἐπιπλήξεσιν
3719 3023 3730 3036 ·
3759 3005 3778 3060 ξ
3807 2996 3842 3051 δὲ

572 3098 716 3154 satis
762 3099 1105 3156 testabatur.
1159 3100 1237 3156 Ea
1296 3117 1358 3156 re
1410 3099 1702 3156 Constans
1755 3117 1827 3156 ex
1887 3101 2223 3170 legatorum

2334 3106 2507 3174 μήτηρ
2575 3103 2642 3162 ὡς
2716 3102 2792 3157 ε’ίη
2851 3106 2971 3159 παῖς
3032 3104 3364 3158 Κώνσταντος
3445 3095 3687 3168 διεσάφει,
3741 3108 3842 3161 παρε-

574 3203 849 3244 sermone
879 3188 1138 3258 cognita,
1183 3193 1389 3261 postea
1417 3190 1704 3244 comitatu
1747 3191 1909 3258 regio
1968 3205 2223 3261 puerum

570 3291 694 3334 una
724 3293 862 3332 cum
914 3281 1104 3332 matre
1143 3280 1394 3333 Romam
1451 3277 1668 3334 adduci
1713 3277 1960 3334 curavit.
1994 3279 2222 3335 Veritus

570 3372 791 3432 autem,
819 3381 892 3421 ne
918 3366 1033 3421 illis
1059 3367 1307 3422 absurdi
1331 3368 1663 3439 quidquam
1695 3367 2052 3425 aTheodora
2084 3369 2221 3439 legi-

567 3455 718 3511 tima
748 3456 825 3529 (2)
857 3471 1035 3510 uxore
1067 3472 1177 3510 sua
1214 3472 1320 3526 per
1361 3456 1720 3530 zelotypiam
1753 3462 1808 3511 et
1839 3458 2218 3529 conjugalem

567 3544 1012 3600 ωιηιιιᾶῐὶοηεω
1027 3544 1338 3608 accideret,
1359 3544 1818 3601 Constantinum
1844 3546 2033 3602 ﬁlium
2058 3548 2222 3602 Nico-

569 3633 833 3690 mediam
866 3633 943 3690 ad
1003 3633 1454 3700 Diocletianum,
1490 3635 1590 3706 qui
1645 3635 1726 3690 ibi
1769 3651 1907 3690 cum
1966 3635 2218 3691 Gallerio

568 3723 884 3779 Maximino
920 3739 1137 3793 genero
1169 3729 1311 3789 erat,
1333 3724 1506 3779 misit.
1543 3724 1817 3796 Atqueibi
1839 3724 1934 3779 ille
1963 3724 2220 3794 benigne

568 3818 900 3882 susceptus,
933 3812 991 3866 in
1019 3812 1240 3882 palatio
1293 3812 1451 3883 apud
1492 3813 1912 3885 imperatorem
1944 3813 2086 3868 vixit
2115 3830 2125 3866 :
2165 3819 2221 3870 et

567 3899 932 3955 domesticus
965 3901 1306 3956 scholarum
1336 3902 1412 3970 (3)
1466 3902 1709 3969 electus,
1765 3904 1996 3958 Graecas
2045 3903 2219 3957 disci-

564 3988 760 4060 plinas
776 3988 1032 4044 addidici
1045 3995 1084 4055 t,
1101 3990 1396 4062 simulque
1411 3988 1930 4046 Christianismum
1946 3996 2216 4047 estcom-

565 4077 799 4148 plexus.

571 4163 786 4237 δεχθεὶς
833 4169 880 4219 ἐν
933 4175 1005 4239 τῷ
1063 4167 1294 4239 παλατίῳ
1365 4166 1537 4241 διῆγε,
1609 4165 1922 4242 δομέστικος
1980 4171 2376 4244 προχειρισθεὶς
2433 4177 2534 4222 τῶν
2586 4170 2791 4242 σχολῶν

571 4263 785 4328 μετεῖχε
813 4258 878 4308 τὰ
907 4264 1233 4329 Χριστιανῶν
1261 4256 1648 4330 ἀσπαζόμενος.

1099 4375 1276 4448 465
1303 4375 1525 4433 CAPUT
1551 4377 1682 4432 xxx.

571 4480 642 4537 Ut
655 4495 902 4554 magnus
919 4481 1342 4537 Constantinus
1353 4482 1412 4536 di
1419 4482 1632 4538 vinitus
1643 4487 1953 4551 paternum
1966 4483 2215 4554 adeptus

847 4553 921 4608 sit
977 4555 1307 4622 imperium,
1366 4562 1417 4611 et
1465 4556 1661 4626 quatis
1713 4557 1924 4626 fuerit.

636 4660 783 4714 Cum
839 4664 1038 4714 autem
1095 4660 1319 4715 videret
1374 4660 1504 4716 illos
1563 4663 1894 4718 Christiano
1952 4665 2212 4730 gaudere

565 4747 877 4818 sanguine,
912 4749 1232 4804 abhorrere
1285 4749 1362 4805 ab
1415 4766 1620 4806 eorum
1672 4753 2106 4808 consuetudine
2155 4759 2211 4811 et
2260 4823 2262 4825 _

565 4838 956 4893 contubernio
1007 4839 1204 4909 coepit.
1263 4839 1347 4894 Illi
1396 4855 1574 4910 porro
1628 4840 1877 4896 deorum
1923 4844 2208 4914 supersti-

562 4927 729 4993 tioni,
750 4932 813 4981 ut
839 4927 983 4982 nulli
1009 4928 1128 4985 alii.
1161 4945 1346 5000 quam
1365 4931 1624 4985 maxime
1638 4930 1840 4995 dediti,
1875 4933 2205 5001 auguribus

562 5017 1034 5088 auspicibusque
1097 5017 1408 5085 consultis,
1477 5020 1704 5074 occulte
1771 5027 2202 5088 cognoverunt,

561 5107 1016 5163 Constantinum
1036 5124 1156 5162 non
1173 5109 1354 5164 modo
1370 5114 1488 5164 toto
1513 5111 1918 5165 Romanorum
1949 5111 2204 5183 imperio

558 5197 913 5269 potiturum,
973 5213 1178 5252 verum
1237 5198 1414 5254 etiam
1469 5201 1806 5255 Graecorum
1855 5201 2206 5257 idololatria:

631 5375 707 5442 (1)
739 5377 814 5429 De
859 5375 1076 5430 Helena
1134 5375 1500 5431 Constantini
1537 5383 1722 5433 matre
1780 5377 2041 5435 historiae
2099 5395 2206 5436 va-

558 5444 735 5520 piant.
765 5447 947 5501 Graeci
1001 5464 1132 5502 eam
1192 5449 1423 5520 nationi
1456 5467 1575 5502 sure
1648 5457 1949 5520 arrogant,
2013 5451 2202 5505 Latini

563 5516 860 5593 Britonum
926 5518 1333 5593 regis_ﬁ_liam
1403 5519 1582 5573 fuisse
1643 5516 1974 5593 scribunt,
2033 5522 2204 5577 Pater

561 5589 781 5654 quippe
820 5589 1189 5644 Constantini
1229 5593 1516 5645 Constans
1555 5591 1751 5645 Galliae
1781 5597 1836 5646 et
1891 5592 2202 5649 Britannias

2334 3187 2508 3243 δείκνυ
2584 3207 2638 3240 τε
2709 3191 2767 3240 τὸ
2843 3186 3052 3252 πέπλον,
3139 3188 3385 3262 πορφύρᾳ
3481 3183 3842 3253 διεσκευασμένον,

2332 3278 2611 3348 ἐξάγουσα.
2662 3277 2720 3329 Ἠ
2777 3274 2836 3331 δὲ
2883 3284 2970 3336 τῆς
3023 3283 3225 3350 μορφῆς
3281 3275 3400 3347 ἅψις
3441 3275 3530 3327 οὐκ
3580 3272 3750 3345 ἀγεννὲς
3787 3286 3845 3320 π·

2331 3375 2471 3439 μεῖον
2520 3369 2585 3428 ὡς
2636 3369 2710 3424 εἵη
2743 3375 2866 3429 παῖς
2907 3365 3098 3418 ἐκείνου
3154 3373 3326 3437 σαφῶς
3383 3367 3700 3436 κατεμήνυεν.
3727 3358 3786 3416 Ὠς
3822 3350 3845 3404 ἶ

2329 3461 2457 3529 ἔγνω
2526 3462 2767 3516 Κώνστας
2834 3457 3029 3508 ἕκαστα
3083 3451 3440 3529 διηγουμένων
3495 3461 3584 3506 τῶν
3641 3447 3847 3523 πρέσϐεων,

2329 3550 2504 3621 χρόνῳ
2535 3546 2747 3621 ὕστερον
2777 3543 3026 3620 βασιλικῇ
3085 3541 3376 3618 δορυφορίᾳ
3427 3546 3512 3595 τόν
3540 3561 3590 3593 τε
3627 3534 3769 3592 παῖδα
3792 3538 3844 3585 τὶν

2330 3645 2390 3708 τῇ
2442 3640 2604 3709 μητρὶ
2635 3634 2684 3696 ἐς
2734 3635 2932 3706 Ῥώμην
2975 3633 3154 3706 ἀνῆγε.
3212 3629 3467 3693 Δεδοικῶς
3521 3650 3572 3702 γε
3621 3633 3708 3703 μὴν
3747 3631 3845 3697 μήτε

2329 3724 2384 3776 ἐκ
2460 3723 2782 3785 ζηλοτυπίας
2846 3731 2942 3784 τῆς
3003 3721 3058 3772 ἐκ
3121 3725 3286 3794 νόμων
3351 3723 3596 3791 γυναικὸς
3641 3711 3843 3786 Θεοδωρτς

2328 3815 2519 3868 ἄτοπον
2570 3833 2618 3866 τι
2666 3821 2727 3887 τῇ
2782 3811 2949 3886 Ἑλένῃ
3007 3816 3094 3862 καὶ
3144 3819 3214 3882 τῷ
3262 3807 3422 3862 παιδὶ
3474 3808 3756 3881 ἐπιγένηται,
3793 3803 3841 3850 fit

2328 3906 2416 3976 μὲν
2470 3909 2851 3955 Κωνσταντίνον
2905 3900 2953 3962 ἐς
3011 3899 3374 3958 Διοκλητιανὸν
3430 3901 3566 3950 κατὰ
3623 3900 3704 3954 τήν
3745 3898 3842 3943 Nm

2329 3989 2550 4062 μήδειαν
2593 3987 2930 4064 διατρίϐοντα
2985 3992 3192 4061 σύναμα
3228 3996 3297 4040 τῶ
3346 3987 3567 4060 γαμϐρῷ
3618 3992 3681 4054 τῷ
3726 3978 3841 4034 Fit-333'

2328 4085 2423 4152 ρίῳ
2481 4080 2753 4152 Μαξιμίνῳ
2808 4077 3087 4150 ἀνέπεμπεν
3117 4094 3131 4106 ’
3179 4082 3264 4129 καὶ
3313 4077 3385 4142 ὃς,
3437 4077 3724 4148 φιλοφρόνως
3763 4071 3838 4118 ντε-

2848 4186 2862 4200 ·
2916 4173 3005 4220 καὶ
3073 4163 3320 4229 παιδείας
3376 4174 3472 4229 τῆς
3527 4173 3620 4219 τῶν
3667 4159 3842 4215 Ἑλλήνων

2930 4383 3170 4434 ΚΕΦΑΛ.
3214 4378 3326 4433 ΙΘ’.

2323 4485 2528 4547 Ὀπως
2561 4488 2586 4539 ὁ
2617 4491 2823 4558 μέγας,
2864 4491 3351 4558 Κωνσταντίνος
3391 4485 3602 4537 θεόθεν
3636 4482 3729 4558 τήν
3765 4491 3841 4556 τεα-

2395 4553 2626 4634 τρικήν
2649 4553 2989 4630 βασιλείαν
3016 4557 3478 4634 περιεζώσατο,
3511 4558 3614 4607 καὶ
3649 4553 3749 4611 οἷος
3779 4553 3838 4602 ἡν.

2393 4666 2561 4741 Ὀρῶν
2628 4663 2674 4721 δ’
2739 4669 2954 4725 ἐκείνους
3019 4673 3122 4725 τοῖς
3177 4673 3273 4718 τῶν
3337 4670 3658 4738 Χριστιανῶν
3711 4658 3838 4725 αἵματι

2320 4761 2626 4830 χαίροντας,
2661 4752 2754 4809 διὰ
2803 4759 2995 4826 μίσους
3040 4753 3258 4809 ἐποιεῖτο
3285 4758 3379 4812 τήν
3426 4755 3696 4806 συνοικίαν.
3730 4747 3834 4800 Ἰλιεῖ-

2320 4865 2398 4898 νοι
2451 4842 2508 4897 δὲ
2571 4841 2956 4915 δεισιδαίμονες
3017 4847 3153 4915 εἴπερ
3230 4847 3357 4904 τινες
3421 4846 3689 4915 γεγονότες,
3729 4835 3837 4888 οἰωνι⁶

2322 4934 2525 5006 ζόμενοί
2572 4953 2625 4987 τε
2690 4938 2775 4989 καὶ
2836 4936 3345 4999 ήπατοσκοποῦντες,
3406 4935 3628 5004 ἔγνωσαν
3671 4927 3834 4997 ἀπορρῖ-

2319 5043 2420 5084 τως
2470 5027 2555 5076 τὸν
2604 5024 2991 5078 Κωνσταντίνον
3041 5022 3100 5074 ού
3153 5027 3307 5094 μόνον
3358 5024 3562 5093 σύμπαν
3609 5023 3658 5071 τὸ
3703 5017 3831 5085 κράτεί

2319 5112 2406 5164 ὑπ’
2461 5115 2634 5177 αὐτὸν,
2885 5117 2973 5166 καὶ
3033 5120 3129 5173 τῆς
3187 5111 3432 5170 Ἑλλήνων
3487 5111 3672 5171 πλάνης
3708 5103 3830 5157 κήαι·

2316 5206 2466 5276 ρίτην
2497 5222 2550 5255 τε
2600 5206 2690 5255 καὶ
2738 5201 3024 5274 ἀφανιστήν
3059 5219 3072 5232 ·
3104 5208 3340 5276 Χριστοῦ
3403 5197 3461 5256 δε
3511 5203 3597 5254 καὶ
3646 5204 3824 5268 Χριστιιο

2315 5380 2654 5450 imperavit.

2387 5455 2464 5520 (2)
2505 5450 2818 5505 Posteriori
2846 5451 3073 5522 potius.
3547 5521 3550 5522 ν
3785 5508 3791 5516 -

2385 5527 2460 5595 (3)
2487 5523 2823 5595 Domeslioi
2851 5521 3218 5595 scholarum,
3239 5522 3463 5595 quales
3484 5521 3765 5578 etiamnum
3783 5521 3814 5560 ι]

2310 5594 2652 5666 principum
2683 5593 2835 5649 aulis
2865 5594 3106 5650 aluntur
3129 5593 3281 5665 regii
3299 5593 3496 5667 pueri.
