4028 6294
157 347 296 412 1245

1184 348 1748 409 ECCLESIASTICIE
1783 345 2142 404 HISTORIA?
2181 347 2313 405 LIB.
2356 347 2476 406 VII.

3373 335 3513 404 1246

155 485 252 526 νῶν
300 472 557 549 διάπυρον
600 473 823 545 ἐραστήν
874 475 1106 530 ἔσεσθαι.
1175 477 1377 550 Ἀμέλει
1428 497 1509 530 τοι
1565 481 1654 528 καὶ
1701 475 1754 527 ἐν

1866 489 2224 540 eversorem,
2257 490 2328 531 ac
2367 473 2576 532 Christi
2603 476 2660 531 et
2709 472 3185 531 Christianorum
3227 472 3516 530 eximium

160 560 516 637 Ἀλεξανδρείᾳ
605 568 694 635 μὲν
775 565 1160 628 Διοκλητιανός,
1241 571 1424 640 καίπερ

155 655 283 724 ἔργα
328 656 509 727 χειρός
549 649 822 724 δράσαντα
859 653 906 704 ἔν
955 662 1016 725 τῇ
1058 657 1194 706 κατά
1240 674 1322 706 τον
1367 654 1617 726 Ἀχιλλέα
1663 661 1755 713 τῆς

1522 569 1754 637 γενναίας

154 742 419 810 Αἰγύπτου
487 743 854 806 ἑπαναστάσει,
931 745 1018 794 τόν
1096 750 1479 796 Κωνσταντῑνον
1568 742 1754 794 ἀνελεῖν

154 830 409 903 ἐπεχείρει
444 847 456 859 ’
515 830 778 906 Γαλλέριος
832 828 890 884 δὲ
944 832 994 884 ἐν
1046 833 1364 906 Παλαιστίνῃ
1407 842 1500 894 τῆς
1551 831 1756 884 ίπιϐου-

153 919 243 979 λῆς
296 922 505 977 ἡπτετο.
561 922 658 971 Τόν
696 927 820 991 γοῦν
871 919 1121 978 λεληθότα
1161 918 1312 974 δόλον
1364 930 1463 976 τῶν
1511 923 1756 994 κρατούν-

152 1028 254 1058 των
288 1003 602 1078 διεγνωκὼς,
645 1016 776 1061 Θεοῦ
819 1005 876 1061 δὲ
919 1006 976 1067 ἦν
1021 1011 1123 1084 ἄρα
1160 1017 1251 1062 τοῦ
1291 1012 1459 1062 πάντα
1499 1013 1590 1064 σὺν
1620 1010 1756 1079 λόγῳ

155 1093 443 1159 διέποντος,
494 1097 620 1168 ἄρας
664 1096 716 1148 ἐκ
767 1106 861 1160 τῆς
891 1095 1250 1170 Νικομήδους,
1293 1097 1376 1150 ἐπὶ
1414 1102 1506 1160 τὰς
1543 1098 1756 1160 Γαλλίας

151 1187 286 1256 πρὸς
358 1188 445 1236 τόν
506 1189 705 1260 πατέρα
769 1185 1080 1258 μετέϐαινεν,
1136 1188 1240 1261 οὐχ
1297 1189 1450 1245 ἧττον
1522 1186 1756 1242 κάκεῖνον

148 1277 240 1325 τόν
293 1270 465 1328 παῖδα
506 1275 924 1346 ἐπικαλούμενον,
1005 1278 1092 1331 οἷα
1143 1273 1211 1336 δὴ
1288 1279 1354 1329 τὰ
1427 1285 1757 1350 Χριστιανῶν

153 1361 524 1433 πρεσϐεύοντα,
592 1369 681 1415 καὶ
731 1364 777 1415 ἄν
821 1365 1138 1426 τελευταίαις
1185 1374 1280 1426 τῆς
1329 1363 1593 1426 διαθήκης
1639 1369 1760 1416 ὄντα

153 1449 456 1512 ἀναπνοαῖς.
512 1451 570 1504 Ὀ
615 1449 674 1505 δε
724 1459 814 1506 καὶ
863 1455 1002 1526 μάλα
1052 1457 1234 1516 ἡσθεὶς
1289 1463 1350 1527 τῇ
1416 1462 1506 1506 τοῦ
1566 1451 1760 1516 παιδὸς

152 1545 443 1613 παρουσία,
498 1546 588 1593 καὶ
636 1547 753 1602 τοὺς
832 1543 1016 1605 ἄλλους
1072 1544 1305 1604 ἅπαντας
1360 1545 1754 1618 παρωσάμενος,

152 1636 254 1690 τῆς
308 1627 485 1690 κλίνης
541 1630 882 1692 ἀνακαθίσας.
940 1641 1035 1694 τῆς
1085 1652 1138 1684 τε
1185 1632 1477 1704 συγκλήτου
1520 1638 1610 1684 καὶ
1660 1641 1758 1684 τῶν

151 1713 362 1769 παίδων
417 1723 507 1771 καὶ
561 1727 650 1771 τοῦ
700 1720 929 1783 πλήθους
986 1724 1192 1791 παντὸς,
1251 1727 1340 1774 καὶ
1382 1730 1480 1772 τῶν
1517 1721 1569 1784 ἐξ
1615 1721 1759 1773 ἁλλο-

1861 568 2194 619 amatorem
2249 564 2538 620 futurum.
2607 566 2810 637 Itaque
2885 564 3280 620 Diocletianus
3347 563 3512 618 illum

1861 652 2231 708 Alexandria;
2295 654 2353 708 in
2412 654 2689 726 Egyptia
2749 653 2966 708 Achilis
3024 651 3348 710 rebellione
3413 652 3514 723 (l),

1861 742 2142 813 quamvis
2173 743 2411 812 egregia
2449 758 2634 799 manu
2664 743 2938 798 edentem
2971 740 3260 804 facinora,
3294 741 3520 796 interﬁ-

1863 845 1994 887 cere
2041 835 2128 886 est
2173 837 2474 886 conatus:
2531 835 2587 888 et
2635 831 2926 887 Gallerius
2976 831 3034 884 in
3099 829 3410 884 Palaestina
3464 829 3517 885 ei

1863 919 2114 976 insidias
2155 919 2384 975 struxit.
2418 919 2646 985 Quibus
2684 920 2780 975 ille
2818 919 3158 990 compertis,
3203 923 3350 973 nutu
3392 918 3510 983 Dei,

1864 1009 1964 1080 qui
2012 1007 2216 1064 omnia
2251 1013 2407 1064 recte
2453 1013 2512 1064 et
2553 1009 2854 1080 sapienter
2907 1007 3124 1076 dirigit,
3168 1006 3516 1062 Nicomedia

1866 1097 2123 1161 solvens,
2171 1097 2247 1153 ad
2288 1103 2520 1168 patrem
2568 1097 2629 1154 in
2683 1097 2898 1155 Gallias
2942 1097 3169 1166 trajecit
3216 1096 3296 1168 (2)
3335 1115 3346 1151 :
3409 1096 3516 1168 qui

1864 1185 2034 1243 illum
2071 1187 2270 1252 etiam,
2314 1187 2780 1243 Christianorum
2821 1201 2990 1241 saera
3030 1186 3124 1256 pie
3192 1185 3412 1248 colens,
3467 1189 3523 1240 et

1866 1275 2218 1346 propediem
2247 1281 2601 1332 testamento
2624 1276 2751 1346 jam
2784 1275 3024 1330 condito
3048 1274 3392 1337 moriturus,
3439 1273 3516 1328 ad

1867 1381 1928 1418 se
1941 1364 2332 1418 commodum
2346 1369 2725 1420 evocaverat:
2761 1379 2882 1435 quo
2899 1363 3125 1433 majore
3139 1362 3315 1416 etiam
3333 1362 3518 1416 animi

1866 1451 2173 1524 voluptate
2230 1457 2285 1507 et
2332 1452 2531 1508 laetitia
2587 1453 3003 1507 advenientem
3071 1467 3210 1506 eum
3266 1451 3515 1522 excepit.

1865 1543 2198 1609 Assurgens
2243 1541 2422 1611 igitur
2467 1543 2528 1596 in
2553 1541 2722 1606 lecto,
2765 1540 2896 1596 aliis
2942 1540 3252 1604 abdicatis,
3287 1555 3424 1594 cum
3464 1538 3518 1594 ei

1866 1630 1978 1702 ipsi
2010 1629 2198 1694 liberi,
2240 1634 2483 1687 senatus
2527 1629 2910 1702 populusque
2940 1630 3278 1693 universus,
3322 1633 3377 1683 et
3415 1627 3519 1683 ad-

1867 1734 2036 1774 venas
2059 1735 2301 1792 quoque
2331 1719 2611 1791 permulti
2641 1719 2941 1784 adessent,
2980 1718 3240 1787 insignia
3260 1718 3518 1788 impera-

155 1803 336 1866 δαπῆς
375 1811 662 1882 παρόντων,
695 1812 759 1860 τὰ
801 1817 897 1872 τῆς
928 1809 1196 1882 βασιλείας
1237 1810 1473 1883 σύμϐολα
1529 1816 1618 1863 καὶ
1670 1814 1754 1862 τόν

1867 1810 2017 1865 toria
2055 1814 2113 1864 et
2150 1823 2438 1864 coronam
2485 1824 2730 1865 auream
2769 1807 3156 1864 Constantino
3206 1805 3514 1878 imposuit,

152 1902 397 1970 χρυσοῦν
464 1901 705 1970 στέφανον
751 1902 888 1968 αὐτῷ
945 1901 1224 1972 περιέθετο,
1269 1901 1420 1960 αὐτὸς
1459 1900 1627 1974 κῆρυξ
1667 1907 1756 1951 τοῦ

154 1981 353 2045 παιδός
398 1994 594 2058 πρῶτος
651 1986 940 2059 ἀναφανεὶς,
1000 1993 1089 2040 καὶ
1144 1993 1275 2060 πρὸς
1321 1995 1415 2048 τὴν
1468 1989 1759 2060 σύγκλητον

153 2077 249 2127 καὶ
287 2093 374 2125 τον
425 2072 595 2128 παῖδα
636 2077 781 2128 ταῦτ’
830 2076 1044 2129 ἀνειπὼν
1077 2095 1088 2107 ·
1146 2085 1251 2130 Νῦν
1309 2079 1335 2130 ὁ
1405 2080 1618 2140 θάνατός
1671 2097 1760 2149 μοι

154 2170 256 2223 τῆς
308 2163 448 2225 ζωῆς
494 2161 658 2222 ἡδίων
706 2168 1021 2218 καθίσταται
1054 2185 1066 2196 ⁸
1116 2175 1203 2218 νῦν
1251 2187 1341 2239 μοι
1374 2170 1506 2220 κατὰ
1549 2172 1758 2239 γνώμην

157 2253 188 2309 ἠ
223 2251 432 2309 τελευτὴ
494 2252 702 2311 ἐπέστη.
755 2261 904 2326 Ἐχω
951 2259 1051 2330 γὰρ
1111 2277 1210 2327 μου
1263 2261 1318 2308 τό
1369 2261 1615 2328 μέγιστον
1647 2255 1760 2308 ἐπι-

157 2343 343 2413 τάφιον
394 2345 479 2394 τόν
509 2345 642 2397 υἱόν.
685 2348 755 2397 Τό
807 2349 904 2419 γὰρ
949 2346 1246 2399 καταλιπεῖν
1281 2345 1363 2398 ἐπὶ
1401 2356 1498 2417 γῆς
1540 2345 1762 2418 βασιλέα

158 2433 227 2482 τὰ
278 2437 608 2505 Χριστιανῶν
657 2429 864 2508 δάκρυα
922 2439 1014 2486 συν
1097 2437 1206 2507 θείᾳ
1279 2437 1411 2508 ῥοπῇ
1478 2433 1759 2506 δυνάμενον

160 2520 585 2591 ἀπομόρξασθαι,
640 2528 728 2575 καὶ
776 2519 929 2581 δίκην
977 2524 1238 2594 λήψεσθαι
1290 2533 1388 2576 τῶν
1434 2532 1544 2586 τοῖς
1591 2524 1762 2582 ἀθέοις

158 2615 426 2682 τυράννοις
476 2611 879 2683 τέτολμημένων,
936 2617 1093 2664 τοῦτο’
1156 2633 1250 2684 μοι
1306 2617 1361 2665 τὸ
1427 2621 1517 2674 τῆς
1590 2634 1759 2685 μακα-

158 2703 398 2772 ριότητος
435 2702 682 2770 ἔσχατον.
735 2701 876 2754 Ἐἰτα
904 2706 1035 2776 πρὸς
1072 2705 1129 2754 τὸ
1168 2703 1363 2763 πλῆθος
1402 2705 1756 2776 ἐπιστραφεὶς,

165 2789 372 2859 θόιρσεῖν
423 2807 478 2840 τε
524 2788 714 2841 ἐκέλευε
766 2798 874 2852 τοῖς
927 2796 996 2862 μὴ
1059 2794 1420 2863 μεταθεμένοις
1490 2795 1548 2842 τό
1629 2794 1756 2864 πρὸς

165 2880 392 2948 Χριστόν
452 2877 641 2938 σέϐαςο
702 2879 1003 2940 όπλίζεσθοὶ
1063 2886 1151 2932 καὶ
1215 2885 1316 2952 γὰρ
1375 2880 1561 2934 ἐκεῖνον
1627 2884 1758 2952 μετὰ

166 2971 550 3018 Κωνσταντίνου
603 2966 798 3022 λοιπόν.
843 2968 939 3020 Ἤν
984 2972 1084 3044 γὰρ
1131 2971 1156 3021 ὀ
1201 2975 1447 3029 Κώνστας
1499 2969 1546 3020 ἓν
1595 2970 1752 3042 πολλῇ

157 3061 256 3116 τῆς
309 3053 481 3115 ἁθείας
525 3057 784 3130 κραιπάλη
842 3063 1014 3130 νήφειν
1066 3059 1316 3129 ἐλόμενος,
1375 3064 1464 3110 καὶ
1520 3061 1585 3111 τὰ
1630 3067 1756 3133 Χρι-

158 3150 289 3196 στοῦ
371 3147 638 3221 κρατύνειν
721 3146 968 3204 πλείστην
1052 3147 1267 3200 ἕποιείτο
1339 3145 1599 3215 σπουδὴν,

153 3231 328 3302 πολλῷ
384 3253 437 3286 τε
509 3241 600 3294 τῆς
673 3233 906 3297 ἀσεϐείας
975 3237 1348 3308 κατακλυσμῷ,
1423 3240 1648 3310 σπινθὴρ
1703 3257 1756 3290 τι

153 3320 413 3384 ἄσϐεστος
469 3320 755 3396 διαμείνας.
815 3325 1010 3377 Πολλοῦ
1059 3328 1159 3400 γὰρ
1221 3328 1536 3398 μιάσματος,
1597 3327 1757 3399 ἐμφυ-

151 3411 270 3462 λίου
328 3431 381 3463 τε
453 3414 604 3484 φόνου
661 3417 756 3471 τὴν
808 3415 1110 3485 οἰκουμένην
1164 3420 1495 3486 κατέχοντος,
1555 3418 1608 3468 αἱ
1668 3416 1755 3468 ὑπ’

155 3497 350 3550 ἓκείνου
389 3499 556 3561 πόλεις
606 3503 819 3554 οῖσπιλοι
862 3512 960 3554 τῶν
1015 3501 1194 3555 δεινῶν
1234 3500 1387 3562 ἦσαν.
1449 3509 1623 3576 Λιμὴν
1653 3507 1753 3576 γάρ

153 3607 242 3647 τις
292 3588 352 3645 ἧν
406 3589 658 3652 ἄκλυστος
713 3593 742 3648 ἡ
808 3590 998 3643 ἐκείνου
1066 3591 1209 3664 ἀρχὴ
1252 3601 1313 3665 τῇ
1373 3601 1472 3644 τῶν
1535 3593 1754 3646 εὐσεϐῶν

155 3675 394 3750 πολιτείᾳ
424 3695 438 3708 ⁶
491 3684 578 3732 καὶ
632 3683 699 3741 ὡς
758 3681 828 3741 εἰς
865 3681 1121 3732 ἄκλυστον
1177 3685 1275 3752 γὰρ
1325 3682 1504 3753 λιμένα
1535 3686 1757 3735 οἱκατά

154 3770 389 3837 Χριστόν
442 3764 768 3841 διωκόμενοι,
834 3769 996 3821 ἐκεῖσε
1052 3767 1118 3827 δὴ
1179 3774 1502 3842 πεφευγότες,
1574 3769 1755 3824 διατε-

151 3860 400 3928 τήρηντο.
456 3863 555 3910 Καὶ
604 3860 627 3908 ό
679 3862 767 3929 μὲν
818 3863 902 3911 τόν
952 3867 1335 3912 Κωνσταντῐνον
1394 3860 1609 3914 ἀνειπὼν
1659 3860 1754 3934 βα-

1568 3951 1755 4022 Ὀμυλ-

153 4030 354 4093 πιάδσς
409 4041 680 4108 μακαρίως
727 4035 1040 4102 ἀπήλλακτο,
1081 4038 1135 4100 ἔξ
1167 4041 1256 4108 μεν
1299 4043 1388 4090 καὶ
1431 4044 1751 4096 πεντήκοντα

157 3945 324 4009 σιλέα,
388 3951 518 3998 κατά
573 3950 659 3999 τόν
703 3956 904 4022 πρῶτον
970 3952 1198 4001 ἐνιαυτόν
1256 3957 1349 4011 τῆς
1420 3953 1504 4002 σα¹

152 4125 273 4181 τοὺς
321 4124 514 4185 πάντας
565 4121 828 4186 διαζήσας
870 4125 1154 4190 ἐνιαυτοὺς,
1198 4131 1318 4200 τρία
1367 4125 1417 4178 δ’
1463 4129 1518 4178 ἐκ
1558 4132 1751 4180 τούτων

153 4216 248 4261 καὶ
304 4215 496 4264 εἵκοσιν
559 4211 811 4277 ἐπιδόξως
887 4218 1259 4287 ἡγεμονεύσας,
1337 4222 1421 4269 καὶ
1483 4218 1568 4269 οἶα
1647 4219 1753 4278 θεὸς

150 4301 279 4372 παρ’
326 4300 501 4362 αὐτοῖς
545 4301 924 4376 ἀναγορευθείς.
969 4303 1156 4366 "limo;
1209 4307 1309 4377 γὰρ
1353 4307 1413 4363 ἦν
1452 4307 1542 4358 καὶ
1588 4312 1752 4382 πρᾶος

153 4391 294 4462 εἰπερ
342 4410 443 4450 τις.
510 4389 690 4448 Μηδὲν
730 4394 816 4444 οὖν
861 4413 911 4444 τι
949 4394 1063 4444 καθ’
1099 4396 1244 4463 ἡμῶν
1280 4397 1568 4466 ἐνεργήσας,
1623 4396 1752 4467 μᾶλ-

152 4478 240 4529 λον
283 4482 370 4550 μεν
419 4476 505 4531 οὖν
536 4482 674 4552 ἡμᾶς
703 4486 790 4532 καὶ
825 4479 1173 4554 δίατηρήσας,
1224 4487 1292 4544 ὡς
1331 4487 1551 4558 εἴρηται,
1606 4484 1749 4547 οῖξιον

151 4572 245 4619 καὶ
297 4572 354 4620 τὸ
408 4569 547 4630 τέλος
584 4578 680 4629 τῆς
727 4569 986 4632 πολιτείας
1038 4570 1330 4644 ἀπείληφεν,
1384 4575 1466 4625 ἐπὶ
1503 4570 1751 4645 διαδόχῳ

229 4711 303 4780 (1)
334 4711 586 4786 Achilles
614 4712 929 4786 incubator
954 4713 1207 4784 imperii,
1247 4715 1617 4771 Alexandriae
1649 4733 1755 4786 per

152 4798 386 4864 nienses
400 4783 995 4864 aliquotobsessusmt
1013 4783 1069 4838 in
1091 4791 1434 4864 potestatem
1453 4783 1750 4864 redactus,

151 4855 306 4979 feri:
323 4869 376 4979 at
399 4855 764 4910 Diocletiano
790 4855 1077 4926 objectus.
1095 4855 1435 4912 ’Achilleum
1461 4859 1561 4915 alii
1595 4858 1753 4914 hunc

151 4940 266 4979 voc
313 4940 348 4978 n
382 4967 394 4979 .

151 4939 394 4980 vocant.

227 4997 304 5066 ('2)
333 4997 778 5062 Constantinus,
803 5001 974 5068 parta
1000 5013 1071 5052 ex
1097 4999 1385 5052 Sarmatis
1412 5000 1650 5068 egregia
1670 5001 1753 5055 vi-

153 5069 358 5138 ctoria.
412 5070 626 5125 veritus
652 5083 723 5122 ex
754 5084 824 5125 ea
848 5069 1020 5124 laude
1047 5070 1393 5138 gliscentem
1440 5071 1750 5138 invidiam,

151 5137 487 5212 adpatrem
522 5139 854 5210 transfugit.
890 5137 1075 5210 (Bapt.
1112 5141 1442 5212 Egnatius.)

154 5280 166 5290 _
225 5209 306 5280 (3)
326 5210 659 5290 «Constans
673 5209 885 5267 natura
902 5209 1458 5290 'initissimiis,_l_talire
1475 5219 1528 5266 et
1546 5212 1752 5290 Africae

149 5281 471 5350 imperium
506 5282 807 5351 suscipere
837 5284 1156 5346 recusavit,
1204 5284 1500 5339 Britannia
1531 5291 1586 5340 et
1617 5286 1753 5342 Gal-

152 5351 594 5425 liacontentus.
624 5374 647 5404 ι)
677 5355 905 5423 (Pomp.
942 5354 1171 5425 Lfelus).

230 5423 308 5491 (4)
359 5424 436 5477 De
484 5426 803 5480 Constante
848 5427 957 5480 isto
990 5423 1274 5479 Eusebius
1303 5424 1406 5480 lib.
1451 5443 1463 5478 ι
1498 5427 1576 5480 De
1619 5427 1750 5483 Vita

153 5493 540 5567 Constantini
559 5500 870 5567 memorat,
893 5497 1244 5567 percharum
1275 5511 1405 5551 eum
1438 5497 1669 5552 civibus
1695 5503 1751 5552 et

151 5565 408 5639 subditis
427 5567 553 5619 suis
579 5565 780 5639 fuisse,
804 5565 958 5639 quos
975 5567 1153 5620 nullis
1175 5568 1586 5639 exactionibus
1619 5585 1748 5639 gra-

149 5636 305 5691 varit
337 5653 351 5702 ;
385 5640 441 5692 et
484 5652 624 5692 cum
655 5636 984 5708 aliquando
1015 5639 1136 5693 sive
1167 5638 1588 5703 Diocletianus,
1623 5636 1747 5694 sive

1683 3157 1836 3237 703C

1866 1896 2161 1970 praeconis
2203 1913 2422 1952 munus
2479 1897 2609 1970 ipse
2655 1902 2825 1970 pater
2868 1898 2926 1951 in
2970 1896 3093 1951 ﬁlio
3156 1894 3516 1966 adimplens.

1869 1989 2003 2043 Haec
2019 1988 2180 2043 enim
2207 1987 2286 2042 ad
2305 1990 2581 2043 senatum
2604 1990 2660 2042 et
2679 1985 2867 2041 ﬁlium
2900 1986 3102 2058 ipsum
3136 1990 3222 2040 est
3240 1984 3476 2039 locutus
3500 1999 3514 2038 :

1869 2079 2036 2132 Nunc
2061 2075 2206 2132 mihi
2232 2091 2396 2130 mors
2422 2075 2693 2147 vitaipsa
2724 2075 2955 2130 dulcior
2981 2078 3067 2128 est
3092 2073 3292 2129 futura
3319 2089 3331 2126 :
3358 2088 3517 2128 nunc

1869 2169 2107 2236 optatus
2151 2165 2324 2220 adest
2360 2163 2578 2219 obitus.
2619 2167 2812 2220 Teneo
2853 2163 3155 2236 siquidem
3181 2162 3517 2219 maximum

1870 2253 2258 2327 epitaphium,
2309 2252 2759 2324 sepulcraleque
2791 2256 3275 2320 monumentum,
3314 2265 3516 2305 meum

1868 2344 2081 2399 ﬁlium.
2119 2346 2179 2400 Et
2231 2341 2398 2414 quod
2427 2343 2487 2396 in
2529 2343 2695 2396 terris
2753 2341 3176 2412 imperatorem
3222 2339 3516 2410 relinquo,

1868 2434 1973 2506 qui
2015 2436 2132 2489 Deo
2186 2432 2340 2489 bene
2383 2432 2649 2500 juvante,
2703 2430 3166 2485 Christianorum
3218 2427 3519 2500 lacrymas

1870 2524 2270 2588 abstersurus,
2301 2525 2359 2577 et
2391 2525 2690 2592 patratam
2721 2519 2799 2575 ab
2846 2519 3048 2590 impiis
3079 2517 3350 2590 tyrannis
3385 2533 3521 2572 cru-

1870 2613 2170 2668 delitatem
2223 2610 2632 2666 vindicaturus
2671 2614 2781 2673 est,
2817 2608 2876 2663 id
2927 2620 3039 2677 ego
3081 2623 3332 2662 summie
3374 2605 3519 2660 mihi

1868 2700 2164 2756 felicitatis
2194 2700 2325 2755 loco
2355 2714 2483 2754 esse
2505 2698 2684 2752 duco.
2715 2697 2932 2753 Deinde
2964 2697 3041 2752 ad
3079 2695 3518 2750 multitudinem

1868 2805 2217 2855 conversus,
2261 2788 2424 2844 bono
2463 2787 2667 2842 animo
2705 2801 2836 2840 esse
2868 2801 3078 2840 omnes
3107 2784 3301 2854 jussit,
3330 2783 3434 2854 qui
3485 2797 3521 2838 a

1866 2893 2008 2934 vera
2040 2879 2100 2933 in
2133 2878 2430 2933 Christum
2459 2876 2674 2948 pietate
2723 2889 2843 2932 non
2881 2875 3295 2936 descivissent,
3333 2887 3515 2944 quem

1866 2967 2149 3038 deinceps
2183 2981 2322 3021 cum
2371 2964 2756 3020 Constantino
2798 2964 2858 3018 in
2894 2963 3076 3018 armis
3106 2962 3230 3018 fore
3260 2960 3515 3016 dicebat.

1866 3056 2154 3113 Constans
2175 3070 2438 3126 namque
2466 3055 2525 3108 in
2548 3053 2794 3126 crapula
2820 3052 2920 3108 illa
2949 3051 3268 3124 impietatis
3299 3051 3518 3106 sobrie-

1867 3151 2049 3203 tatem
2097 3147 2573 3212 conservaverat,
2615 3149 2671 3198 et
2719 3143 2929 3200 Christi
2977 3142 3321 3211 religionem
3371 3139 3519 3195 obti-

1867 3251 2000 3292 nere
2054 3235 2384 3302 plurimum
2437 3232 2766 3298 studuerat,
2809 3239 2988 3304 atque
3037 3232 3098 3286 in
3146 3231 3372 3300 ingenti
3417 3229 3520 3284 illa

1866 3325 2197 3397 iniquitatis
2228 3323 2502 3379 eluvione
2526 3321 3517 3392 igniculusinexstinctusperman-

1867 3421 2044 3471 serat.
2077 3414 2255 3486 466
2288 3412 2437 3468 Cum
2479 3413 2694 3467 etenim
2739 3411 3067 3484 plurimum
3099 3414 3253 3465 esset
3297 3409 3520 3480 ubique

1866 3504 2264 3576 piaculorum,
2287 3507 2342 3558 et
2368 3502 2564 3557 casdes
2591 3501 2790 3557 civiles
2813 3517 2919 3572 per
2940 3501 3146 3556 orbem
3168 3499 3515 3554 universum

1867 3599 2300 3665 grassarentur,
2329 3607 2707 3663 quaecunque
2739 3591 2855 3646 sub
2910 3590 3040 3660 ejus
3079 3589 3302 3644 ditione
3349 3590 3520 3642 erant

1865 3683 2062 3747 urbes,
2113 3681 2413 3736 immunes
2453 3679 2530 3735 ab
2565 3695 2636 3735 ea
2664 3679 3170 3735 contaminatione
3215 3682 3271 3731 et
3321 3675 3516 3731 clade-

1865 3777 2052 3827 erant.
2086 3773 2152 3826 Et
2180 3770 2500 3840 imperium
2546 3769 2676 3838 ejus
2720 3766 2903 3823 veluti
2935 3767 3268 3823 tutissimus
3312 3769 3517 3836 portus

1865 3865 1990 3915 erat
2031 3859 2262 3931 pietatis
2311 3856 2659 3914 Christiana!
2690 3859 2790 3925 (3),
2831 3857 2892 3912 in
2917 3871 3119 3928 quem,
3168 3855 3514 3926 quicunque

1863 3952 2108 4020 propter
2155 3947 2446 4002 Christum
2500 3945 2922 4015 afﬂigerentur,
2954 3944 3280 4000 rectissime
3319 3942 3523 4014 perfu-

1864 4038 2125 4110 giebant,
2204 4036 2406 4107 ibique
2474 4035 3004 4091 conservabantur.
3057 4037 3347 4090 Constans
3405 4032 3508 4102 (4),

1865 4126 2251 4183 Constantino
2275 4126 2634 4196 imperatore
2663 4123 2842 4189 facto,
2882 4124 3076 4194 primo
3103 4138 3263 4178 anno
3295 4121 3514 4177 ducen-

1865 4215 2087 4271 tesimae
2136 4215 2344 4286 prima;
2393 4213 2766 4286 Olympiadis
2826 4212 3068 4268 feliciter
3118 4212 3370 4267 decessit
3413 4211 3513 4280 (5),

1863 4305 2051 4362 aetatis
2090 4303 2594 4376 quinquagesimo
2641 4308 2827 4367 sexto,
2879 4319 3017 4358 cum
3073 4317 3265 4356 annos
3309 4298 3514 4368 viginti

1862 4400 1978 4449 tres
2019 4395 2389 4464 imperasset,
2428 4396 2594 4448 tanta
2623 4397 2777 4447 certe
2813 4407 2950 4446 cum
2983 4391 3193 4461 gloria,
3237 4395 3365 4444 uta
3404 4391 3513 4443 Ro-

1863 4483 2058 4539 manis
2096 4481 2555 4554 quodammodo
2585 4481 2647 4536 in
2687 4481 2936 4536 deorum
2977 4495 3299 4534 numerum
3338 4477 3514 4531 refer-

1862 4576 2040 4628 retur.
2078 4573 2299 4626 Natura
2336 4584 2600 4642 namque
2659 4568 2771 4624 fuit
2817 4570 3080 4625 maxime
3132 4567 3248 4622 leni
3289 4571 3344 4621 et
3394 4565 3511 4620 cle-

1863 4715 2255 4774 Maximianus
2275 4729 2384 4786 per
2405 4713 2630 4786 legatos
2659 4712 2928 4784 pecuniis
2951 4713 3002 4766 ei
3026 4711 3337 4783 penuriam
3366 4709 3513 4786 obji-

1864 4793 2039 4851 ceret,
2057 4786 2222 4841 illum
2249 4781 2740 4856 opulentissim—os
2767 4781 3064 4856 quosque,
3089 4789 3150 4836 ut
3173 4798 3235 4835 se
3260 4781 3516 4851 pecunia

1863 4859 1937 4913 ad
1953 4855 2320 4912 necessarios
2336 4873 2481 4911 usus
2496 4855 2808 4928 praebenda
2822 4855 2914 4925 adj
2928 4860 3508 4928 uvarent,evocasse;

1861 4929 1924 4984 hi
1958 4945 2098 4983 vero
2123 4944 2346 4996 magna
2368 4923 2871 4982 animialacritate
2897 4923 3196 4993 ingentem
3229 4927 3344 4996 vim
3384 4923 3514 4996 auri

1863 5007 1918 5056 et
1943 5001 2191 5069 argenti,
2221 4994 2294 5054 de
2324 5001 2638 5054 occasione
2673 4997 2932 5069 principi
2961 5013 3072 5051 suo
3112 4994 3510 5069 gratificandi,

1864 5072 1976 5126 sibi
2007 5066 2392 5143 gratulantes,
2421 5069 2511 5143 ad
2537 5066 2706 5143 illum
2731 5070 2815 5122 eis
2835 5066 2938 5140 qui
2970 5069 3107 5122 dicti
3138 5066 3510 5143 suntlegatis

1862 5136 2258 5214 praes'entibus
2295 5140 2632 5214 attulerunt.
2666 5141 2813 5214 Tum
2840 5136 3130 5214 Constans
3171 5137 3246 5191 ad
3283 5136 3511 5214 legatos

1863 5211 2207 5282 conversus,
2241 5229 2401 5268 nunc
2431 5212 2670 5265 demum
2707 5211 2817 5266 sibi
2847 5211 2993 5264 dixit
3021 5211 3512 5281 repraesentatum

1862 5287 2210 5339 thesaurum
2238 5300 2386 5348 esse,
2405 5284 2504 5354 qui
2531 5282 2759 5336 dudum
2781 5283 2942 5354 apud
2970 5282 3126 5335 cives
3151 5296 3290 5333 suos
3318 5293 3514 5354 serva-

1863 5363 1955 5411 tus
1998 5357 2244 5411 fuisset:
2288 5350 2460 5422 legati
2507 5350 2845 5408 renuntiare
2875 5353 2988 5406 hoc
3028 5350 3506 5422 Augustojussi,

1861 5444 1996 5481 cum
2027 5421 2419 5482 admiratione
2449 5425 2792 5479 discessere.
2839 5426 2900 5478 Et
2941 5428 3234 5478 Constans
3279 5421 3508 5475 civibus

1861 5499 1982 5553 suis
2013 5499 2324 5569 pecuniam
2353 5514 2485 5552 eam
2507 5512 2748 5569 omnem
2778 5495 3044 5569 restituit.

1929 5561 2219 5641 (5)‘Apud
2257 5569 2405 5626 alios
2444 5567 2734 5641 reperitur
2781 5565 3084 5639 Olympias
3139 5568 3265 5630 272,
3299 5567 3354 5619 et
3391 5561 3505 5617 hoc

1855 5642 2094 5696 rectius.
