4028 6294
600 309 630 372 1
639 316 743 372 247

1908 320 2300 380 NICEPHORI
2342 319 2660 378 CALLlSTi

3741 326 3836 382 42ιὲ

601 441 810 510 menti,
841 456 952 498 nec
992 455 1264 514 unquam
1301 441 1638 516 quidquam
1691 450 1900 504 contra
1939 463 2050 504 nos
2081 448 2202 518 egit
2235 464 2248 502 :

2360 449 2561 502 εὐσεϐεῖ
2601 453 2773 502 παικὶ’
2831 453 3059 522 σώφρονι
3113 450 3204 500 καὶ
3269 444 3596 520 εὖσεϐεστιὶτῳ
3626 451 3834 509 τετελιντι-

600 531 726 587 imo
773 547 882 586 nos
912 530 1008 586 ille
1044 546 1285 601 semper
1334 531 1480 589 fovit
1527 538 1585 591 et
1615 538 1894 603 servavit,
1948 538 2121 594 sicuti
2166 542 2254 594 est

601 620 848 676 dictum.
885 622 1260 693 Quapropter
1301 621 1552 692 dignam
1598 626 1775 682 etiam
1838 627 1939 683 tali
1995 628 2112 684 vita
2162 632 2254 684 est

597 715 955 765 consecutus
994 715 1268 776 mortem,
1314 716 1437 768 tam
1489 714 1800 772 moderato
1857 722 1915 772 et
1973 717 2074 788 pio
2129 716 2251 773 ﬁlio

599 813 944 853 successore
977 803 1034 854 et
1070 797 1365 856 imitatore
1403 801 1854 860 absolutissimo
1893 805 2007 860 sibi
2036 807 2250 862 consti-

2359 544 2460 600 χώς
2488 557 2500 568 ·
2575 541 2628 591 ὃν
2685 543 2774 591 καὶ
2833 538 3070 599 ζηλωτήν
3124 537 3284 589 αὐτοῦ
3335 538 3557 590 κατῦ.ιπε
3608 540 3834 596 “imitatio.

2358 634 2589 680 Τοιαῦτα
2632 633 2722 701 μὲν
2776 630 2844 680 τὰ
2897 629 3032 680 κατὰ
3085 633 3486 691 Κωνσταντῖνον,
3543 633 3619 679 καὶ
3663 632 3835 690 οὕτωςττ

2361 715 2624 790 βασίλειον
2681 717 2736 769 ἐκ
2779 723 2906 770 Θεοῦ
2963 715 3261 776 ἀνεςωσατο
3302 718 3488 791 κράτος
3519 720 3596 780 ὡς,
3621 725 3705 778 τοῖς
3740 722 3841 771 imm

2361 825 2466 881 παρ
2475 813 2625 877 ιστᾴν
2656 810 2863 878 ἔχομεν.

600 892 745 952 tuto,
783 885 1120 942 defunctus.
1157 890 1287 944 Hinc
1326 889 1401 944 de
1454 891 1859 958 Constantino,
1900 895 2006 966 qui
2045 895 2128 951 ita
2168 894 2355 950 divini
2403 897 2673 951 Numinis
2723 895 3102 967 providentia
3154 893 3232 950 ad
3276 893 3692 965 imperatoriam
3731 897 3840 949 subii-

597 975 865 1032 mitatem
886 979 973 1030 est
995 982 1235 1033 evectus
1267 977 1368 1050 (l),
1393 979 1538 1035 satis
1567 981 1702 1036 sint.
1725 981 1879 1038 Nam
1908 981 2024 1038 hac
2054 983 2128 1038 de
2167 999 2229 1039 re
2260 983 2546 1054 deinceps
2574 999 2819 1056 quoque
2845 983 3143 1038 dicemus.

1243 1104 1467 1160 CAPUT
1509 1106 1618 1160 XX.

594 1189 1068 1266 DeDiocletiano
1097 1199 1145 1248 et
1179 1192 1570 1266 Maximiano,
1602 1200 1664 1249 ut
1707 1195 1956 1266 imperio
1987 1197 2252 1264 deposito

681 1264 1036 1329 interierint,
1065 1269 1119 1319 et
1148 1263 1252 1334 qui
1275 1279 1478 1320 eorum
1506 1267 1738 1334 fuerint
1767 1263 2150 1324 successores.

663 1425 790 1478 Non
844 1423 1096 1480 multum
1148 1424 1477 1479 intercessit
1540 1426 1852 1494 temporis,
1912 1432 1975 1482 et
2031 1428 2250 1483 Diocle-

590 1512 786 1568 tianus
817 1513 895 1584 ('2)
936 1528 1054 1569 nua
1080 1529 1219 1568 cum
1250 1514 1484 1584 imperii
1533 1515 1621 1569 sui
1674 1521 1948 1572 consorte
1982 1518 2248 1574 Herculio

587 1601 947 1657 Maximiano
965 1618 1034 1656 ex
1061 1602 1383 1659 constituto
1399 1603 1630 1660 Salonae
1644 1620 2006 1664 convenere:
2043 1606 2246 1678 ibique

2992 1115 3232 1163 ΚΕΦΛΛ.
3268 1108 3347 1163 κ’.

2362 1201 2518 1268 Περὶ
2557 1196 3025 1255 Διοκλητιανοῡ
3073 1203 3185 1268 καὶ
3224 1197 3640 1268 Μαξιμιανοῡ,
3690 1199 3747 1255 ὡς
3787 1203 3848 1252 τήν

2433 1265 2768 1341 βασίλειον
2809 1268 3021 1342 ἀρχήν
3062 1265 3456 1342 ἀπορέμενοι
3486 1265 3844 1339 διεφθάρην·

2430 1338 2538 1392 καὶ
2577 1360 2744 1401 τινες
2781 1338 3151 1402 οἴτούτους
3187 1338 3658 1411 διαδεξάμενοι.

2430 1429 2504 1480 Οὐ
2544 1432 2646 1500 γὰρ
2678 1429 2805 1480 πολὺ
2853 1433 2912 1481 τὸ
2960 1433 3007 1482 ἓν
3048 1434 3190 1500 μέσῳ
3241 1427 3552 1503 διερῥυηκός
3599 1436 3679 1480 τοῦ
3720 1436 3838 1500 λυέτω,

2356 1521 2446 1568 καὶ
2507 1518 2872 1578 Διοκλητιανὸς
2932 1522 3140 1588 σύναμα
3204 1527 3273 1588 τῷ
3327 1523 3423 1576 τήν
3481 1522 3644 1575 κοινήν
3710 1514 3834 1568 misi

2354 1613 2533 1658 κοῡντι
2586 1605 2781 1678 ἀρχὴν,
2841 1615 2912 1676 τῷ
2960 1606 3266 1680 Ἑρκουλλίῳ
3327 1613 3465 1678 φημὶ
3513 1605 3786 1676 Magium-I9,
3816 1625 3841 1654 α

584 1689 737 1744 inter
777 1705 838 1744 se
878 1692 1258 1758 constituere,
1302 1697 1366 1746 ut
1407 1692 1503 1747 die
1550 1709 1671 1748 uno
1725 1694 1908 1750 ambo
1946 1694 2244 1764 imperiali

2357 1701 2635 1765 συμφώνου
2684 1696 2732 1746 έν
2789 1695 2985 1749 Σάλωνι
3052 1703 3146 1756 τῆς
3213 1695 3513 1766 Δαλματίας
3563 1691 3842 1764 1r16p6m,ita

587 1784 878 1850 potestate
909 1779 1204 1850 deposita,
1237 1781 1605 1852 privatorum
1640 1788 1866 1838 vestem
1889 1789 2195 1839 sumerent
2229 1805 2242 1838 :

587 1872 654 1922 ut
703 1868 948 1940 quidem
990 1869 1277 1924 Eusebius
1309 1869 1664 1926 Palaestinas
1696 1873 1798 1936 ait,
1831 1873 1998 1942 quod
2044 1877 2243 1928 mente

586 1957 745 2027 capti
798 1957 1071 2028 desipere
1111 1959 1442 2029 coeperint:
1493 1958 1666 2031 467
1727 1964 1794 2015 ut
1832 1960 2045 2033 reliqui
2103 1977 2247 2018 vero

586 2046 908 2117 scriptores
977 2046 1259 2110 referunt,
1326 2048 1490 2119 quod
1557 2048 1899 2104 Grmcorum
1979 2050 2248 2121 philoso-

583 2133 844 2205 phorum
864 2135 1045 2191 vitam
1061 2136 1171 2191 sibi
1191 2135 1534 2205 degendam
1555 2136 1824 2207 legerint.
1842 2139 1987 2193 Cum
2021 2139 2246 2195 etenim

583 2223 725 2278 satis
765 2223 869 2278 diu
920 2224 1174 2293 imperio
1218 2223 1480 2295 gerendo
1519 2241 1759 2281 summa
1797 2231 2089 2298 potestate
2130 2228 2242 2301 usi,

583 2317 641 2367 et
683 2312 910 2368 deliciis
965 2312 1358 2379 aﬂluxissent,
1389 2320 1446 2369 et
1497 2313 1752 2384 gloriam
1799 2331 2089 2386 magnam
2129 2313 2243 2374 sibi

585 2416 971 2472 comparasse
1029 2402 1137 2457 visi
1191 2409 1406 2470 essent,
1457 2418 1710 2472 generos
1741 2404 1922 2459 etiam
1981 2420 2127 2460 suos
2182 2405 2242 2460 in

585 2489 782 2545 locum
817 2506 994 2546 suum
1029 2496 1463 2559 surrogassent,
1497 2491 1575 2546 ad
1596 2491 2149 2563 philosophandum
2181 2511 2244 2550 se

584 2579 771 2634 etiam
815 2595 921 2651 per
959 2579 1343 2635 excellentem
1368 2587 1426 2636 et
1478 2581 1804 2650 superbam
1843 2581 2243 2638 ambitionem

583 2669 963 2724 contulerunt
991 2686 1005 2723 :
1038 2673 1100 2724 ut
1125 2669 1365 2733 scilicet,
1392 2668 1554 2741 quod
1581 2684 1645 2724 se
1666 2669 1987 2740 imperiim
2015 2671 2243 2741 optime

584 2755 1038 2812 administrasse
1067 2757 1496 2822 existimarent,
1529 2773 1600 2812 ex
1640 2757 2057 2830 philosophica
2094 2774 2247 2830 quo-

586 2861 704 2917 que
731 2845 851 2900 vita
873 2845 1124 2915 gloriam
1151 2846 1414 2918 aliquam
1438 2847 1600 2917 apud
1626 2852 1895 2918 posteros
1920 2863 2246 2919 conseque-

581 2941 804 2990 rentur.
846 2940 1035 3006 Atque
1080 2935 1380 2990 Herculius
1419 2935 1665 3006 quidem
1706 2935 1846 2990 fune
1887 2935 2241 3005 suffocatus,

581 3024 766 3079 vitam
792 3025 965 3079 ﬁniit.
994 3024 1390 3080 Diocletianus
1415 3040 1555 3080 cum
1585 3025 1663 3080 ad
1689 3030 2018 3080 extremam
2057 3042 2247 3097 prope

583 3113 951 3184 pervenisset
971 3119 1273 3169 senectam
1301 3115 1400 3184 (3),
1427 3114 1638 3169 misere
1664 3129 1907 3185 quoque
1934 3115 2109 3184 periit
2141 3115 2246 3187 (4),

584 3200 869 3257 Gallerius
889 3203 1239 3258 Maximinus
1259 3209 1462 3259 autem
1484 3201 1701 3257 divinis
1721 3203 2015 3274 expetitus
2036 3203 2248 3275 plagis,

588 3294 710 3346 toto
734 3290 995 3360 primum
1022 3306 1270 3362 corpore
1294 3299 1587 3346 tumorem
1613 3290 1917 3361 ingentem
1939 3294 2246 3364 concepit:

583 3395 708 3450 quo
747 3379 963 3434 deinde
1004 3379 1166 3435 varie
1205 3379 1501 3451 disruplo,
1535 3379 1691 3436 lente
1729 3380 1808 3436 ita
1850 3381 2162 3445 emarcuit,
2191 3386 2252 3436 ut

584 3469 940 3539 blasphema
969 3469 1098 3539 ejus
1137 3473 1193 3524 et
1232 3469 1418 3540 impia
1448 3469 1674 3537 lingua,
1705 3485 1841 3540 quas
1871 3469 2246 3541 iniquitatem

579 3557 640 3612 in
678 3559 864 3613 altum
904 3563 1272 3624 evomuerat,
1315 3558 1470 3614 intra
1508 3557 1709 3614 fauces
1739 3557 1906 3629 ipsas
1951 3559 2249 3614 vermium

580 3647 701 3702 vim
733 3647 1042 3719 proferret,
1074 3648 1178 3720 qui
1204 3664 1275 3704 ex
1306 3664 1408 3704 ore
1439 3647 1596 3702 illius
1627 3653 2012 3720 prorepentes
2042 3649 2251 3704 fmtore

583 3738 848 3808 pessimo
904 3737 1103 3792 locum
1161 3736 1546 3793 habitationis
1604 3753 1845 3792 omnem
1915 3737 2248 3809 replebant.

586 3829 887 3880 Postremo
904 3832 1126 3889 autem,
1146 3842 1312 3882 more
1329 3827 1494 3882 canis
1509 3842 1696 3898 quam
1715 3826 1976 3882 maxime
2002 3826 2248 3900 latrans,

585 3913 931 3970 sceleratam
964 3920 1019 3970 et
1045 3915 1334 3970 nefariam
1363 3931 1503 3970 cum
1533 3914 1798 3986 quadam
1831 3915 2111 3972 violentia
2153 3932 2252 3971 ex-

583 4002 810 4058 halavit
871 4005 1138 4059 animam
1201 4005 1301 4075 (5).
1363 4003 1629 4059 Gelasius
1687 4020 1887 4074 porro,
1965 4005 2250 4060 Caesareae

583 4091 1020 4162 Cappadocum
1073 4093 1414 4164 episcopus,
1456 4092 1662 4148 litteris
1716 4093 2024 4148 memorias
2075 4109 2250 4150 man-

587 4180 771 4246 davit,
822 4196 927 4236 eos
995 4182 1248 4252 imperio
1313 4181 1584 4252 deposito
1654 4187 1864 4252 postea
1937 4183 2251 4253 pmnitenti

583 4267 818 4338 ductos,
872 4270 932 4324 id
982 4285 1328 4341 recuperare
1375 4269 1654 4335 voluisse,
1702 4270 1808 4324 sed
1856 4277 2252 4327 senatuscon-

581 4357 738 4413 sulto
781 4365 1024 4414 necatos
1063 4375 1216 4414 esse.
1257 4360 1403 4415 Sunt
1437 4359 1541 4430 qui
1579 4358 1803 4424 dicunt,
1847 4375 1956 4430 par
1989 4359 2249 4416 furorem

583 4453 640 4502 et
671 4447 966 4502 insaniam
999 4448 1284 4503 adversus
1318 4447 1614 4503 Christum
1647 4463 1750 4502 eos
1789 4448 2108 4520 imperium
2143 4450 2253 4504 ab-

576 4535 796 4607 jecissc
831 4551 843 4588 :
878 4537 1041 4608 quod
1075 4542 1315 4608 propter
1353 4535 1550 4592 viriles
1589 4536 1881 4592 nobilium
1913 4543 1970 4592 et
2007 4551 2254 4606 genero-

583 4641 786 4679 sorum
833 4631 1166 4696 martyrum
1199 4633 1254 4680 et
1283 4630 1624 4681 constantes
1657 4627 1915 4691 animos,
1960 4625 2119 4683 illius
2151 4643 2253 4682 no-

588 4729 721 4768 men
765 4715 1088 4786 exstirpare
1127 4719 1182 4770 et
1221 4715 1422 4770 tollere
1459 4730 1578 4769 non
1622 4715 1974 4784 potuissent.
2037 4717 2251 4770 Verum

585 4804 889 4859 enimvero
931 4803 1044 4858 illis
1081 4803 1156 4858 ad
1188 4820 1325 4858 eum
1359 4805 1608 4858 modum
1649 4805 1972 4869 exstinctis,
2006 4809 2060 4860 et
2098 4805 2253 4860 Con-
2287 4840 2289 4842 -

585 4899 776 4947 stante
819 4893 1188 4948 Constantini
1230 4900 1395 4965 patre
1439 4893 1498 4948 in
1541 4893 1794 4948 Domino
1838 4893 2142 4958 defuncto,
2193 4895 2254 4949 in

584 4981 980 5037 Orientalibus
1023 4982 1292 5054 partibus
1333 4981 1691 5037 Nicomediae
1739 4981 2026 5036 Gallerius
2074 4982 2252 5038 Maxi-

664 5087 745 5158 (l)
774 5108 802 5140 «
831 5089 1014 5153 Eroci,
1037 5088 1510 5144 Alamannorum
1530 5087 1710 5156 regis,
1736 5089 2038 5159 praecipue
2059 5105 2172 5160 ope
2201 5099 2255 5149 et

584 5176 769 5234 opera
800 5160 1221 5234 Constantinus
1256 5161 1872 5234 imperiumgarripuit.
1908 5181 1936 5234 ›τ
1965 5163 2258 5234 (Eutrop.)

656 5231 734 5301 (2)
780 5254 806 5280 ει
851 5232 1248 5286 Diocletianus
1291 5232 1669 5296 Nicomediae,
1705 5232 2100 5286 Maximianus
2140 5231 2258 5287 Me-

583 5301 816 5357 diolani
851 5318 1181 5373 purpuram
1215 5303 1429 5358 eodem
1461 5303 1556 5357 die
1588 5318 1867 5372 posuere.

657 5375 737 5442 (3)
792 5394 820 5426 (ι
869 5375 1268 5429 Diocletianus
1326 5380 1485 5445 post;
1517 5373 2018 5445 triumphumﬂde
2067 5374 2256 5428 Persis

587 5451 816 5508 actum,
849 5445 1087 5500 adorari
1119 5443 1424 5500 voluitht
1462 5443 1715 5500 fratrem
1739 5461 1800 5500 se
1832 5444 1976 5500 solis
2015 5452 2071 5499 et
2102 5445 2260 5500 lunae

595 5517 822 5588 vocari,
862 5517 1168 5586 pedesque
1217 5516 1330 5571 sibi
1380 5515 1658 5581 osculari,
1711 5532 1859 5588 auro
1907 5521 1964 5572 et
2005 5517 2262 5588 gemmis

595 5583 1006 5642 calceamenta
1044 5583 1370 5656 exornans,
1398 5588 1702 5659 praecepit.
1733 5607 1762 5640 »
1798 5583 2074 5660 (PompT).

2353 1784 2523 1856 ἡμέρα
2575 1791 2674 1855 μιᾷ
2722 1785 2811 1836 καὶ
2852 1787 3007 1856 ἄμφω
3062 1790 3156 1842 τήν
3206 1785 3381 1858 ἀρχὴν
3444 1784 3737 1853 ἀποθέμενοι,
3774 1778 3850 1830 ὗδιν-

2352 1891 2505 1930 τικην
2549 1871 2749 1931 ἐσθῆτα
2803 1873 3195 1947 περιεϐάλλοντο
3228 1891 3240 1903 °
3283 1878 3352 1934 ὡς
3406 1877 3498 1945 μὲν
3549 1874 3573 1923 6
3622 1872 3855 1926 “alumni;

2354 1980 2511 2031 φησιν
2566 1961 2833 2025 Εὐσέϐιος,
2881 1965 2986 2014 ἐκεῖ
3047 1968 3201 2015 νόσου
3259 1961 3634 2032 ἐπισκηψάσης
3687 1978 3861 2030 napaeas-

2351 2053 2621 2115 νήσαντες,
2709 2055 2798 2102 καὶ
2870 2058 2959 2102 τοῦ
3025 2056 3376 2124 προσήκοντος
3463 2049 3705 2118 λογισμοῦ
3757 2049 3862 2117 ἔκτει-

2351 2141 2550 2202 πέντες,
2605 2141 2672 2200 ὡς
2732 2135 2782 2190 δ’
2831 2140 3014 2212 ἕτεροι,
3072 2148 3170 2191 τῶν
3221 2141 3342 2212 παρ’
3395 2138 3612 2194 Ἕλλησι
3671 2136 3865 2208 prima!»

2352 2228 2442 2276 τὸν
2525 2225 2643 2298 βίον
2719 2227 3068 2290 ἐζηλωκοτεςο
3130 2226 3237 2280 ἐπεί
3311 2232 3396 2279 τοί
3481 2246 3541 2297 γε
3613 2224 3864 2296 ἀποχρώντως

2352 2319 2572 2378 ἐκείνοις
2616 2317 2645 2374 ἠ
2700 2321 2836 2368 κατὰ
2880 2322 2973 2375 τήν
3027 2315 3298 2388 βασιλείαν
3332 2313 3621 2368 δυναστεία
3650 2323 3722 2365 και
3762 2317 3864 2384 τρννέ

2351 2408 2444 2456 καὶ
2503 2401 2635 2467 δόξα
2680 2402 3104 2462 διεσπονδάσθη.
3172 2411 3270 2458 Καὶ
3330 2411 3506 2456 τοίνυν
3565 2412 3660 2464 τοῖς
3699 2400 3872 2471 γαμεξηξ

2355 2496 2450 2550 τὴν
2509 2493 2684 2566 ἀρχὴν
2737 2494 3156 2565 καταλείψαντες,
3226 2495 3375 2545 αὐτοὶ
3437 2498 3495 2546 τὸ
3563 2490 3870 2564 φιλοσοφείνὲ

2354 2575 2786 2654 ὑπερϐαλλούσης
2844 2588 2934 2635 καὶ
3007 2585 3334 2655 ὑπερηφάνου
3421 2583 3698 2655 φιλοτιμίας
3758 2577 3867 2630 ἐπέξι-

2351 2661 2483 2722 λον·
2543 2672 2632 2724 ἅτε
2687 2669 2828 2730 δῆτα
2879 2672 3100 2743 οἰόμενοι.
3153 2673 3345 2744 ἄριστα
3404 2668 3707 2741 διῳκηκέναι
3746 2670 3796 2719 τὰ
3826 2675 3871 2719 τὶι

2359 2758 2558 2833 ἀρχῆς,
2617 2759 2890 2813 κάντεῦθεν
2941 2766 3030 2813 καὶ
3087 2768 3181 2822 τῆς
3229 2769 3320 2812 τοῦ
3399 2760 3733 2832 φιλοσοφῆσαι
3779 2753 3875 2814 δοξες

2357 2857 2754 2921 συμμετασχεῖν
2813 2857 2923 2910 ταῖς
2985 2850 3240 2902 εὶσέπειτα
3287 2858 3511 2919 γενεαῖς.
3586 2854 3677 2900 Καὶ
3753 2847 3772 2895 6
3829 2863 3879 2913 ita

2353 2938 2686 3010 Ἐρκουλλιος
2743 2938 2943 3011 ἀγχόνη
3039 2939 3375 3010 μεταλλάττει
3452 2943 3539 2990 τόν
3613 2935 3746 3009 βίον·
3806 2941 3872 2982 Διιη

2356 3026 2632 3088 κλητιανὸς
2673 3024 2752 3092 δὲ,
2789 3028 3052 3088 θεηλάτοις
3092 3027 3408 3099 περιελαθεὶς
3460 3025 3690 3098 μάστιξι,
3745 3029 3811 3072 καί
3845 3037 3877 3067 τι

2361 3124 2514 3188 σῶμα
2578 3114 2899 3188 έξογκωοεὶς,
2957 3112 3069 3168 εἶτα
3120 3116 3186 3176 εἰς
3252 3115 3417 3168 πολλα
3475 3112 3712 3188 διερραγη
3779 3127 3879 3160 zm-

2357 3207 2640 3278 μαρανθείς
2673 3224 2682 3234 ·

2359 3297 2418 3346 τὸ
2463 3293 2594 3364 ὕψος
2672 3293 2976 3352 λαλήσασαν
3039 3294 3195 3346 αὐτοῦ
3262 3293 3513 3364 γλῶσσαν
3577 3294 3881 3344 κατασαπείςιδ

2749 3208 2818 3266 ὡς
2865 3211 2955 3258 καὶ
3003 3211 3093 3262 τήν
3141 3204 3458 3277 βλάσφημον
3503 3209 3591 3256 καὶ
3631 3199 3805 3255 ἀδικίαν
3836 3197 3877 3252 εἰς

2361 3380 2509 3436 ἔνδον
2572 3392 2661 3436 τοῦ
2720 3387 2986 3458 φάρυγγος
3070 3383 3343 3441 σκωλήκων
3421 3381 3712 3443 ἀναϐλύζειν
3764 3377 3880 3445 ἰπνιτ-

2361 3475 2412 3528 οἶ
2460 3476 2594 3525 κατὰ
2638 3481 2730 3525 τοῦ
2763 3479 3020 3545 στὸματος
3075 3473 3267 3524 ἐκείνου
3327 3471 3649 3545 ἀνέρες-οντες,
3690 3462 3883 3521 domitu;

2363 3564 2445 3614 ὅτι
2475 3561 2725 3624 πλείστης
2782 3561 3096 3636 ἀνεπλήρουν
3144 3564 3228 3613 τὸν
3277 3570 3481 3633 χῶρον.
3543 3565 3637 3612 Καὶ
3676 3556 3808 3612 τέλος.
3838 3571 3880 3601 οι]

2361 3655 2500 3704 κύων
2582 3657 2830 3725 μέγιστον
2897 3651 3220 3714 ὑλακτήσας,
3292 3655 3387 3707 τήν
3467 3651 3702 3722 μυσαρὰν
3759 3646 3877 3696 ἔκειτο

2361 3739 2641 3815 εξερρήγνυ
2685 3739 2893 3811 ψυχήν.
2951 3739 3194 3800 Γελασιος
3247 3735 3296 3790 δ’
3349 3739 3376 3790 6
3440 3747 3540 3799 τῆς
3606 3730 3877 3790 Καππαδοιέπ

2363 3834 2684 3902 Καισαρείας
2731 3828 3016 3889 ἐπίσκοπος
3071 3831 3200 3899 μετά
3246 3832 3340 3886 τήν
3389 3836 3485 3890 τῆς
3534 3824 3781 3899 βασιλείας
3815 3820 3880 3869 im

2367 3921 2509 3971 Θεσιν
2559 3918 2606 3978 ές
2662 3919 2875 3991 ὕστερον
2931 3918 3196 3989 μεταμέλῳ
3247 3920 3572 3988 χρήσασθαι
3621 3918 3803 3984 ἱστορεῖ,
3833 3927 3877 3956 ιι

2361 4012 2454 4065 τήν
2485 4006 2659 4082 ἀρχὴν
2708 4005 3080 4077 ἀναλαμϐάνειν
3134 4001 3285 4065 αὖθις
3331 4007 3662 4076 πειρᾶσθαι·
3712 3992 3876 4068 κοιῑῇίε

2360 4105 2452 4157 τῆς
2511 4096 2809 4167 συγκλήτου
2865 4095 3024 4167 ψήφῳ
3076 4100 3166 4146 καὶ
3223 4093 3376 4165 ἄμφω
3429 4093 3765 4164 ἀναιρεθῆναι.
3809 4085 3875 4138 Eir-

2363 4182 2412 4237 δ’
2466 4188 2515 4237 οἱ
2569 4186 2780 4256 λέγουσι
2831 4193 2893 4256 τῇ
2963 4187 3099 4236 κατὰ
3151 4191 3388 4257 Χριστοῦ
3446 4183 3645 4254 αμανίᾳ
3683 4185 3760 4238 τὴν
3793 4179 3876 4246 9Ζῄ

2362 4272 2653 4348 ἀπθρῤίψαι
2751 4273 2960 4341 αὐτοὺς,
3045 4278 3115 4344 μὴ
3204 4270 3530 4335 δυνηθέντας
3612 4276 3698 4329 τήν
3754 4266 3875 4316 ἐκείνου

2360 4364 2546 4422 κλῆσιν
2621 4367 2678 4415 ἐκ
2759 4371 2850 4414 τοῦ
2918 4369 3080 4434 μέσου
3154 4369 3317 4414 ποιεῖν
3373 4369 3491 4422 ταῖς
3563 4361 3788 4433 γενναίαις
3825 4357 3878 4401 Ti”

2359 4455 2635 4526 μαρτύρων
2696 4457 2782 4504 καὶ
2853 4449 3125 4526 ἀνδρικαῖς
3193 4452 3614 4522 παραστάσεσιν,
3678 4448 3797 4499 οὕτω
3849 4435 3878 4488 ἔξ

2360 4545 2551 4593 τούτων
2605 4540 2656 4592 ἐκ
2697 4548 2787 4592 τοῦ
2841 4545 3002 4611 μέσου
3051 4543 3420 4611 γεγενημένων,
3466 4545 3561 4590 καὶ
3640 4542 3881 4590 Kuh-astante;

2361 4637 2452 4682 τοῦ
2510 4633 2707 4700 πατρὸς
2768 4634 3157 4680 Κωνσταντίνου
3209 4632 3334 4701 πρὸς
3412 4631 3546 4680 Θεὸν
3600 4625 3878 4678 ἀναλύσεντθςι

2361 4717 2409 4769 ἐν
2448 4721 2536 4788 μὲν
2602 4725 2660 4789 τῇ
2717 4718 2780 4788 ἕῳ
2827 4719 2962 4770 κατὰ
3007 4714 3363 4789 Νικομήδειαν
3419 4716 3704 4786 Μαξιμῖνος
3746 4711 3765 4759 ὁ
3806 4710 3881 4756 Γιν

2359 4806 2525 4879 λέριος
2590 4804 2900 4869 ἐϐασίλευεν,
2969 4809 3016 4858 ἐν
3072 4802 3132 4858 δὲ
3182 4814 3292 4865 ταῖς
3360 4809 3491 4878 πρὸς
3560 4805 3755 4874 ἑσπέραν
3805 4799 3864 4844 Γιι

2359 4895 2513 4959 λίαις,
2579 4902 2963 4956 Κωνσταντῖνος
3032 4892 3144 4966 εἶχε
3221 4898 3278 4947 τὸ
3358 4896 3565 4966 κράτος,
3640 4893 3807 4966 Πτρῗὼ
3844 4896 3880 4926 τι

2365 4992 2610 5056 σκῆπτρα
2661 4983 2924 5058 Σαϐωρίου
3005 4980 3309 5044 διέποντος·
3370 4984 3600 5039 ὁπηνίκα
3659 4980 3772 5031 καθᾶ
3822 4989 3874 5021 π’

2436 5090 2512 5161 (li)
2545 5093 2619 5144 De
2643 5098 2829 5145 morte
2847 5089 3184 5145 Diocletiani
3206 5090 3484 5158 Egnatius
3502 5087 3722 5161 scribit:
3739 5102 3759 5132 ι
3777 5075 3868 5161 Οξιᾷῖί

2364 5156 2856 5232 duodeoctoginta
2869 5167 3037 5216 natus
3050 5156 3348 5232 annos,'vel
3365 5160 3718 5232 alienatione
3723 5156 3866 5232 mall"?

2370 5234 2458 5288 vel
2496 5227 2726 5287 veneno
2764 5233 3005 5293 hausto.
3038 5233 3255 5286 veritus
3280 5231 3564 5286 Licinium
3592 5246 3658 5283 ac
3687 5227 3870 5280 Consus

2369 5305 2578 5384 tinum,
2630 5305 2732 5384 qui
2784 5303 2946 5358 illum
3010 5309 3317 5384 tamquam
3351 5299 3626 5357 Maxentii
3669 5297 3867 5353 fautorem

2369 5376 2628 5445 graviter
2663 5376 3097 5445 increpuerant.
3132 5394 3159 5424 »
3301 5443 3329 5445 Α
3516 5443 3523 5445 _
3723 5436 3752 5445 υ
3815 5428 3832 5445 ν.

2441 5450 2522 5513 (5)
2549 5436 2916 5502 Genitalibus
2957 5443 3449 5516 putrescentibus,
3471 5443 3603 5498 vitae
3641 5436 3782 5496 taedio
3802 5438 3862 5481 ηε

2373 5517 2485 5573 sibi
2517 5517 2718 5587 gladio
2749 5516 3012 5574 intulit.»
3046 5517 3327 5590 (Egnat.).
