4028 6294
501 284 640 349 1251

1815 273 2202 342 NICEPHORI
2242 271 2558 340 CALLISTI

3716 277 3835 336 1252

501 417 714 488 prima;
741 411 1068 485 dignitatis,
1094 412 1199 485 qui
1226 410 1288 468 in
1322 409 1570 468 consilio
1599 408 1730 483 ejus
1771 414 1962 476 erant,
2009 409 2149 468 aﬂ‘e-

2263 413 2438 474 παντὶ,
2492 405 2609 469 δέος
2649 409 2739 458 καὶ
2779 413 2936 477 μῖσος
2980 403 3146 477 εἰσῄει
3189 403 3466 477 ἀφόρητον,
3513 412 3842 478 τρυχομένοις

504 507 600 561 cit.
634 507 824 571 Quam
857 504 936 559 ob
966 519 1210 560 causam
1237 503 1509 558 omnium
1533 501 1836 558 bonorum
1864 500 2152 556 universi-

501 611 620 668 que
663 593 891 666 populi,
939 609 1060 648 una
1108 607 1246 647 cum
1293 598 1479 661 metu,
1530 593 1742 662 ingens
1783 591 1845 646 in
1886 606 2026 645 eum
2060 594 2151 646 est

501 685 863 740 concitatum
890 684 1115 738 odium.
1149 681 1514 737 Gravissima
1539 682 1700 737 enim
1735 679 2148 736 crudelissima

496 771 817 841 tyrannide
856 771 1250 834 vexabantur,
1297 786 1492 842 neque
1541 785 1678 842 spes
1716 769 2041 841 quaepiam,
2082 772 2148 824 ut

496 862 676 916 fidem
725 860 1047 933 aliquando
1095 860 1322 916 saevitia
1386 865 1554 916 tanta
1607 863 1862 931 caperet,
1914 858 2144 930 reliqua

498 957 641 1006 erat.
684 951 789 1004 Per
817 951 1097 1020 quamvis
1132 949 1428 1020 siquidem
1454 949 1834 1005 occasionem
1865 946 2145 1003 satellites

495 1055 636 1094 suos
667 1038 726 1092 in
760 1039 1017 1110 populos
1048 1037 1397 1102 immittens,
1433 1037 1764 1094 maximam
1795 1037 1914 1092 vim
1944 1036 2143 1091 homi-

497 1127 994 1199 numjugulabat.
1023 1130 1085 1181 Et
1097 1128 1224 1198 jam
1248 1143 1542 1183 caesorum
1565 1143 1635 1182 ea
1651 1131 1778 1182 erat
1801 1125 2142 1191 multitudo,

500 1221 564 1271 ut
607 1231 893 1270 numerus
943 1230 1151 1270 eorum
1196 1214 1328 1270 iniri
1380 1232 1502 1271 non
1542 1220 1761 1288 posset.
1810 1217 1876 1271 In
1913 1215 1984 1270 iis
2021 1229 2145 1270 non

500 1305 677 1376 pauci
699 1304 860 1359 fuere
889 1305 1462 1376 senatorii,quorum
1493 1305 1668 1360 bonis
1699 1305 1933 1360 insidias
1960 1308 2144 1359 strue-

495 1393 732 1449 bantur.
776 1393 1064 1449 Malorum
1104 1408 1244 1448 vero
1283 1394 1492 1450 talium
1525 1394 1762 1449 coronis
1797 1393 2040 1450 tandem
2085 1393 2146 1446 in

499 1482 766 1550 magicas
806 1481 1172 1552 imposturas
1214 1485 1272 1537 et
1309 1482 1748 1539 incantationes
1789 1482 1997 1538 evasit.
2035 1479 2149 1535 Ali-

499 1571 745 1641 quando
775 1586 1037 1643 namque
1066 1570 1343 1626 mulieres
1379 1572 1640 1643 gravidas
1675 1577 1815 1627 sunt
1852 1570 2145 1626 discissa.

496 1663 943 1731 Nonnunquam
988 1659 1339 1715 tenellorum
1389 1661 1709 1716 infantium
1747 1661 1976 1716 viscera
2015 1675 2144 1732 per-

496 1749 736 1820 quisita.
766 1749 989 1803 Leones
1016 1737 1261 1820 insuper
1293 1750 1553 1805 mactati.
1583 1751 1648 1805 In
1671 1749 1841 1805 bellis
1868 1749 2146 1821 quaedam
2184 1769 2229 1824 Β

496 1837 876 1892 evocationes
927 1843 982 1892 et
1041 1838 1405 1909 expiationes
1463 1838 1813 1895 daemonum
1870 1842 2143 1910 peractae,

494 1924 716 1997 quibus
751 1926 842 1980 ille
869 1926 1176 1982 victoriam
1207 1927 1318 1982 sibi
1349 1927 1652 1983 conciliari
1680 1934 1766 1983 est
1801 1927 2144 1984 arbitratus.

496 2017 562 2070 Et
593 2016 919 2071 Maxentius
959 2016 1205 2086 quidem
1247 2015 1379 2071 talis
1416 2016 1543 2082 fuit,
1585 2024 1974 2088 tyrannorum
2017 2029 2145 2070 cru-

497 2101 794 2160 delitatem
813 2103 990 2174 longe
1010 2119 1456 2176 supergressus.
1479 2106 1600 2162 Sub
1619 2121 1742 2178 quo
1761 2110 1964 2162 Romae
1980 2108 2146 2162 tanta

497 2206 696 2248 rerum
738 2194 1214 2249 necessariarum
1255 2193 1364 2250 fuit
1401 2196 1672 2266 penuria,
1719 2201 1948 2267 quanta
1989 2209 2147 2250 nun-

496 2296 680 2354 quam
715 2289 893 2338 antea
921 2282 1102 2337 fuisse
1139 2285 1442 2339 memorias
1469 2283 1798 2356 prodittum
1827 2288 1935 2340 est.
1970 2283 2146 2340 Maxi-

497 2372 696 2426 minus
738 2378 938 2427 autem
978 2377 1272 2442 tyrannus
1319 2373 1590 2438 Orientis,
1636 2373 1851 2429 eadem
1895 2373 2141 2439 faciens,

498 2461 874 2515 contentione
905 2461 1173 2532 quadam
1206 2461 1365 2516 illius
1400 2462 1733 2519 faedissima
1767 2462 1990 2519 scelera
2018 2463 2146 2518 vin-

497 2563 649 2614 cere,
689 2549 1031 2621 primasque
1076 2549 1136 2604 in
1181 2549 1420 2622 ﬂagitiis
1463 2551 1614 2608 ferre
1651 2551 1880 2608 studuit
1921 2570 1936 2608 :
1978 2551 2144 2624 apud

495 2653 676 2709 quem
709 2640 882 2709 magi,
917 2644 972 2694 et
1002 2639 1061 2694 id
1090 2655 1280 2709 genus
1303 2642 1778 2712 praestigiatores,
1807 2642 2144 2713 praecipuos

495 2725 679 2781 tulere
723 2725 992 2782 honores.
1025 2730 1102 2783 Et
1131 2743 1270 2783 cum
1306 2730 1745 2800 superstitionis
1775 2735 1929 2786 esset
1956 2744 2144 2802 quam

497 2817 759 2871 maxime
810 2816 1137 2882 studiosus,
1193 2822 1372 2888 atque
1421 2819 1482 2873 in
1525 2818 1822 2875 idolorum
1875 2819 2038 2875 cultu
2088 2823 2146 2874 et

495 2919 692 2960 errore
721 2921 966 2976 prorsus
989 2906 1332 2971 immersus,
1357 2907 1585 2963 nullam
1609 2923 1739 2965 rem
1761 2923 2032 2980 unquam
2051 2906 2144 2963 vel

495 2994 808 3050 minimam
849 2995 1041 3050 facere
1081 3002 1168 3050 est
1209 3011 1554 3065 aggressus,
1583 2999 1730 3069 quin
1762 3007 1927 3054 vates
1955 3003 2011 3053 et
2036 3013 2144 3053 au-

494 3084 687 3154 spices
730 3083 1085 3140 consuleret.
1133 3085 1223 3141 Ita
1263 3085 1484 3141 scilicet
1527 3093 1617 3142 est
1645 3086 1895 3154 factum,
1927 3091 1991 3141 ut
2016 3101 2145 3157 per-
2177 3125 2220 3182 Ο

494 3173 862 3228 secutionem
906 3174 1199 3229 adversus
1238 3190 1350 3230 nos
1394 3175 1721 3248 susceperit
1748 3175 1939 3231 multo
1977 3190 2145 3231 acer-

493 3261 733 3328 rimam,
782 3278 851 3316 ac
895 3263 1118 3334 templa
1162 3263 1413 3319 deorum
1460 3264 1691 3336 passim
1731 3266 2143 3334 construxerit,

497 3352 960 3424 sacerdotesque
985 3368 1091 3424 per
1116 3353 1341 3424 oppida
1366 3359 1423 3408 et
1445 3353 1577 3409 loca
1603 3355 1802 3410 omnia
1833 3355 2146 3410 constitue-

493 3439 588 3504 rit,
631 3446 686 3495 et
732 3454 839 3512 per
880 3441 1254 3512 provinciam
1301 3441 1637 3514 quamlibet
1671 3444 2018 3515 pontiﬁcem
2060 3443 2146 3499 eis

493 3531 911 3600 praeposuerit,
955 3529 1248 3586 celebrem
1293 3533 1644 3604 quempiam
1691 3537 1748 3588 et
1789 3533 2146 3605 praeclarum

493 3619 707 3682 virum,
747 3620 850 3690 qui
893 3635 954 3674 se
996 3619 1270 3676 satellitio
1309 3621 1551 3677 militari
1596 3622 1929 3678 venditaret
1967 3628 2146 3694 atque

492 3708 916 3763 circumferret.
954 3709 1495 3780 Praestigiatoribus
1526 3711 1778 3784 aliisque
1800 3713 2146 3768 nominibus

495 3795 695 3867 impiis
745 3796 1120 3863 hominibus,
1171 3799 1350 3854 veluti
1394 3800 1648 3856 deorum
1700 3801 1934 3865 amicis,
1986 3799 2148 3856 idem

494 3885 794 3941 maximas
822 3887 1096 3958 quasbne
1123 3888 1772 3960 concessitdignitates.
1796 3891 2147 3947 Exactiones

495 3975 892 4046 pecuniarum
955 3977 1497 4035 innumerabilium
1558 3981 1828 4036 instituit.
1890 3979 2148 4052 Populos

497 4064 798 4133 subjectos
842 4066 1211 4133 gravissimis
1251 4069 1552 4139 oppressit
1579 4073 1636 4124 et
1663 4074 1839 4126 antea
1866 4068 2150 4125 inauditis

493 4153 794 4208 oneribus.
828 4153 1007 4226 47o
1037 4157 1425 4227 Locupletum
1445 4157 1662 4213 domos
1682 4158 1778 4213 vel
1800 4159 2054 4214 minima
2074 4156 2150 4212 de

495 4257 678 4298 causa
718 4248 773 4297 et
814 4249 1099 4314 praetextu
1147 4244 1547 4316 undecunque
1584 4246 1766 4318 petito
1803 4245 2148 4317 conpiiavit,

494 4330 778 4402 bonaque
829 4348 1042 4388 eorum
1073 4333 1487 4390 adulatoribus
1533 4341 1590 4390 et
1634 4335 1839 4391 mimis
1889 4336 2011 4391 suis
2062 4340 2155 4392 est

495 4419 767 4492 largitus.
808 4422 955 4476 Vino
987 4428 1190 4478 autem
1223 4423 1412 4479 multo
1443 4424 1706 4495 deditus,
1741 4425 1820 4481 ad
1850 4440 2154 4482 summam

497 4511 950 4580 contumeliam,
1000 4512 1401 4583 petulantiam
1445 4519 1502 4570 et
1545 4514 1976 4578 crudelitatem,
2020 4529 2157 4586 quae

497 4614 568 4654 ex
607 4598 888 4654 ebrietate
928 4602 1314 4672 proveniunt,
1358 4601 1506 4657 nihil
1552 4601 1688 4658 fecit
1725 4603 1958 4676 reliqui.
2002 4605 2159 4670 Qua-

497 4694 740 4759 pr0pter
779 4705 887 4760 per
925 4690 1264 4746 sobrietatis
1299 4695 1562 4763 tempus,
1607 4692 1774 4762 gravi
1807 4693 1882 4748 de
1918 4691 2158 4761 ﬂagitiis

495 4792 601 4848 per
651 4778 1042 4834 vinolentiam
1097 4779 1404 4846 admissis,
1457 4797 1620 4852 saepe
1675 4782 2024 4853 paenitentia
2074 4787 2164 4839 est

498 4872 667 4922 actus
706 4889 720 4923 :
753 4873 809 4922 et
848 4869 1013 4940 quod
1045 4869 1443 4940 prolixissime
1469 4869 1719 4942 crapula
1749 4887 1811 4927 se
1839 4872 2163 4941 ingurgita-

494 4960 603 5021 ret,
664 4956 810 5012 nihil
851 4958 1088 5013 sceleris
1140 4959 1499 5016 intentatum
1547 4959 1804 5032 reliquit,
1854 4960 2163 5018 familiari-

496 5045 735 5118 busque
784 5047 905 5101 suis
948 5047 1237 5103 omnibus
1271 5049 1662 5120 turpitudinis
1695 5049 1984 5120 magister
2025 5050 2158 5106 fuit.

500 5135 821 5206 Disciplina
858 5136 1098 5193 militari
1137 5137 1583 5205 soluta,auctor
1616 5138 1744 5204 fuit,
1770 5145 1833 5194 ut
1869 5139 2161 5195 exercitus

498 5224 577 5280 ad
623 5224 975 5280 deliciarum
1017 5231 1073 5281 et
1117 5227 1471 5297 rapinarum
1521 5227 1722 5284 studia
1759 5227 2156 5284 delaberetur.

502 5313 790 5369 Ordinum
840 5313 1188 5371 militarium
1234 5315 1439 5381 duces,
1484 5320 1542 5371 et
1585 5317 2034 5388 provinciarum
2073 5333 2160 5374 re-

500 5412 709 5468 ctores,
746 5404 992 5474 perinde
1021 5411 1201 5477 atque
1234 5406 1572 5478 tyrannidis
1602 5406 1734 5477 ejus
1767 5407 1933 5476 socii,
1965 5407 2158 5464 avari-

500 5491 599 5544 tiae
637 5492 864 5547 artibus
913 5509 974 5550 se
1022 5494 1579 5567 collocupletarunt.
1624 5496 1937 5553 Fmditates
1976 5512 2158 5567 porro

502 5593 657 5651 quas
690 5580 936 5639 libidine
976 5583 1256 5641 incitatus
1298 5586 1682 5661 perpetravit,
1723 5590 2055 5660 stupraque
2100 5590 2159 5644 et

2262 500 2395 550 οὕτω
2446 505 2508 568 τῇ
2571 493 2711 567 δεινῇ
2754 490 3045 566 τυραννίδι.
3105 490 3248 545 Οὗδε
3297 497 3398 565 γὰρ
3453 493 3732 565 ἀπαλλαγή
3778 515 3843 557 τις

3745 589 3843 638 Ἐπὶ

2261 683 2461 750 σμικρᾷ
2519 678 2621 746 γὰρ
2688 675 2944 745 προφάσει
3000 677 3121 732 τοῦς
3173 674 3259 724 ὑπ’
3320 673 3475 724 αὐτόν
3537 669 3843 747 δορυφόρους

2259 583 2618 662 προσεδοκᾶτο
2702 591 2797 644 τῆς
2882 591 2974 635 τοῦ
3047 585 3298 655 τυράννου
3393 584 3669 654 ὁμότητος.

2255 775 2363 828 τοῖς
2414 763 2608 838 δήμοις
2647 763 2806 828 ἀνεὶς,
2855 768 3040 837 μυρίον
3089 764 3281 822 πλῆθος
3319 762 3545 837 ἐθέριζεν
3575 779 3589 790 ·
3641 767 3709 825 ὡς
3738 766 3840 834 ὑπερ

2257 855 2476 929 ἀριθμὸν
2541 855 2856 906 καθεστάναι
2899 855 3015 911 τοὺς
3077 856 3361 912 πίπτοντας
3413 868 3427 879 ·
3487 857 3578 903 καὶ
3641 854 3844 921 συγκλη-

2254 952 2410 996 τικῶν
2487 939 2536 994 δ’
2597 942 2691 994 οὐκ
2758 941 2926 1011 ὀλίγοι
2988 945 3259 1002 πίπτοντες
3314 937 3472 1006 ἦσαν,
3533 944 3631 1001 τὰς
3685 941 3845 1002 οὐσίας

2253 1033 2720 1102 ἐπιϐουλευόμενοι.
2795 1030 2853 1082 Ἠ
2930 1027 2989 1082 δε
3060 1038 3156 1080 τῶν
3230 1037 3401 1080 κακῶν
3475 1035 3700 1103 κορωνὶς
3789 1031 3848 1091 εἰς

2253 1127 2494 1194 γοητείας
2550 1127 2639 1172 καὶ
2691 1125 3008 1192 μαγγανείας
3066 1118 3367 1191 προύχώρει
3418 1139 3432 1151 ·
3489 1122 3554 1178 ὡς
3604 1124 3729 1171 ποτε
3775 1127 3847 1190 μιν

2254 1217 2502 1280 γυναῖκας
2575 1209 2859 1280 ἐγκύμονας
2933 1207 3268 1278 ἀνασχίζειν,
3345 1211 3469 1259 ποτε
3541 1204 3608 1258 δὲ
3685 1217 3845 1282 νεκρὼ

2259 1297 2458 1371 βρεφῶν
2536 1298 2820 1369 σπλάγχνα
2895 1295 3283 1370 διερευνᾶσθαι,
3345 1301 3434 1348 καὶ
3494 1296 3712 1358 λέοντας
3759 1297 3841 1348 ἑτι.

2261 1389 2502 1460 σφάττειν
2552 1404 2566 1417 '
2614 1391 2702 1438 καί
2749 1405 2894 1448 τινας
2941 1385 3257 1458 προκλήσεις
3288 1390 3378 1436 καὶ
3426 1381 3708 1456 δαιμόνων
3744 1385 3834 1438 ἐει-

2256 1479 2613 1549 τροπιασμοῦς
2672 1483 2778 1535 τοῖς
2842 1474 3081 1546 πολέμοις
3148 1473 3411 1537 ἐπιτελεῖν,
3484 1475 3570 1535 οἷς
3635 1480 3753 1544 ᾤετο
3787 1478 3832 1526 τὰ

2257 1572 2346 1625 τῆς
2372 1569 2517 1626 νίκης
2566 1565 2705 1635 αὐτῷ
2762 1564 3111 1634 ἐπιγίνεσθαι.
3168 1569 3413 1624 Τοιοῦτος
3611 1564 3640 1614 ὁ
3681 1565 3834 1624 Μιξο-

2257 1673 2388 1720 τιος,
2433 1657 2691 1726 τυράννων
2744 1659 2917 1705 πᾶσαν
2965 1653 3212 1723 ὠμότητα
3267 1652 3333 1711 εἰς
3394 1654 3562 1722 ἀκρον
3623 1652 3843 1721 ὑπερείλ

2257 1742 2481 1815 λόμενος,
2536 1746 2603 1804 ὡς
2653 1747 2742 1793 καὶ
2797 1743 2984 1792 σπάνιν
3033 1740 3115 1792 ἰπὶ
3161 1745 3356 1811 Ῥώμης
3405 1749 3510 1792 τῶν
3571 1740 3846 1810 ἀναγκαίων

2256 1840 2602 1897 καταστῆναι,
2654 1833 2765 1882 οἵαν
2817 1827 3085 1902 μηδέποτε
3130 1832 3370 1899 γενέσθαι
3415 1829 3578 1900 λόγος
3630 1834 3766 1898 ἔχει.
3804 1830 3853 1882 ⁵0

2259 1919 2310 1974 δ’
2350 1921 2428 1974 in”
2467 1920 2716 1980 ἀνατολῆς
2754 1923 3000 1991 τύραννος
3035 1918 3340 1989 Μαξιμῖνος,
3395 1922 3466 1970 τὰ
3503 1923 3610 1970 ἶσα
3649 1925 3739 1971 καὶ
3776 1920 3856 1970 αὗ-

2256 2013 2340 2070 τὸς
2413 2012 2674 2084 πράττων,
2750 2015 2966 2066 νικῆσαι
3039 2007 3232 2079 μᾶλλον
3308 2006 3624 2078 ἐφιλονείκει
3692 2015 3858 2059 τοῦτον

2257 2107 2372 2162 ταῖς
2429 2099 2858 2172 αἰσχρουργίαις,
2913 2101 3002 2149 καὶ
3051 2100 3108 2148 τὸ
3161 2105 3359 2168 πρῶτον
3410 2095 3461 2147 ἐν
3505 2105 3702 2157 κακοῖς
3756 2097 3861 2149 απε-

2255 2189 2560 2260 νέγκασθαι.
2625 2190 2690 2239 Οἱ
2737 2206 2792 2239 τε
2847 2189 2948 2260 γὰρ
3015 2188 3178 2256 μάγοι
3228 2191 3318 2237 καὶ
3349 2186 3466 2236 ὅσοι
3521 2193 3653 2259 περὶ
3682 2192 3860 2256 γόητας

2256 2280 2324 2329 τὰ
2374 2286 2556 2352 πρῶτα
2603 2275 2725 2348 παρ’
2761 2275 2900 2345 αὐτῷ
2953 2283 3048 2336 τῆς
3091 2271 3245 2345 τιμῆς
3289 2272 3612 2348 ἀπεφέροντο
3643 2292 3658 2302 ⁸
3713 2271 3861 2327 δεισι-

2257 2371 2462 2447 δαίμων
2516 2391 2572 2426 τε
2601 2377 2738 2445 εἴπερ
2794 2393 2875 2434 τις
2920 2373 3008 2436 ὧν,
3057 2376 3294 2444 καὶπερὶ
3350 2377 3445 2430 τὴν
3489 2380 3598 2424 τῶν
3649 2369 3862 2425 εἰδώλων

2254 2464 2452 2520 πλάνην
2513 2459 2719 2534 σφόδρα
2769 2461 3094 2533 ίπτοημένος,
3151 2457 3276 2512 οὐδέ
3322 2480 3374 2512 τι
3405 2470 3508 2512 τῶν
3571 2461 3860 2532 έλαχίστιη

2255 2555 2362 2615 οἷός
2413 2551 2460 2604 τ’
2536 2552 2755 2624 ἐνεργεῖν
2810 2548 2870 2608 ἦν
2931 2558 3182 2622 μαντειῶν
3250 2551 3368 2602 ἄνευ
3427 2557 3518 2602 καὶ
3583 2558 3856 2624 τερατείας

2255 2645 2344 2695 Διὸ
2404 2646 2495 2694 καὶ
2550 2650 2620 2711 τῲ
2673 2639 2790 2692 καθ’
2850 2643 2994 2707 ημῶν
3047 2636 3267 2711 διωγμῷ
3317 2635 3683 2714 σφοδρότερον

2253 2733 2414 2806 ῥάγη,
2464 2737 2584 2791 νεώς
2620 2748 2675 2782 τε
2704 2729 2946 2793 ᾶνιστῶν,
3001 2732 3151 2802 ἱερεῖς
3197 2747 3251 2780 τε
3301 2731 3436 2780 κατὰ
3488 2736 3675 2781 πᾶσαν
3733 2731 3860 2782 πόλει

2255 2825 2344 2873 καὶ
2396 2825 2602 2892 χώραν,
2649 2823 2739 2870 καὶ
2796 2817 2878 2870 έπὶ
2932 2821 3139 2878 τούτοις
3194 2815 3449 2891 ἀρχιερέα
3501 2816 3582 2888 ἔφ’
3647 2818 3866 2880 ἑκάστης

2255 2909 2515 2982 ἐπαρχίας
2562 2910 2746 2971 τιθεὶς,
2800 2902 3050 2980 περιφανῆ
3083 2925 3200 2958 τινα
3250 2911 3342 2958 καὶ
3369 2905 3663 2976 ἐπίσημον,
3714 2927 3864 2974 στρα-

2255 2998 2471 3069 τιωτικῇ
2527 2993 2818 3069 δορυφορίᾳ
2869 2995 3142 3069 ἐμπρέπειν
3187 2995 3402 3048 ἐκέλευε.
3448 2999 3628 3052 Γοήσι
3681 2995 3742 3049 δε
3782 3003 3856 3048 καὶ

2256 3086 2471 3140 ἀσεϐέσι
2501 3091 2590 3146 τὰς
2628 3090 2878 3157 μεγίστας
2925 3093 3026 3136 τῶν
3072 3084 3253 3156 ἀρχῶν
3293 3086 3379 3136 οἶα
3409 3081 3481 3142 δὴ
3516 3087 3700 3156 φίλοις
3744 3089 3850 3137 θεῶν

2253 3173 2517 3250 ἐδωρεῖτο.
2580 3175 2841 3229 Ἐντεῦθεν
2906 3183 3198 3246 χρημάτων
3257 3172 3547 3245 ἀμυθήτων
3598 3175 3858 3248 εῖσπραξις

2231 3263 2315 3324 ’ἦν
2347 3285 2363 3298 ο
2413 3265 2743 3339 βαρυτάταις
2772 3261 2822 3315 δ’
2855 3263 3107 3324 ἐπινοίαις
3159 3266 3217 3315 τό
3267 3264 3495 3321 ὑπήκοον
3526 3263 3820 3338 ἑξετρίϐετο
3846 3285 3863 3296 ·

2252 3360 2342 3408 καὶ
2398 3358 2492 3418 τὰς
2542 3363 2640 3407 τῶν
2699 3354 2926 3428 εὐπόρων
2981 3354 3146 3414 οἰκίας
3212 3352 3295 3405 ἰπὶ
3350 3360 3554 3428 σμικρᾷ

2254 3445 2438 3517 ἁθρόον
2493 3443 2704 3510 ἀντλῶν,
2754 3446 2848 3504 τὰς
2899 3442 3079 3504 οὐσίας
3139 3451 3251 3503 τοῖς
3307 3448 3420 3517 περὶ
3472 3444 3635 3496 αὐτόν
3699 3451 3870 3517 μίμοις

2253 3539 2346 3586 καὶ
2423 3533 2630 3596 κόλαξιν
2699 3530 2967 3600 ἐδωρεῖτο.
3036 3533 3122 3593 Ἐς
3176 3539 3432 3584 τοσοῦτσν
3500 3529 3563 3584 δὲ
3625 3543 3705 3604 τῷ
3761 3538 3864 3602 οϊνῳ

2254 3625 2516 3681 ἡττᾶσθαι
2570 3627 2659 3674 καὶ
2707 3626 2978 3693 παροινίας
3032 3618 3183 3673 οὐδεν
3240 3621 3480 3673 ἐλλείπειν
3557 3629 3757 3692 φασὶν,
3810 3626 3866 3680 ὣς

2254 3715 2388 3785 μετὰ
2460 3711 2617 3782 νῆψιν
2669 3711 2934 3782 μεταμέλῳ
3009 3712 3252 3784 χρῆσθαι
3301 3718 3406 3770 τοῖς
3483 3718 3864 3784 πραττομένοις

2254 3802 2424 3872 πολλῷ
2458 3819 2472 3831 ·
2529 3799 2828 3876 κραιπαλῶν
2860 3797 2910 3851 δ’
2942 3798 3180 3869 ιὰσωτως
3227 3802 3296 3860 ὡς
3320 3796 3486 3871 μηδὲν
3531 3799 3624 3871 ἐᾷν
3673 3801 3866 3872 ἀνεξέρ-

2254 3911 2450 3963 γαστον
2507 3907 2520 3918 ·
2586 3890 2726 3950 τελος
2776 3896 2884 3950 τοῖς
2938 3893 3056 3960 περὶ
3107 3889 3261 3939 αὐτόν
3309 3889 3480 3941 ᾶπασι
3537 3887 3863 3942 διδάπαὶεν

2255 3980 2576 4033 καθεστάναι
2623 3979 2983 4052 αἰσχρότητος
3015 3995 3026 4006 ·
3085 3980 3296 4030 ἔκλυτον
3355 3975 3413 4030 δε
3476 3987 3597 4040 ταῖς
3653 3987 3863 4053 τρυφαῖς

2257 4065 2388 4122 εἶναι
2437 4073 2494 4121 τὸ
2549 4071 2925 4140 στρατιωτικὸν
2986 4069 3194 4131 πείθων,
3254 4073 3344 4118 καὶ
3402 4075 3519 4129 ταῖς
3581 4068 3866 4140 ana-,an

2258 4158 2510 4230 μελέταις.
2580 4160 2868 4230 Στρατηγοὶ
2925 4152 2984 4208 δε
3049 4160 3137 4206 καὶ
3198 4151 3431 4208 διοικταὶ
3481 4159 3681 4209 ὡσανεὶ
3753 4177 3868 4210 συν-

2259 4254 2622 4322 τυραννοῦντες
2677 4242 2810 4304 ἧσαν
2861 4244 3020 4315 αὐτῷ,
3077 4241 3172 4297 διὰ
3222 4248 3398 4307 πάσης
3464 4249 3688 4309 ηκοντες
3735 4249 3868 4299 πλεο-

2261 4337 2428 4400 νεξίας
2474 4341 2564 4388 καὶ
2612 4335 2872 4408 ἁρπαγῆς.
2921 4337 3026 4395 Τὰς
3077 4331 3128 4386 δ’
3186 4334 3428 4406 ἐμπαθεῖς
3477 4335 3742 4407 ἐργασίας
3789 4345 3870 4388 καὶ

2262 4430 2350 4479 τὸν
2404 4425 2624 4498 ἀριθμὸν
2676 4433 2775 4475 τῶν
2827 4423 3279 4494 παλλακευομένων
3339 4425 3476 4494 αῦτῷ
3532 4435 3643 4488 πῶς
3687 4429 3748 4478 ἂν
3804 4445 3872 4484 τις

2265 4521 2355 4569 καὶ
2409 4512 2659 4577 διεξέλθοι
2692 4531 2706 4580 ;
2743 4513 2895 4565 Πόλιν
2935 4516 3033 4585 γὰρ
3067 4510 3316 4585 οὐδεμίαν
3363 4509 3423 4571 ἦν
3465 4515 3766 4588 παρελθεῖν,
3799 4521 3863 4586 μή

3798 4605 3867 4656 Οὐ

2268 4695 2385 4747 καθ’
2441 4695 2585 4765 ημῶν
2641 4689 2698 4744 δὲ
2750 4694 2935 4764 μόνων,
2999 4690 3125 4744 ἀλλὰ
3172 4697 3261 4744 καὶ
3318 4695 3454 4744 κατὰ
3513 4696 3729 4746 πάντων
3775 4703 3868 4745 τῶν

2268 4607 2461 4678 φθορὰς
2535 4609 2625 4655 καὶ
2699 4603 2941 4675 ἁρπαγὰς
3012 4611 3271 4673 γυναικῶν
3345 4603 3710 4675 εἰργασμνον.

2231 4828 2234 4831 .
2269 4784 2512 4840 ὑπηκόων
2542 4778 2671 4855 ἔδρα
2699 4784 2765 4833 τὰ
2812 4777 3087 4837 πάνδεινα.
3122 4780 3272 4853 Ἡμῖν
3303 4784 3404 4854 γὰρ
3445 4781 3555 4852 οὐχ
3592 4786 3644 4835 οἱ
3691 4779 3869 4854 ἀνδρες

2269 4875 2400 4946 πρὸς
2449 4879 2552 4945 πῦρ
2610 4875 2700 4922 καὶ
2760 4868 2999 4943 σίδηρον,
3055 4876 3144 4922 καὶ
3197 4868 3391 4943 βυθοὺς
3446 4872 3747 4937 Θαλάσσης,
3791 4877 3874 4922 καί

2269 4960 2418 5032 λιμόν
2469 4966 2558 5012 καὶ
2595 4959 2770 5031 ψῦχος
2825 4956 3257 5030 διηγγωνίζοντο,
3306 4964 3396 5012 καὶ
3443 4962 3607 5031 θῆρας
3657 4960 3876 5033 ign-(ica;

2270 5055 2361 5103 καὶ
2420 5049 2582 5121 μελῶν
2647 5048 2866 5120 ἐκτομὰς
2934 5051 3056 5123 ὑσερ
3126 5057 3218 5110 τῆς
3280 5049 3351 5110 εἰς
3403 5053 3535 5102 Θεὸν
3592 5049 3873 5108 εὗσεϐείας,

2272 5138 2400 5190 ἀλλὰ
2462 5143 2550 5190 καὶ
2611 5146 2849 5209 γυιαῖκες
2909 5140 2973 5190 τά
3019 5142 3115 5190 ἶσα
3166 5142 3294 5213 πρὸς
3346 5146 3438 5190 τοῦ
3521 5141 3662 5191 θείου
3723 5139 3878 5209 λόγον

2271 5228 2615 5303 ἠρρενωμέναι
2690 5229 3002 5299 πάσχουσαι
3079 5224 3440 5300 διεκαρτέρουν
3525 5244 3541 5257 ·
3624 5232 3720 5280 καὶ
3794 5227 3877 5277 ἐπὶ

2271 5318 2464 5390 φθορὰν
2520 5316 2786 5388 ἀγόμεναι,
2845 5319 3025 5368 θᾶττον
3069 5315 3129 5367 ἆν
3183 5321 3275 5374 τὴν
3321 5317 3506 5387 ψυχὴν
3551 5318 3579 5376 ᾖ
3615 5322 3677 5369 τὸ
3728 5327 3877 5388 σῶμα

2269 5403 2582 5482 προῦδωκαν
2639 5424 2652 5437 ο
2713 5409 2780 5466 ὡς
2838 5402 3025 5468 ἔδειξεν
3072 5408 3100 5464 ἡ
3163 5406 3278 5458 κατ’
3329 5404 3734 5478 Ἀλεξάνδρειαν
3791 5405 3880 5456 ἐπί

2272 5515 2441 5569 σημος
2500 5497 2664 5553 ἐκείνη
2727 5499 2818 5547 καὶ
2875 5492 3157 5556 διαϐόητος
3213 5494 3296 5547 ἐπὶ
3350 5499 3662 5569 σωφροσύνῃ
3720 5497 3876 5567 γυνὴ,

2269 5585 2477 5661 πλούτῳ
2505 5590 2596 5638 καὶ
2641 5580 2859 5658 παιδείᾳ
2895 5589 2984 5640 καὶ
3015 5581 3149 5660 δόξῃ
3207 5580 3489 5659 διαφανὴς,
3542 5588 3636 5645 τήν
3693 5584 3879 5641 auola-
