4028 6294
159 302 294 364 1253

1183 303 1746 363 ECCLESIASTICIE
1786 303 2150 363 HISTORL/E
2189 306 2327 363 LIB.
2367 300 2488 362 VII.

3384 301 3522 364 1254

155 443 274 478 στον
318 426 510 477 ἑκείνου
556 423 744 496 ψυχὴν
801 423 936 476 κατὰ
981 424 1167 499 κράτος
1196 427 1465 482 νικήσασα
1495 441 1509 452 ⁸
1567 422 1627 481 ἣν
1679 420 1747 483 δὴ

1868 424 2156 481 adulteria
2194 423 2348 494 ejur,
2377 422 2514 494 quis
2541 437 2752 495 quaeso
2784 437 3085 494 exponere
3111 422 3348 494 possit?
3378 423 3529 480 Civi-

149 523 347 567 κτεῖναι
426 510 687 585 δεομένην,
748 515 776 572 ἦ
839 517 924 566 τὸν
1003 532 1241 585 σωφρονα
1306 512 1555 584 λογισμὸν
1631 532 1755 586 προ-

152 601 358 674 δοῦναι,
417 611 504 664 τῆς
561 603 836 675 ἐπιθυμίας
887 601 1078 674 μᾶλλον
1133 603 1161 662 ἡ
1216 610 1306 654 τοῦ
1354 604 1518 674 θυμοῦ
1570 621 1754 674 τυραν-

149 697 367 762 νούσης,
417 698 503 744 καὶ
571 700 685 754 ταῖς
753 693 925 744 ἐλπίσι
972 693 1411 766 μιτεωριζούσης,
1472 691 1530 743 ού
1592 711 1754 749 κατη-

150 783 358 846 ξίωσεν.
415 781 692 854 Ἀειφυγίᾳ
739 778 796 834 δὲ
837 782 1130 852 ζημιώσας,
1190 785 1367 853 κύριον
1426 780 1606 832 ἑαυτὸν
1659 789 1754 842 τῆς

147 876 456 946 περιουσίας
509 873 762 926 καθίστα.
826 870 1017 923 Πολλαὶ
1057 872 1146 941 μὲν
1177 866 1264 921 οὖν
1294 873 1384 921 καὶ
1437 868 1589 920 ἄλλαι
1619 872 1754 920 κατὰ

145 969 344 1023 τόπους
391 957 521 1033 μηδ’
575 961 753 1034 ἄκροις
796 959 925 1011 ὠσὶν
971 958 1332 1031 ἀνασχόμεναι
1385 961 1748 1030 πορνιυθῆναι,

146 1053 323 1103 πάντα
367 1051 547 1102 παθεῖν
596 1050 729 1121 ἄχρι
782 1046 849 1107 δὴ
895 1051 1114 1101 θανάτου
1174 1049 1460 1118 ἠνέσχοντο
1493 1091 1506 1103 .
1550 1052 1648 1100 Καὶ
1695 1067 1754 1118 γε

147 1141 446 1210 θαυμάσιαι
495 1142 584 1209 μὲν
640 1137 848 1202 ἐκεῖναι,
903 1136 1072 1207 πολλῷ
1130 1133 1188 1188 δὲ
1243 1135 1636 1209 ὑπερϐάλλουσα
1681 1144 1752 1206 τῷ

144 1232 294 1299 μέσῳ
332 1229 360 1284 ἡ
426 1225 510 1277 ἐπὶ
539 1226 733 1297 Ῥώμης
782 1226 944 1283 ἐκείνη
996 1227 1199 1296 εὐγενὴς
1247 1234 1317 1295 τῷ
1375 1229 1483 1276 ὄντι
1531 1224 1684 1294 ψυχή
1728 1238 1744 1251 ο

143 1319 218 1368 τὰ
247 1319 348 1389 γὰρ
398 1316 552 1386 όμοια
605 1309 735 1386 δρᾷν
768 1315 946 1367 ἐθελων
987 1314 1259 1385 Μαξιμὶνῳ
1313 1314 1614 1380 Maian“,
1669 1314 1754 1365 οἶα

143 1409 217 1456 τὰ
249 1412 470 1475 συγγενῆ
527 1409 616 1456 καὶ
672 1401 870 1474 ἀδελφά
912 1403 983 1474 ἐφ’
1037 1403 1206 1454 ἅπασι
1262 1408 1354 1454 καὶ
1414 1411 1606 1474 φρονῶν
1665 1407 1748 1454 καὶ

144 1495 394 1566 πράττων
447 1493 640 1563 ἐκείνῳ,
715 1495 918 1565 ἐπείπερ
974 1491 1139 1549 ἐκείνη
1208 1496 1324 1550 τοὺς
1380 1500 1468 1551 τῆς
1525 1491 1758 1564 πράξεως

147 1584 452 1654 ὑπουργοὺς
507 1590 580 1651 τῷ
629 1585 854 1656 σφετέρῳ
913 1584 1036 1652 οἴκῳ
1091 1581 1402 1642 ἐπιστάντας
1455 1583 1604 1650 ἔγνω,
1663 1585 1753 1632 καὶ

145 1679 320 1722 ταῦτα
373 1679 464 1722 τοῦ
526 1667 711 1743 ἀνδρὸς
768 1670 927 1730 αὐτῆς
990 1674 1081 1728 τὴν
1142 1677 1233 1722 τοῦ
1299 1669 1542 1744 ἐπάρχου
1606 1666 1752 1730 ἀξίαν

148 1757 598 1835 διαχειρίζοντος,
645 1762 1077 1820 κατασεισθέντος
1119 1768 1191 1829 τῷ
1232 1755 1337 1811 δέει
1389 1764 1478 1810 καὶ
1535 1757 1752 1828 ἀπάγειν

145 1849 464 1914 κελεύοντος,
522 1848 630 1901 ἐπεὶ
679 1847 894 1910 ἐξιοῦσα
941 1849 999 1900 ού
1062 1850 1195 1900 πάνυ
1245 1848 1373 1900 πολὺ
1423 1852 1608 1920 προῄει
1660 1865 1752 1898 του

145 1941 322 2005 οἴκου,
382 1939 920 2010 ύποπαραιτησαμένη
955 1933 1112 1996 δῆθεν
1157 1941 1274 1999 τοὺς
1327 1937 1551 2008 οῖγοντας
1580 1939 1643 1995 ὡς
1691 1933 1750 1986 ἆν

141 2031 279 2098 πρὸς
310 2031 700 2100 εῦσχημὸτερον
751 2024 990 2079 διάθοιτο
1036 2026 1221 2083 ἑαυτήν
1261 2040 1274 2052 ·
1328 2027 1630 2097 μονωθεῖσα
1669 2021 1746 2088 δί,

145 2120 246 2173 τὴν
303 2119 578 2190 μάχαιραν
628 2119 762 2168 κατὰ
799 2125 897 2167 τῶν
947 2117 1176 2186 ἑγκάτων
1225 2115 1411 2173 ἤλαυνε
1444 2131 1457 2144 ·
1519 2119 1604 2165 τον
1661 2115 1750 2184 μὶν

147 2205 316 2266 αύτῆς
391 2209 566 2279 νεκρὸν
643 2204 849 2266 ἐκείνοις
901 2205 1150 2269 λιποῦσα,
1214 2207 1384 2277 ἔργοις
1443 2200 1502 2256 δὲ
1575 2203 1752 2264 αὐτοῖς

144 2292 568 2369 παραδιικνῦσα,
645 2297 726 2348 ὅτι
790 2299 942 2368 μόνον
996 2297 1289 2369 χρημάτων
1339 2294 1576 2345 ἁπάντων
1627 2291 1753 2343 ἀνω-

143 2382 325 2456 λεθρον
387 2390 476 2436 καὶ
535 2383 792 2442 ἀήττητον
858 2387 887 2443 ἡ
941 2387 1083 2457 παρὰ
1115 2390 1486 2456 Χραιστιανοίς
1534 2385 1752 2453 πέφυκεν

150 2471 332 2545 ἀρετὴ,
389 2477 476 2524 καὶ
543 2469 695 2525 οὐδὲν
756 2471 1039 2547 ἐρρωμένου
1105 2473 1362 2544 λογισμοῦ
1439 2469 1751 2543 βιαιοτερον.

147 2564 393 2620 Τοσαύτη
449 2565 638 2624 κακίας
668 2565 800 2635 φορὰ
832 2564 932 2614 ὑπὸ
984 2565 1070 2613 τὸν
1111 2562 1266 2614 αὐτὸν
1316 2566 1403 2612 καὶ
1446 2563 1532 2612 ἕνα
1565 2561 1754 2634 χρόνον

147 2656 246 2708 τήν
289 2670 341 2703 τι
379 2652 442 2703 ἕω
489 2656 579 2703 καὶ
626 2651 846 2725 ἑσπέραν
896 2648 1154 2723 διείληρεν
1193 2652 1294 2702 ὑπὸ
1335 2658 1433 2702 τῶν
1485 2647 1580 2701 δύο
1640 2651 1756 2700 τού-

154 2759 251 2791 των
303 2743 559 2813 τυράννων
611 2738 809 2811 ἀδελφὰ
856 2745 1170 2813 φρονούντων
1217 2744 1286 2812 ἐφ’
1318 2740 1512 2792 οἱπασιν
1559 2755 1572 2768 ο
1623 2741 1757 2790 ὧστι

161 2826 488 2892 ἀδιστάκτως
543 2828 916 2902 ἀποφηναμένῳ
973 2831 1130 2882 εἰπεῖν
1189 2830 1383 2891 ἔξεστιν
1447 2832 1609 2880 αἰτιον
1662 2837 1756 2888 τῆς

164 2918 324 2970 αὐτῶν
393 2922 657 2982 τοσαύτης
709 2920 1114 2991 ἑγκαταλείψιως
1171 2921 1279 2991 μετ’
1348 2919 1518 2990 ὀλίγον
1591 2913 1756 2988 μηδὲν

158 3007 276 3059 α’λλο
324 3027 385 3080 γε
431 3005 560 3060 εἶναι
592 3009 620 3066 ἦ
654 3012 741 3061 τὸν
793 3008 910 3061 καθ’
961 3011 1104 3081 ἡμῶν
1139 3005 1374 3079 διωγμόν
1414 3022 1426 3034 ⁸
1485 3007 1535 3067 ὃς
1567 3003 1632 3062 δὴ
1667 3008 1756 3056 καὶ

156 3098 342 3149 στάσιν
391 3097 614 3168 εἰλήχει,
672 3100 818 3169 ἡμῶν
848 3102 941 3157 τὴν
997 3099 1195 3157 συνήθη
1253 3096 1552 3172 παρρησίαν
1605 3090 1758 3156 αὖθις

153 3183 535 3238 ἀπολαϐόντων.

1863 519 2043 570 tatem
2104 513 2397 584 praeterire
2457 513 2644 583 potuit
2705 511 2953 576 nullam,
3016 512 3162 584 quin
3220 511 3521 584 plerasque

1860 603 2136 659 mulieres
2178 602 2524 656 vitiarenlur
2553 606 2731 671 atque
2753 608 3116 671 raperentur.
3162 601 3276 656 Nec
3312 603 3374 656 in
3405 617 3516 657 nos

1861 693 2043 758 solos,
2079 692 2182 747 sed
2206 692 2265 746 in
2297 706 2509 746 omnes
2541 691 2722 744 etiam
2761 690 3034 745 subditos
3066 705 3206 745 suos
3253 707 3346 745 res
3396 697 3518 746 tam

1861 797 2072 851 graves
2129 780 2409 836 exercuit.
2475 779 2650 850 Apud
2708 793 2818 834 nos
2866 779 3111 851 quidem
3173 781 3233 834 in
3286 780 3521 836 Oriente

1854 872 2027 942 juxta
2061 876 2115 926 et
2139 868 2474 932 Occidente,
2508 883 2629 923 non
2655 868 2760 922 viri
2781 873 3013 924 tantum
3045 875 3287 940 propter
3315 885 3521 925 veram

1858 961 1919 1015 in
1953 963 2134 1014 Deum
2185 959 2489 1029 pietatem,
2533 956 2821 1012 adversus
2852 958 3077 1027 ignem,
3115 957 3361 1023 ferrum,
3399 957 3524 1026 gla-

1859 1049 2012 1114 dios,
2047 1049 2230 1102 maris
2264 1046 2480 1109 undas,
2512 1044 2756 1110 famem,
2796 1053 3009 1101 aestum
3040 1051 3094 1101 et
3138 1046 3426 1114 algorem,
3467 1052 3524 1102 et

1861 1143 2068 1193 contra
2105 1137 2296 1192 bestia
2321 1176 2338 1199 ,
2367 1133 2898 1205 membrorumque
2927 1133 3303 1190 concisiones
3335 1135 3525 1206 depu-

1860 1233 2122 1296 gnarunt
2173 1242 2184 1279 :
2243 1224 2347 1278 sed
2387 1228 2442 1278 et
2499 1223 2864 1277 mulierculae
2918 1223 3122 1278 divino
3171 1222 3518 1279 confortattn

1861 1315 2064 1382 verbo,
2111 1313 2319 1368 eadem
2369 1312 2498 1366 haec
2547 1311 2803 1382 perferre
2856 1313 3266 1366 sustinuerunt
3321 1328 3334 1364 :
3384 1329 3522 1384 quas

1860 1420 1996 1458 cum
2038 1403 2117 1458 ad
2146 1403 2611 1472 corruptionem,
2671 1406 2946 1470 stuprum
2969 1407 3020 1455 et
3057 1401 3356 1472 pudicitia
3385 1417 3524 1456 con-

1858 1493 2314 1548 taminationem
2356 1490 2738 1552 ducerentur,
2770 1489 2950 1544 vitam
2976 1490 3147 1544 citius
3185 1505 3371 1561 quam
3398 1505 3524 1544 cor-

1857 1599 1973 1654 pus
2015 1579 2424 1652 prodiderunt.
2456 1579 2516 1633 ιιι
2535 1579 2700 1650 quod
2722 1580 2956 1648 egregie
2987 1578 3247 1634 ostendit
3275 1578 3524 1634 Alexan-

1859 1671 2033 1727 drina
2062 1669 2388 1725 illamulier
2416 1668 2512 1739 (t),
2562 1667 2800 1738 opibus,
2831 1669 2962 1723 vitae
2994 1668 3278 1732 instituto,
3313 1668 3527 1724 virtute

1863 1766 1920 1816 et
1950 1760 2010 1815 in
2051 1759 2257 1830 primis
2289 1757 2573 1814 castitatis
2604 1756 2791 1826 gloria
2829 1756 3100 1822 celebris,
3155 1772 3286 1828 quae
3330 1755 3527 1811 libidi-

1861 1864 2086 1904 nosum
2116 1849 2246 1917 ejus
2297 1846 2570 1901 animum
2627 1845 2950 1900 fortissime
2997 1846 3316 1916 superavit.
3379 1846 3524 1900 Cum

1861 1954 2125 2009 namque
2155 1952 2294 1991 eum
2321 1934 2422 1989 illa
2444 1935 2857 1998 obtestaretur,
2895 1939 2957 1989 ut
2983 1934 3166 1989 vitam
3182 1933 3296 1989 sibi
3322 1934 3521 2005 potius

1861 2043 2045 2099 quam
2076 2025 2426 2097 pudicitiam
2446 2023 2752 2088 adimeret,
2775 2023 2938 2095 quod
2956 2023 3284 2094 cupiditate
3308 2023 3524 2092 magis,

1861 2132 1996 2188 quae
2033 2131 2172 2170 eum
2198 2115 2258 2169 in
2292 2128 2576 2182 magnam
2597 2128 2767 2184 spem
2790 2117 2927 2168 voto
2959 2129 3068 2167 suo
3095 2113 3361 2184 potiendi
3393 2128 3528 2167 sus-

1863 2204 2093 2269 tulerat,
2133 2218 2320 2274 quam
2345 2202 2432 2257 ira
2461 2209 2854 2273 grassaretur,
2903 2201 3182 2273 precibus
3235 2202 3364 2272 ejus
3402 2217 3526 2257 non

1863 2291 2177 2365 acquievit,
2235 2291 2340 2346 sed
2405 2291 2533 2361 ejus
2566 2290 2625 2345 in
2677 2295 3030 2360 perpetuum
3076 2296 3222 2346 actae
3248 2290 3523 2346 exsilium

1863 2381 2263 2438 substantiam
2296 2396 2539 2435 omnem
2569 2379 2874 2443 involavit,
2911 2379 3146 2451 sibique
3175 2379 3527 2435 vindicavit.

1865 2471 2053 2527 Multas
2083 2475 2366 2541 prmterea
2387 2468 2518 2525 alias
2550 2468 2610 2522 in
2643 2468 2937 2540 plerisque
2969 2468 3134 2533 locis,
3169 2484 3243 2523 ne
3271 2469 3526 2524 summis

1864 2559 2112 2632 quidem
2133 2557 2380 2614 auribus
2412 2557 2486 2612 de
2518 2565 2724 2628 stupro
2757 2573 2817 2611 se
2845 2556 3189 2628 compellari
3228 2557 3524 2628 patientes

1867 2649 2193 2703 durissima
2215 2645 2560 2718 qumquead
2589 2652 2840 2700 mortem
2867 2661 3050 2716 usque
3079 2646 3366 2716 pertulere
3397 2661 3526 2701 ma-

1866 2737 1944 2793 la.
1979 2739 2116 2801 Quae
2146 2734 2796 2807 quidem'admirandte
2844 2741 2982 2789 sunt
3023 2751 3255 2799 omnes,
3311 2734 3412 2790 illa
3441 2739 3527 2790 ta-

1868 2842 2002 2882 men
2026 2825 2317 2896 praaclara
2329 2823 2588 2879 maxime
2610 2823 3059 2878 nobilissimam
3080 2824 3224 2878 urbe
3252 2827 3525 2880 Romana

1868 2915 2090 2971 anima.
2133 2913 2460 2968 Maxentius
2513 2928 2796 2984 namque,
2831 2913 2931 2984 qui
2973 2912 3219 2968 libidine
3267 2913 3527 2968 Maximi-

1796 3032 1835 3090 ρ
1867 3019 2012 3058 num
2036 3002 2306 3058 aemulari
2339 3002 2399 3056 in
2431 3001 2703 3056 animum
2734 3001 3071 3066 induxerat,
3103 3001 3401 3057 eademin
3439 3017 3528 3057 re-

1865 3093 1980 3147 bus
2009 3092 2294 3148 omuibus
2346 3106 2480 3164 quas
2524 3090 2639 3158 ille,
2689 3090 2866 3146 veluti
2908 3092 3287 3162 propinquus
3346 3096 3522 3163 atque

1868 3181 2048 3237 frater
2078 3185 2134 3236 et
2167 3181 2426 3236 sentiens
2464 3185 2521 3235 et
2551 3179 2793 3246 faciens,
2823 3179 2884 3234 in
2914 3180 3076 3235 sedes
3125 3180 3254 3250 ejus
3290 3179 3524 3238 feminae

150 3275 536 3332 administros
561 3275 752 3346 stupri
778 3278 1022 3333 miserat
1049 3278 1128 3347 (2)
1158 3294 1174 3331 τ
1226 3275 1336 3347 47
1356 3277 1400 3345 1
1435 3274 1802 3344 maritusque
1833 3271 1964 3342 ejus
1994 3269 2408 3341 praefecturam
2440 3267 2606 3324 urbis
2655 3283 2888 3338 gerens,
2933 3271 3144 3325 timore
3191 3269 3528 3341 perculsus,

157 3363 378 3420 abduci
405 3379 540 3420 eam
561 3364 846 3434 jusserat.
894 3365 1023 3436 ipsa
1056 3371 1257 3421 autem
1304 3365 1489 3420 domo
1518 3377 1758 3432 egressa
1789 3360 1887 3432 (3),
1931 3375 2070 3414 cum
2107 3357 2420 3428 paululum
2471 3357 2803 3413 admodum
2837 3358 3242 3428 processisset,
3300 3358 3524 3414 dolosis

156 3451 462 3508 blanditiis
494 3469 530 3509 a
577 3453 1036 3524 productoribus
1069 3455 1190 3509 suis
1242 3453 1602 3525 impetravit,
1650 3458 1711 3506 ut
1750 3449 1861 3504 sibi
1912 3448 1971 3502 in
2003 3447 2162 3501 aedes
2201 3447 2278 3502 ad
2320 3446 2594 3502 habitum
2628 3447 3026 3518 vestitumque
3079 3447 3389 3502 cultiorem
3425 3463 3526 3501 su-

157 3540 447 3596 mendum
479 3541 672 3596 redire
696 3541 918 3598 liceret.
949 3548 1139 3614 Atque
1165 3542 1247 3598 ibi
1273 3557 1409 3597 cum
1443 3540 1584 3596 sola
1609 3544 1786 3602 esset,
1829 3536 2016 3592 cultro
2039 3535 2298 3607 seipsam
2328 3535 2618 3590 confodit.
2661 3536 2750 3590 Sic
2793 3536 2892 3590 illa
2922 3537 3180 3591 cadaver
3227 3537 3312 3590 eis
3340 3551 3518 3590 suum

162 3627 436 3698 reliquit:
480 3628 634 3685 facto
663 3636 867 3686 autem
890 3630 993 3686 tali
1023 3632 1164 3686 satis
1204 3629 1548 3693 declaravit,
1591 3642 1789 3682 rerum
1831 3625 2104 3680 omnium
2147 3625 2407 3678 maxime
2456 3623 2739 3678 invictam
2771 3629 2950 3694 atque
2997 3623 3528 3695 inexpugnabilem

161 3716 630 3774 Christianorum
670 3719 968 3784 virtutem,
997 3719 1264 3792 nihilque
1293 3735 1422 3775 esse
1453 3717 1657 3774 animo
1687 3715 1858 3769 firmo
1923 3717 1978 3767 et
2003 3713 2301 3767 constanti
2331 3711 2666 3766 violentius.
2700 3714 2922 3767 Tantus
2956 3712 3231 3767 vitiorum
3277 3712 3532 3782 ﬂagitio-

157 3821 414 3878 rumque
443 3809 718 3863 omnium
759 3823 878 3863 uno
918 3809 1254 3880 eodemque
1287 3814 1552 3879 tempore
1584 3821 1688 3874 per
1731 3803 2050 3866 Orientem,
2097 3802 2602 3872 Occidentemque
2630 3800 2831 3866 simul,
2885 3801 3062 3855 simul
3123 3802 3236 3857 sub
3289 3802 3531 3858 duobus

158 3894 320 3950 hisce
365 3896 656 3967 tyrannis,
695 3911 1015 3965 germanos
1061 3899 1122 3952 in
1174 3897 1494 3954 sceleribus
1538 3893 1823 3950 omnibus
1861 3890 2098 3946 animos
2150 3889 2578 3953 obtinentibus,
2643 3895 2972 3960 proventus
3031 3889 3161 3945 fuit.
3219 3891 3531 3946 Aﬂirmare

158 3983 576 4040 mediustidius
619 3992 774 4043 certe
805 4002 1072 4057 possum,
1105 3987 1270 4059 quod
1297 3986 1375 4042 illi
1411 3985 1576 4041 brevi
1604 3989 1810 4054 postea
1839 3981 1898 4034 in
1927 3984 2158 4034 tantum
2207 3982 2346 4033 sunt
2375 3977 2630 4046 coniecti
2679 3978 3019 4044 discrimen,
3076 3979 3225 4035 nihil
3273 3979 3435 4044 aliud
3471 3981 3533 4035 in

159 4088 344 4129 causa
373 4072 575 4141 fuisse,
619 4091 805 4146 quam
856 4091 1016 4146 eam,
1062 4093 1197 4148 quae
1225 4080 1432 4133 contra
1460 4090 1568 4130 nos
1596 4072 1848 4128 excitata
1871 4073 1978 4134 est,
2015 4067 2511 4139 persecutionem.
2564 4067 2646 4122 Ea
2696 4083 2834 4123 vero
2876 4069 3145 4137 vigorem
3187 4073 3532 4141 statumque

158 4178 338 4218 suum
401 4163 730 4222 firmiorem
792 4169 881 4222 est
932 4169 1276 4232 consecuta,
1327 4179 1464 4222 cum
1521 4177 1634 4219 nos
1681 4162 2032 4218 consuetam
2086 4156 2422 4213 libertatem
2475 4160 2530 4212 et
2585 4157 2987 4213 constantiam
3045 4163 3317 4215 nostram
3375 4174 3536 4215 rece-

156 4250 379 4324 pimus.

2480 4362 2700 4418 CAPUT
2759 4363 2911 4418 XXII.

1873 4469 1960 4525 De
1971 4467 2235 4524 cladibus
2246 4481 2377 4538 qua,
2385 4467 2849 4536 persecutionem
2868 4469 3176 4526 hancsunt
3189 4471 3504 4527 subsecutae
3519 4512 3533 4536 ,

1947 4547 2001 4596 et
2028 4540 2100 4597 de
2118 4541 2546 4609 imperatorum
2567 4541 2901 4609 palinodia,
2925 4557 3027 4599 seu
3051 4546 3459 4599 recantattone
3481 4549 3535 4598 et

1940 4631 2200 4698 panitet:
2211 4629 2312 4685 tia.

747 4374 994 4427 ΚΕΦΑΛ.
1045 4370 1165 4426 KB’.
1798 4365 1842 4418 D

157 4477 312 4548 Περὶ
350 4483 467 4526 τῶν
507 4473 1007 4547 ἐπισκηψάντων
1051 4471 1295 4548 δεινῶν,
1354 4483 1608 4540 καὶτῆς
1645 4485 1765 4531 τῶν

515 4551 926 4621 κρατούντων
983 4547 1406 4622 παλινῳδίας.

230 4744 433 4816 Χρόνου
459 4744 558 4816 γὰρ
601 4741 823 4797 δεκάτου
880 4743 1152 4808 ἐξήκοντος
1197 4755 1268 4818 τῷ
1321 4741 1560 4819 διωγμῷ,
1615 4744 1764 4799 οὐδὲν

154 4831 183 4882 ὃ
239 4849 290 4882 τι
343 4839 442 4882 τῶν
493 4832 560 4892 εἰς
602 4829 892 4891 Ἐπιϐουλὴν
972 4840 1062 4886 καὶ
1132 4836 1349 4908 πόλεμον
1429 4841 1518 4888 καὶ
1586 4836 1766 4898 αὐτοῖς

1946 4755 2092 4810 Cum
2115 4753 2241 4822 jam
2271 4752 2541 4809 decimus
2562 4755 2990 4826 persecutionis
3015 4761 3286 4827 ageretur
3312 4772 3529 4823 annus,

1872 4841 2019 4899 nihil
2071 4841 2152 4896 illi
2200 4858 2444 4914 quoque
2485 4843 2648 4913 quod
2707 4843 2800 4899 vel
2847 4845 2924 4900 ad
2969 4847 3232 4902 occultas
3263 4845 3532 4912 insidias,

152 4919 576 4990 παραλέλειπτοο
628 4925 813 4994 μάχης
864 4925 966 4997 γὰρ
1021 4926 1069 4976 ἐν
1119 4932 1194 4996 τῷ
1224 4925 1414 4997 μεταξὺ
1465 4931 1575 4977 τοῖν
1616 4921 1764 4978 δυοῖν

152 5011 429 5083 τυράννοιν
479 5016 844 5084 γεγενημένης,
894 5013 1126 5074 ἅπλωτος
1181 5018 1271 5086 μὲν
1327 5018 1356 5074 ἠ
1396 5015 1624 5068 Θάλαττα
1655 5011 1715 5073 ἧν
1745 5035 1759 5048 ο

154 5099 203 5152 εἰ
255 5095 316 5150 δέ
361 5118 460 5152 που
519 5104 608 5152 καὶ
664 5102 820 5162 πλοῦς
872 5103 954 5170 ἦν,
1013 5103 1253 5178 στρέϐλαι
1293 5107 1381 5158 καὶ
1430 5103 1609 5170 ξέσεις,
1668 5103 1759 5178 βά-

160 5193 313 5241 σανοί
385 5206 438 5240 τι
513 5197 752 5243 παντοῖαι
826 5200 925 5243 τῶν
1001 5191 1311 5268 ἑκατέρωθεν
1413 5193 1760 5268 ἁλισκομένων

233 5335 310 5395 (t)
352 5329 600 5386 Ruﬁnus
633 5347 769 5389 eam
795 5333 1153 5392 Dorotheam
1178 5336 1472 5394 nominat.

231 5402 305 5469 (2)
350 5402 750 5472 Sophroniam
776 5405 1026 5460 Ruﬁnus
1059 5412 1252 5464 vocat.

234 5472 315 5552 (3)
357 5474 435 5554 De
459 5474 811 5554 sophroniae
839 5475 1021 5549 hujus
1049 5494 1194 5537 casu
1221 5479 1573 5539 Prudentius
1621 5483 1759 5540 scri-

151 5543 356 5620 psisse
386 5543 650 5606 videtur:

1874 4931 1962 4988 vel
1995 4930 2071 4986 ad
2102 4937 2377 5001 apertum
2409 4931 2560 4987 inter
2593 4948 2656 4986 se
2690 4931 2915 4990 bellum
2949 4935 3282 5006 pertineret,
3321 4936 3536 4992 omise-

1871 5025 2029 5076 runt.
2057 5020 2276 5075 Bellum
2311 5019 2469 5075 enim
2520 5020 2669 5076 inter
2697 5021 2850 5077 duos
2908 5023 3050 5078 istos
3107 5029 3396 5096 tyrannos
3431 5042 3534 5096 ge-

1874 5113 2032 5164 stum
2093 5115 2200 5174 est,
2253 5114 2308 5164 et
2363 5125 2527 5164 mare
2572 5109 2850 5166 infestum
2906 5117 3082 5184 atque
3129 5114 3533 5184 innavigabile

1871 5196 2001 5256 fuit.
2031 5199 2200 5264 Quod
2231 5197 2278 5252 si
2309 5196 2367 5252 id
2392 5214 2428 5253 a
2449 5199 2738 5270 quopiam
2769 5202 3176 5272 navigaretur,
3205 5220 3344 5258 eum
3366 5203 3532 5276 quod

1870 5358 1904 5411 Lg
1942 5341 2064 5414 {tut
2094 5341 2146 5396 si
2180 5345 2364 5410 nupta
2396 5345 2591 5414 torum
2629 5343 2784 5411 regis
2807 5345 3198 5400 conscendere
3227 5346 3424 5414 jussu,

1943 5413 2214 5485 Creperat
2236 5427 2534 5485 impurum
2550 5413 2775 5485 domini
2792 5415 3087 5472 oblectare
3097 5413 3388 5485 furerem,

1938 5484 2128 5544 Morte
2155 5482 2455 5542 maritalis
2485 5484 2668 5543 dabat
2700 5485 3040 5558 indignatio
3062 5482 3301 5559 ρωηαε.
