4028 6294
586 284 727 344 1255

1888 283 2271 344 ΝΙΕΙεΡΗΟΗΙ
2311 280 2628 344 CALLISTI

3716 299 3809 355 l256

584 412 864 484 utrinque
893 410 1041 466 alios
1089 408 1188 467 alii
1242 414 1448 482 captos
1497 410 1884 477 abducerent,
1952 410 2231 476 ﬁdiculae,

2349 411 2657 485 προῦϐαινον
2686 428 2699 442 ·
2743 411 3201 484 ἁνασκολοπισμὸς
3227 429 3282 466 τε
3311 417 3396 466 καὶ
3434 415 3460 472 ἡ
3512 410 3588 468 διὰ
3617 422 3742 492 πυρὸς
3777 427 3815 476 τὸ

583 499 792 572 ﬂagra,
823 505 1115 556 tormenta
1148 499 1332 565 varia,
1361 515 1586 565 cruces,
1620 505 1676 554 et
1722 506 2027 570 postremo
2078 499 2234 569 ignis

584 589 942 661 supplicium
986 589 1329 643 manebant.
1367 588 1833 659 Apparabantur
1861 587 2081 660 ubique
2106 589 2234 644 tho-

585 695 773 743 races,
827 677 1109 748 cuspides
1160 683 1216 732 et
1269 677 1454 732 hastae
1522 693 1534 731 :
1596 684 1884 748 praeterea
1940 677 2231 746 triremes,

585 768 806 824 classes
857 773 913 822 et
967 767 1362 821 instrumenta
1394 766 1528 822 belli
1580 767 1788 822 omnia
1846 767 1909 822 in
1950 772 2234 839 promptu

583 863 770 922 erant,
815 861 1202 926 temporaque
1231 871 1302 910 eo
1343 859 1464 911 toto
1511 855 1570 910 in
1619 855 1761 910 locis
1810 862 1864 910 et
1909 857 2233 927 provinciis

581 945 865 1002 omnibus
891 944 1033 998 nihil
1077 943 1238 999 aliud
1283 945 1374 998 vel
1427 945 1783 1001 audiebatur
1807 944 1898 999 vel
1933 953 2238 1013 exspecta-

584 1035 779 1099 batur,
808 1050 996 1105 quam
1028 1033 1272 1088 hostiles
1311 1033 1701 1098 incursiones,
1743 1035 1958 1103 caedes,
1985 1036 2230 1107 rapinae.

583 1123 809 1189 Quibus
841 1139 976 1178 cum
1021 1122 1190 1177 malis
1220 1123 1406 1178 fames
1432 1137 1673 1194 quoque
1710 1123 1919 1194 irrupit
1945 1129 2001 1178 et
2058 1124 2234 1196 pesti-

583 1212 783 1278 lentia,
812 1212 885 1266 de
907 1227 1030 1282 qua
1061 1227 1170 1266 suo
1197 1211 1330 1266 loco
1364 1211 1658 1266 dicemus.
1701 1211 1799 1266 Htﬁ
1833 1219 1914 1266 tot
1957 1217 2014 1267 et
2050 1218 2232 1269 tantas

584 1301 785 1357 clades
805 1300 1350 1355 circiterdecimum
1376 1300 1807 1371 persecutionis
1832 1316 2082 1368 annum,
2115 1305 2232 1359 Deo

584 1390 937 1460 opitulante,
961 1405 1205 1460 prorsus
1218 1389 1710 1459 conquieverunt,
1734 1389 2036 1462 ﬁnemque
2053 1408 2231 1448 suum

582 1480 940 1540 habuerunt,
974 1477 1150 1550 472
1184 1495 1320 1533 cum
1352 1477 1598 1550 quidem
1629 1483 1763 1548 post
1787 1485 2068 1534 octavum
2111 1497 2233 1536 ces-

584 1584 714 1624 sare
739 1569 1078 1639 cmpissent.
1111 1566 1282 1632 Quod
1313 1583 1572 1638 namque
1599 1567 1803 1623 divina
1848 1569 2101 1625 visitatio
2124 1586 2232 1640 pro

582 1656 902 1713 clementia
968 1661 1024 1711 et
1085 1656 1447 1725 benignitate
1511 1671 1622 1710 sua
1647 1670 1758 1710 nos
1789 1658 2000 1712 viseret
2054 1665 2232 1730 atque

2343 501 2566 552 ὕστατον
2621 497 2884 559 καταδίκη
2945 518 2959 531 ·
3019 503 3248 576 θώρακες
3311 521 3364 554 τε
3424 507 3505 555 καὶ
3551 503 3726 569 ἀσπίδες
3762 518 3816 563 ui

2343 585 2544 664 δόρατα
2617 593 3035 661 παρεσκεύαστο,
3108 592 3228 645 Ἐπὶ
3305 588 3363 644 δὲ
3433 596 3605 654 τούτοις
3661 603 3820 672 τριήρεις

2341 683 2429 730 καὶ
2475 683 2775 751 ναυμαχίαι
2821 684 2911 732 καὶ
2950 682 2978 737 ἡ
3028 686 3175 733 πᾶσα
3224 688 3315 732 τοῦ
3368 680 3568 753 ποῆμου
3615 688 3816 755 παράταξις

2341 765 2389 818 ἐν
2437 767 2647 839 ἑτοίμῳ.
2709 773 2808 821 Καὶ
2860 765 2928 827 δὴ
2989 771 3122 821 κατά
3176 773 3348 823 πάντα
3396 774 3538 823 τόπον
3580 778 3652 824 καὶ
3699 781 3820 847 χρόην

2340 861 2431 907 καὶ
2490 856 2606 908 καθ’
2676 857 2902 916 ἑκάστην
2957 861 3220 933 ἐπαρχίαν
3278 860 3372 910 οὐκ
3435 856 3492 917 ἦν
3549 860 3648 912 ἄλλο
3691 861 3822 915 ἀκούετε

2341 949 2430 998 καὶ
2484 942 2764 1018 προσδοκᾷ
2814 947 2844 1005 ἦ
2914 946 3168 1018 πολεμίων
3234 944 3416 1018 ἑφοδον
3469 953 3552 1000 καὶ
3604 955 3825 1021 φόνονςκιὶ

2341 1034 2601 1106 ἁρπαγάς.
2655 1037 2775 1088 Ἐπὶ
2824 1032 2884 1088 δὲ
2942 1039 3150 1099 τούτοις
3199 1037 3349 1109 λιμός
3403 1057 3454 1090 τε
3502 1037 3738 1096 ἐπέσκηπτε
3774 1060 3828 1102 καί

2338 1122 2537 1193 λοιμός,
2596 1129 2713 1198 περὶ
2765 1125 2826 1176 οὔ
2876 1129 3012 1178 κατὰ
3060 1129 3241 1199 καιρὸν
3293 1130 3636 1198 ἱστορήσομεν.
3678 1135 3829 1183 Tomis:

2342 1209 2488 1264 δεινὰ
2527 1213 2662 1285 ἀμφὶ
2713 1222 2785 1284 τῷ
2830 1210 3031 1286 δεκάτῳ
3078 1218 3178 1268 ἔτει
3215 1224 3307 1268 τοῦ
3367 1214 3588 1288 διωγμοῦ
3628 1217 3825 1290 ἐπεισφρέ-

2343 1321 2526 1372 σαντα,
2584 1306 2676 1355 σὺν
2725 1302 2901 1377 ἀρωγῇ
2965 1307 3078 1378 θείᾳ
3129 1308 3430 1358 παντάπασι
3488 1309 3729 1372 πέπαυται,
3778 1315 3825 1360 ui

2341 1391 2407 1452 εἰς
2456 1391 2596 1454 τέλος
2653 1389 2689 1444 δ
2695 1391 2981 1467 ιέῥρευσαν.
3047 1394 3247 1467 Ἐλώφα
3294 1414 3353 1466 γε
3418 1400 3517 1468 μὴν
3575 1398 3668 1467 μετ’
3715 1395 3821 1466 ἆγδθςγ

2342 1479 2605 1554 ἀρξάμενα
2650 1484 2780 1542 ἔτος.
2839 1487 3007 1536 Ἵλεων
3062 1486 3165 1558 γὰρ
3219 1485 3410 1536 ἄνωθεν
3463 1490 3547 1536 καὶ
3591 1485 3748 1557 εὐμενὲς
3776 1494 3820 1547 τῆς

2344 1571 2484 1632 θείας
2548 1569 2812 1643 ἐνορὼσης
2873 1574 3163 1633 ἐπισκοπῆς
3237 1576 3381 1646 ἡμῖν,
3458 1573 3632 1645 μᾶλλον
3681 1571 3728 1626 δὲ
3769 1575 3820 1630 ξέι

2341 1657 2721 1722 ἐπιϐαλλούσης
2795 1663 2938 1735 όρᾴν,
3002 1670 3291 1720 τηνικαῦτα
3363 1669 3458 1715 καὶ
3512 1666 3559 1715 οἱ
3615 1667 3664 1714 τό
3722 1667 3830 1735 ἆρχεν

584 1747 926 1819 respiceret,
996 1761 1103 1799 seu
1168 1746 1366 1816 potius
1425 1745 1718 1815 respicere
1779 1745 2082 1817 inciperet,
2129 1749 2230 1820 qui

2349 1749 2583 1820 λαχόντες
2642 1749 3078 1823 μεταϐαλλόμενοι
3162 1757 3257 1810 τὴν
3309 1757 3538 1823 γνώμην,
3614 1751 3834 1822 παλινῳδίιτ

584 1841 712 1891 tum
757 1851 956 1890 rerum
993 1849 1275 1889 summan
1341 1832 1706 1896 obtinebant,
1784 1837 2077 1892 sententia
2125 1854 2234 1893 sua

587 1929 838 1991 mutata,
873 1922 1246 1995 palinodiam
1291 1928 1348 1978 et
1384 1923 1847 1978 recantationem
1869 1925 2230 1991 cecinerunt,

584 2020 641 2070 et
671 2029 961 2086 perquam
993 2012 1274 2067 humanis
1297 2012 1505 2066 litteris
1535 2014 1853 2068 excitatum
1891 2030 2075 2086 quam
2102 2031 2234 2070 ma-

586 2103 741 2160 xime
787 2107 995 2158 contra
1026 2117 1138 2156 nos
1188 2101 1530 2156 incendium
1570 2102 1998 2172 persecutionis
2021 2105 2236 2159 exstin-

585 2197 817 2247 xerunt.
845 2193 987 2256 Qum
1013 2206 1106 2244 res
1137 2190 1400 2261 profecto
1432 2191 1516 2245 sic
1556 2207 1678 2246 non
1702 2191 1968 2246 humano
1986 2193 2234 2248 consilio

588 2282 803 2336 evenit.
855 2279 962 2344 Qui
995 2279 1152 2334 enim
1193 2283 1271 2334 ab
1301 2279 1648 2333 hominibus
1678 2281 1990 2352 provenire
2021 2282 2231 2352 potuit,

587 2369 714 2441 qui,
747 2385 884 2423 cum
924 2366 1188 2438 quotidie
1227 2366 1670 2438 propemodum
1715 2368 1935 2423 crudeli
1968 2369 2234 2441 quadam

591 2457 915 2512 ambitione
946 2456 1126 2521 ducti,
1168 2471 1327 2510 nova
1351 2457 1641 2511 adversus
1682 2473 1793 2512 nos
1824 2463 2118 2513 tormenta
2143 2460 2237 2513 in-

587 2547 880 2611 venirent,
938 2545 1053 2600 sibi
1091 2544 1243 2616 ipsis
1299 2550 1499 2600 tamen
1548 2561 1671 2601 non
1722 2546 2164 2603 satisfaciebant
2207 2547 2236 2602 ‘f

589 2634 959 2691 Manifestum
988 2649 1166 2704 porro
1193 2638 1301 2697 est,
1329 2649 1505 2704 Opem
1533 2649 1665 2689 eam
1691 2650 1727 2688 a
1757 2635 1959 2690 divina
1974 2635 2235 2691 bonitate

587 2723 763 2778 nobis
789 2723 1096 2790 accidisse,
1127 2738 1262 2794 quae
1293 2723 1583 2793 populum
1621 2723 1747 2793 ipsa
1770 2741 1947 2779 suum
1979 2725 2237 2780 clemen-

589 2817 676 2868 ter
699 2812 976 2882 respexit,
1019 2818 1444 2882 auctoremque
1487 2812 1784 2867 malorum
1839 2813 2107 2885 perculit,
2167 2829 2238 2869 ac

587 2901 1116 2965 vehementiorem,
1197 2904 1272 2964 et,
1356 2907 1419 2955 ut
1451 2900 1532 2956 ita
1576 2901 1795 2966 dicam,
1849 2903 2236 2959 meraciorem

591 2991 743 3045 iram
785 3006 960 3045 suam
1013 2988 1154 3044 duci
1194 2989 1622 3059 persecutionis
1648 2991 2021 3059 gravissimae
2067 2992 2238 3048 exhi-

591 3079 744 3136 buit.
780 3081 950 3144 Quod
981 3078 1029 3133 si
1056 3077 1172 3133 hoc
1199 3079 1377 3133 etiam
1419 3083 1482 3132 ut
1509 3083 1815 3151 tantopere
1851 3080 1910 3134 in
1940 3096 2051 3136 nos
2077 3081 2240 3136 saevi-

591 3173 770 3234 retur,
794 3168 1022 3240 judicio
1049 3173 1104 3223 et
1132 3167 1523 3238 dispositione
1561 3173 1740 3239 atque
1784 3169 1937 3224 adeo
1983 3171 2241 3240 permis-

591 3259 764 3312 sione
793 3256 994 3311 divina
1047 3256 1272 3311 factum
1317 3272 1446 3312 esse
1485 3257 1909 3320 concedamus,
1964 3258 2240 3317 divinum

592 3353 794 3402 tamen
827 3344 1156 3410 oraculum,
1189 3347 1303 3409 Vae,
1336 3346 1547 3418 inquit,
1575 3345 1632 3401 ei
1658 3361 1767 3415 per
1790 3362 1961 3418 quem
1989 3349 2242 3406 scanda-

596 3437 717 3492 lum
745 3441 799 3492 et
828 3435 1255 3504 o/Tendiculum
1287 3436 1464 3491 venit.
1495 3434 1817 3491 Confestim
1847 3436 2141 3508 siquidem
2179 3437 2241 3494 in

592 3542 730 3581 eum
753 3524 852 3580 Dei
882 3523 1052 3579 irruit
1083 3523 1364 3590 vindicta,
1416 3540 1452 3578 a
1481 3539 1659 3580 carne
1688 3524 1936 3596 quidem
1968 3525 2068 3582 illa
2096 3527 2242 3582 inci-

591 3616 784 3688 piens,
826 3614 930 3669 sed
973 3629 1108 3686 quae
1151 3614 1498 3669 daemonum
1557 3613 1922 3686 intemperiis
1953 3617 2240 3684 agitatam

591 3707 858 3761 animam
888 3703 1016 3774 ejus
1055 3718 1298 3774 quoque
1319 3703 1695 3774 pertingeret.
1720 3703 1920 3768 Qualis
1943 3710 2140 3760 autem
2170 3721 2245 3762 ea

590 3793 852 3848 vindicta
864 3791 1056 3858 fuerit,
1083 3791 1402 3847 Eusebium
1424 3799 1998 3848 commemorantem
2039 3795 2243 3850 audia-

597 3898 730 3937 mus
759 3898 770 3935 :
803 3901 831 3933 ‹‹
862 3881 1030 3936 Circa
1061 3880 1257 3936 media
1309 3881 1467 3935 enim
1524 3887 1814 3936 tectorum
1842 3882 2244 3938 occultorum-

593 3986 712 4043 que
751 3970 1018 4040 corporis
1046 3969 1456 4024 membrorum
1490 3969 1642 4034 loca,
1677 3970 1996 4026 abscessus
2027 3976 2081 4026 et
2107 3989 2244 4044 sup-

597 4060 832 4130 puratio
881 4064 1122 4130 repente
1184 4059 1420 4122 exstitit,
1480 4075 1615 4129 quin
1691 4076 1831 4114 mox
1903 4060 2119 4115 deinde
2180 4062 2244 4116 in

591 4149 932 4204 ﬁstulosum
972 4146 1085 4202 alte
1120 4147 1421 4202 radicibus
1462 4148 1608 4202 actis
1637 4147 1801 4203 ulcus
1827 4151 2032 4205 evasit.
2063 4150 2125 4204 Id
2158 4151 2244 4205 in-

595 4236 848 4293 curabili
873 4243 928 4291 et
950 4241 1335 4308 proserpente
1362 4236 1734 4307 contagione,
1757 4237 2040 4294 interiora
2067 4244 2244 4295 etiam

597 4324 826 4380 viscera
856 4324 1314 4395 depascebatur.
1352 4324 1489 4379 Inde
1535 4325 1899 4380 incredibilis
1950 4328 2245 4382 vermium

598 4413 686 4470 vis
715 4414 1066 4476 scaturiens,
1099 4411 1377 4468 lethalem
1433 4412 1699 4468 faetorem
1722 4430 1759 4468 a
1801 4419 1921 4470 tota
1975 4417 2244 4488 corporis

597 4503 755 4558 mole
783 4502 1059 4558 excitavit
1103 4517 1117 4556 :
1173 4517 1310 4573 qum
1364 4501 1552 4556 moles
1597 4518 1669 4558 ex
1718 4503 1905 4559 nimia
1953 4504 2245 4561 edacitate

596 4592 772 4657 illius,
827 4591 1007 4647 etiam
1051 4596 1188 4646 ante
1229 4590 1424 4662 ipsum
1464 4591 1766 4657 morbum,
1820 4591 1899 4648 ad
1937 4610 2244 4650 summum

599 4697 790 4752 usque
828 4680 1016 4736 multa
1054 4681 1261 4736 arvina
1290 4679 1556 4736 obducta
1609 4681 1797 4736 fuerat
1829 4697 1843 4736 :
1898 4697 2090 4754 eaque
2119 4688 2244 4739 tum

605 4769 1027 4826 marcescendo
1052 4768 1350 4835 diﬂluens,
1381 4769 1751 4825 horrendum
1783 4771 2048 4828 maxime
2077 4777 2131 4839 et
2162 4773 2250 4827 in-

603 4858 975 4914 tolerandum
996 4858 1419 4914 accedentibus
1452 4857 1704 4930 prmbuit
1728 4860 2155 4930 spectaculum.
2186 4863 2252 4916 Et

605 4947 806 5002 medici
837 4948 1054 5019 partim
1081 4963 1220 5001 cum
1251 4963 1324 5002 ne
1354 4947 1642 5002 sustinere
1665 4948 1912 5015 quidem
1945 4966 2250 5005 summam

603 5041 727 5092 tam
761 5036 902 5091 {cedi
928 5035 1128 5091 odoris
1152 5037 1502 5105 gravitatem
1544 5042 1812 5106 possent,
1839 5040 2030 5094 necati
2066 5045 2248 5094 sunt:

602 5127 820 5196 partim
855 5125 1019 5197 quod
1044 5133 1165 5180 tam
1189 5124 1542 5195 corpulenta
1582 5126 1772 5183 moles
1825 5128 2018 5196 magis
2074 5127 2252 5183 etiam

600 5217 1037 5279 intumesceret,
1071 5229 1175 5285 spe
1205 5213 1413 5269 salutis
1438 5214 1606 5271 omni
1637 5215 1895 5284 abjecta,
1927 5232 2064 5272 cum
2108 5216 2254 5272 nihil

603 5304 827 5369 auxilii,
849 5303 1172 5374 exploratis
1203 5302 1380 5357 rebus
1402 5303 1706 5368 omnibus,
1755 5303 1963 5359 aﬂerre
1991 5309 2252 5376 possent,

602 5393 906 5450 crudelem
951 5393 1014 5449 in
1065 5393 1314 5447 modum
1359 5395 1500 5446 sunt
1549 5392 1858 5448 interfecti.
1930 5393 2027 5449 llle
2079 5413 2254 5468 porro

606 5497 741 5536 cum
775 5483 953 5536 tantis
992 5482 1342 5536 contlictans
1391 5479 1583 5547 malis,
1633 5481 1963 5553 aliquando
2012 5486 2256 5542 tandem

608 5570 901 5627 nefariam
958 5587 1132 5626 suam
1176 5586 1317 5642 erga
1374 5571 1504 5642 pios
1545 5570 1818 5627 homines
1865 5576 2256 5632 temeritatem

2296 4834 2299 4837 ,
2357 4796 2447 4828 ται
2492 4785 2564 4846 τῷ
2614 4784 2713 4828 τῶν
2761 4775 2886 4828 ὅλων
2933 4785 3046 4848 Θεῷ
3076 4797 3090 4810 ·

2344 1833 2490 1909 ᾖδον,
2524 1839 2734 1912 ἡμέροις
2784 1835 2850 1898 δή
2903 1859 3016 1891 τισι
3061 1844 3361 1915 γράμμασι,
3393 1846 3489 1899 τὴν
3522 1841 3588 1901 εἰς
3633 1846 3740 1912 μέγα
3770 1841 3836 1891 115'

2343 1930 2508 1998 ἡμῶν,
2579 1927 2891 2002 ἐπαρθεῖσαν
2949 1929 3116 2001 φλόγα
3179 1938 3268 1983 τοῦ
3338 1928 3573 2002 διωγμοῦ
3627 1929 3840 1988 σϐενννιτις.

2347 2017 2557 2077 Πάντως
2602 2013 2652 2068 δ’
2680 2017 2776 2069 οὐκ
2828 2018 2883 2080 ἐξ
2909 2017 3189 2092 ἀνθρώπων
3237 2026 3395 2072 τοῦτο’
3438 2040 3517 2082 τις
3561 2019 3750 2076 onem.
3780 2026 3843 2070 llai

2341 2107 2443 2177 γὰρ
2493 2106 2544 2157 οἵ
2585 2125 2647 2177 γε
2693 2107 2810 2159 καθ’
2865 2107 3110 2172 ἑκάστην,
3165 2111 3235 2170 ὡς
3285 2109 3467 2175 εἰπεῖν,
3519 2114 3748 2182 καινότερα
3774 2107 3843 2158 ui’

2344 2195 2488 2265 ἡμῶν
2586 2194 3008 2266 φιλοτιμούμενοι
3109 2201 3199 2249 καὶ
3313 2198 3397 2269 εύρ
3408 2204 3642 2262 ίσκοντες,

2345 2280 2518 2355 ἀρκεῖν
2567 2285 2804 2354 ἥγηντο;
2866 2292 2975 2346 Τῆς
3028 2287 3168 2346 θείας
3226 2282 3286 2338 δὲ
3340 2295 3600 2360 προφανῶς
3650 2286 3849 2356 ptiar-‘19!»-

2342 2376 2467 2433 πίας
2515 2370 2792 2443 ἀντίληψις
2847 2370 2928 2438 ἧν,
2983 2381 3053 2444 τῷ
3105 2374 3278 2446 οἰκείῳ
3339 2379 3432 2447 μὲν
3490 2376 3673 2447 εὐμενὲς
3713 2376 3850 2446 ὁρώσης

3109 2201 3199 2249 καὶ
3313 2198 3397 2253 εύο
3408 2204 3642 2253 ίσκοντες.
3733 2196 3844 2253 ἥκιστ’

2345 2459 2468 2530 λαῷ,
2503 2469 2575 2531 τῷ
2628 2459 2678 2513 δ’
2735 2463 2952 2535 αύθίντη
2985 2472 3084 2515 τῶν
3134 2473 3306 2515 κακῶν
3355 2463 3667 2531 ἐπεξιούσης,
3709 2467 3777 2514 καὶ
3810 2469 3851 2528 τῷ

2346 2547 2572 2621 ἀρκτιγῷ
2618 2560 2714 2613 τῆς
2755 2557 2937 2613 κακίας
2983 2560 3076 2606 τοῦ
3130 2551 3384 2625 διωγμοῦ,
3448 2555 3658 2628 οἶκρατον
3698 2551 3851 2622 ἐπαφιεί-

2349 2658 2448 2700 σης
2500 2643 2586 2692 τὸν
2633 2640 2811 2712 χόλον.
2869 2642 2931 2693 Εἰ
2980 2645 3080 2712 γὰρ
3129 2647 3219 2694 καὶ
3273 2645 3415 2695 κατὰ
3473 2646 3603 2696 θείαν
3652 2640 3847 2714 σρίσιν,ἑ

2348 2725 2488 2787 δῆτα
2516 2734 2606 2781 καὶ
2657 2729 2952 2800 οἰκονομίαν
2985 2734 3076 2783 κάὶ
3113 2737 3508 2805 παραχώρησιν
3555 2731 3753 2802 δοίημεν,
3789 2728 3852 2778 ἀλλ’

2349 2819 2530 2883 Ούαὶ,
2563 2824 2721 2886 φησὶν
2743 2820 2769 2871 ὁ
2798 2822 2934 2880 θεῖος
2959 2825 3226 2894 χρησμὸς,
3264 2818 3346 2873 δι’
3376 2823 3455 2874 οὗ
3480 2825 3548 2874 τὸ
3575 2817 3853 2873 σκάνδαλον

2348 2909 2640 2978 ἔρχεται.
2709 2909 3067 2980 Ἐπειστρέχει
3119 2912 3220 2984 γὰρ
3283 2910 3436 2972 εὐθὺς
3495 2909 3612 2968 δίκη
3667 2908 3851 2966 enim

2350 2995 2450 3049 ἀπὸ
2505 3001 2698 3069 σαρκὸς
2749 3001 2839 3068 μὲν
2893 2998 3174 3072 ἀρξαμένη,
3222 2999 3466 3072 ἁψαμένη
3524 2999 3580 3054 δὲ
3627 3005 3706 3051 καὶ
3753 2997 3848 3052 avri;

2348 3094 2440 3146 τῆς
2489 3083 2878 3159 δαιμονιώδους
2936 3087 3127 3140 ἐκείνου
3183 3089 3388 3161 ψυχῆς.
3444 3093 3544 3143 Οἷα
3597 3086 3651 3142 δὲ
3697 3090 3721 3146 ἡ
3761 3085 3846 3144 δίκην

2355 3174 2604 3227 Εὗσεϐίον
2639 3175 2876 3248 λέγοντος
2928 3172 3289 3249 διακούσωμεν
3339 3193 3353 3208 ⁸
3395 3199 3426 3230 ι(
3467 3179 3653 3252 Ἀθρόα
3693 3180 3762 3248 μὲν
3791 3175 3850 3244 γὲξο

2349 3267 2564 3336 περὶτὰ
2619 3269 2756 3336 μέσα
2799 3274 2899 3317 τῶν
2944 3265 3246 3340 ἀπορρήτων
3290 3274 3383 3319 τοῦ
3436 3273 3662 3340 σώματος
3701 3267 3858 3316 ἀπόστι-

2352 3371 2434 3414 σις
2472 3357 2671 3423 γίνεται
2723 3353 2863 3424 αὐτῷ
2901 3372 2912 3382 ·
2965 3351 3057 3406 εἶθ’
3089 3354 3228 3415 ἕλκος
3267 3358 3316 3407 ἓν
3366 3354 3526 3427 βάθει
3575 3346 3859 3427 συριγγιῶδεςς

2349 3447 2439 3493 καὶ
2512 3445 2703 3494 τούτων
2780 3442 2988 3505 ἀνίατος
3059 3448 3188 3515 νομὴ
3266 3448 3399 3496 κατὰ
3492 3453 3584 3497 τῶν
3651 3439 3862 3495 ἐνδοτάτω

2724 3548 2738 3562 ο
2785 3529 2870 3603 ἀφ’
2924 3532 2991 3582 ὧν
3043 3532 3252 3585 ἄλεκτόν
3299 3553 3350 3585 τι
3409 3534 3600 3595 πλῆθος
3658 3531 3862 3586 πωλέω

2352 3616 2530 3692 βρύειν
2600 3616 2874 3678 θανατὼδη
2929 3639 2982 3673 τε
3038 3617 3208 3693 ὀδμὴν
3285 3620 3554 3676 ἀποπνέειν
3606 3627 3691 3674 τοῦ
3740 3621 3862 3672 παντᾷ

2353 3530 2669 3602 σπλάγχνων

2352 3711 2510 3778 ὄγκου
2559 3717 2657 3760 τῶν
2708 3711 2961 3780 σωμάτων
3001 3712 3054 3762 ἑκ
3103 3710 3452 3783 πολυτροφίοις
3498 3711 3651 3781 αύτῷ,
3699 3713 3770 3760 καὶ
3807 3711 3859 3774 πρά

2352 3805 2444 3857 τῆς
2508 3801 2664 3850 νόσου
2729 3798 2802 3859 εὶς
2853 3797 3140 3872 ὑπερϐολὴν
3198 3801 3393 3862 πλῆθος
3452 3799 3662 3873 πιμελής
3725 3793 3862 3869 μετεξε-

2355 3885 2599 3948 ϐληκότος
2666 3906 2680 3918 ·
2751 3886 2812 3944 ἣν
2877 3889 2992 3940 τότε
3055 3897 3476 3954 κατασαπείσαν,
3538 3893 3765 3962 ἀφόρητον
3813 3888 3862 3932 ui

2355 3977 2699 4050 φρικτοτάτην
2762 3985 2870 4036 τοῖς
2929 3976 3289 4038 πλησιάζουσι
3348 3987 3576 4051 παρεῖχε
3639 3982 3721 4036 τὴν
3770 3976 3858 4026 Θέτι.

2357 4067 2561 4137 ηιατρῶν
2592 4061 2643 4116 δ’
2691 4066 2778 4117 οὖν
2825 4067 2875 4117 οἱ
2927 4069 3015 4137 μὲν
3054 4063 3172 4119 οὐδ’
3202 4068 3328 4129 ὀλως
3380 4070 3655 4140 ὑπομεῖναι
3701 4070 3774 4123 τὴν
3811 4065 3863 4110 τεν

2357 4149 2633 4214 δυσώδους
2678 4152 3099 4228 ὑπερϐάλλουσαν
3146 4154 3360 4208 ἀτοπίαν
3409 4158 3512 4209 οἷοί
3562 4176 3614 4208 τε
3659 4151 3864 4221 russea?-

2355 4261 2498 4294 τοντο
2532 4260 2547 4274 ’
2599 4243 2647 4294 οἱ
2678 4238 2736 4294 δὲ
2768 4239 2801 4295 δ
2809 4239 3098 4313 ιῳδηκότος
3143 4252 3232 4296 τοῦ
3281 4248 3474 4308 παντὸς
3505 4250 3677 4315 ὄγκου,
3725 4246 3793 4293 καὶ
3827 4236 3864 4290 εἰς

2356 4331 2658 4384 ἀνέλπιστον
2710 4337 2972 4405 σωτηρίαν
3055 4333 3508 4401 ἀποπεπτωκότος,
3576 4331 3726 4407 μηδὲν

2355 4429 2558 4493 κουρεῖν
2634 4418 2930 4492 δυνάμενοι,
3011 4421 3233 4485 ἀνηλεῶς
3305 4423 3605 4479 ἐκτείνοντο.
3701 4425 3777 4475 Καὶ
3824 4412 3862 4467 δέ

2356 4513 2629 4570 τοσούτοις
2678 4509 2909 4562 παλαίων
2974 4519 3174 4575 κακοῖς,
3246 4515 3596 4571 συναίσθησιν
3654 4519 3738 4562 τῶν
3786 4503 3864 4555 κατέ

2358 4606 2457 4650 τῶν
2535 4596 2782 4650 θεοσεϐῶν
2844 4599 3228 4671 τετολμημένων
3283 4605 3454 4673 ἴσχει.
3531 4604 3748 4670 iuni-7m
3791 4611 3861 4662 Tm

2359 4687 2426 4748 εἰς
2489 4687 2666 4740 ἑαυτὸν
2727 4692 2814 4746 τὴν
2869 4685 3124 4754 διάνοιαν,
3189 4699 3390 4762 πρῶτον
3451 4694 3542 4762 μὲν
3596 4684 3863 4758 ἁνθομολθτῑέ·

3136 4775 3246 4830 εἶτα
3296 4782 3411 4839 τοὺς
3463 4777 3590 4850 ἀμφ’
3643 4779 3770 4829 αὐτόν

2359 4865 2597 4931 καλέσας,
2654 4861 2819 4936 μηδὲν
2901 4867 3285 4940 ὑπερθεμένους,
3357 4872 3442 4920 τὸν
3522 4869 3654 4920 κατὰ
3690 4871 3869 4936 Χριστιπ·

2360 4963 2456 5006 νῶν
2521 4953 2827 5007 ἀποπαῦσαι
2891 4951 3125 5027 διωγμὸν
3191 4960 3496 5030 παρηγγύα,
3560 4962 3690 5027 νόμῳ
3735 4971 3776 5003 τε
3817 4951 3870 4996 lli

2363 5041 2592 5115 δόγματι
2620 5043 2881 5115 βασιλικῷ
2933 5047 3023 5105 τὰς
3060 5043 3338 5108 ἐκκλδύίας
3389 5046 3558 5098 αὐτῶν
3613 5038 3868 5108 οἰκοδομήν·

2363 5133 2704 5204 ἐπισπέρχειν
2777 5151 2832 5183 τε
2904 5137 2995 5184 καὶ
3060 5136 3148 5194 τὰς
3224 5137 3464 5196 συνήθεις
3541 5125 3870 5204 διαπρέπεσὲίι

2364 5221 2529 5292 εύχὰς
2574 5223 2700 5295 ὑπὲρ
2749 5227 2840 5273 τοῦ
2898 5219 3157 5293 βασιλέως
3209 5228 3546 5295 ποιουμένους
3595 5219 3868 5295 προστάττεν

2363 5315 2453 5362 καὶ
2496 5316 2589 5362 τοῦ
2642 5312 2793 5381 ἔργου
2859 5311 3043 5363 θᾶττον
3096 5321 3167 5383 τῷ
3217 5312 3352 5384 λόγῳ
3410 5309 3867 5386 παρηκολουθηκοτος.

3272 5401 3530 5474 βασιλικὰ
3617 5397 3868 5464 διατάγμαπ

2367 5490 2594 5553 ἣπλωτο,
2648 5487 2682 5540 ἃ
2736 5485 3059 5560 παλινῳδίαν
3133 5500 3231 5544 τῶν
3299 5493 3413 5544 καθ’
3490 5493 3630 5562 ἡμῶν
3697 5483 3868 5553 διωΊῖιὼ

2365 5399 2676 5470 ἁπανταχοῦ
2761 5401 2898 5451 κατὰ
2983 5400 3172 5467 πόλεις,

2368 5586 2656 5653 περιεῖχον,
2690 5584 2866 5631 τοῦτον
2905 5580 3239 5654 ύφηγούμενα
3262 5584 3347 5634 τὸν
3376 5584 3564 5656 τρόπον
3595 5596 3607 5608 ·
3636 5598 3663 5628 )›
