4028 6294
135 298 272 362 1237
1181 300 1749 361 ECCLESIASTICiE
1786 304 2134 362 HISTORI/E
2171 305 2301 361 LIB.
2343 305 2464 360 VII.
3330 307 3469 362 I258

130 439 310 503 atque
336 431 623 487 saevitiam
658 428 952 499 agnoscit,
984 443 1053 484 ac
1084 443 1145 483 re
1187 444 1395 485 secum
1426 431 1553 502 ipse
1581 429 1927 494 deliberata.
1960 432 2225 503 primum
2254 446 2455 487 rerum
2485 429 2760 486 omnium
2790 432 2906 486 Deo
2944 429 3175 501 ﬂagitia
3205 446 3316 487 sua
3344 447 3491 487 con-

128 520 329 575 fitetur
369 536 383 574 :
433 536 572 574 mox
620 518 928 591 praefectos
976 517 1420 590 familiaresque
1472 536 1614 574 suos
1665 520 1743 575 ad
1793 537 1857 576 se
1906 528 2129 579 vocat:
2172 521 2395 592 quibus
2444 519 2708 575 celeriter
2754 520 3214 576 advenientibus
3257 521 3493 585 suadet,

132 608 312 681 473
376 615 440 664 ut
492 608 962 663 Christianorum
1016 610 1428 676 persecutione
1481 609 1724 663 tandem
1772 609 2250 680 supersedeatur,
2291 610 2829 680 constitutioneque
2868 615 2925 664 et
2964 610 3156 664 edicto
3196 609 3496 680 imperiali

128 699 312 753 nobis
380 698 773 768 permittatur,
816 694 1105 750 ecclesias
1157 701 1520 751 construere.
1560 697 1739 752 Addit
1777 704 2063 769 praeterea
2112 697 2488 763 mandatum,
2538 702 2603 752 ut
2644 702 2828 753 statas
2870 697 3196 769 solitasque
3244 713 3353 769 pro
3386 698 3498 753 im-

127 792 407 857 peratore
455 801 662 856 preces
710 784 789 839 ad
822 786 1009 838 Deum
1039 782 1451 839 funderemus.
1496 785 1734 841 Talibus
1778 787 1961 857 jussis
1990 786 2144 841 illico
2176 785 2255 841 ad
2284 802 2412 842 rem
2442 785 2690 851 collatis,
2722 802 2830 858 per
2868 786 3047 841 urbes
3087 787 3323 858 passim
3364 802 3498 841 om-

125 890 236 929 nes
274 874 612 947 imperialia
644 873 937 929 mandata
981 874 1293 943 proposita
1332 877 1488 939 sunt,
1518 890 1650 946 quae
1681 875 2051 947 palinodiam
2095 879 2343 947 patratae
2384 876 2447 931 in
2485 891 2598 931 nos
2643 875 3073 947 persecutionis
3121 873 3499 947 ejuscemodi

124 964 327 1019 verbis
351 963 757 1019 continebant.
791 984 821 1015 »

730 1095 973 1145 ΚΕΦΑΛ.
1005 1090 1125 1156 xr',

129 1202 288 1272 Περὶ
326 1204 443 1248 τῶν
490 1196 644 1271 ὑπὲρ
693 1197 866 1272 ἡμῶν
904 1196 1356 1272 ψηφισθέντων
1404 1194 1731 1268 ἐγγράφως

658 1267 792 1329 τοῖς
834 1267 1212 1340 βασιλεῦσι.

1761 1091 1810 1144 Α

207 1393 237 1425 ει
290 1373 638 1448 Αὐτοκράτωρ
696 1379 901 1446 Καῖσαρ
945 1373 1212 1444 Γαλλέριος
1254 1372 1541 1444 Μαξιμίνος
1595 1373 1731 1427 Ἀνί-

124 1482 310 1527 κητος,
393 1460 661 1525 Σεϐαστὸς,
739 1463 1045 1537 Ἀρχιερεὺς
1105 1464 1382 1531 Μέγιστος,
1463 1460 1730 1522 Θηϐαῖκός

124 1557 411 1624 Μέγιστος,
478 1555 798 1623 Σαρματικός
854 1552 1115 1619 Μέγιστος
1191 1555 1453 1612 πεντακις,
1519 1558 1731 1624 Περσῶν

124 1647 419 1712 Μέγισσος,
488 1644 797 1713 Γερμανικὸς
858 1640 1137 1711 Μέγιστος,
1210 1639 1564 1709 Αἰγυπτιακὰς
1634 1641 1731 1694 Μέ-

122 1749 317 1800 γιστος
393 1725 494 1791 δὶς,
574 1735 795 1802 Καρπὼν
865 1732 1125 1799 Μέγιστος
1198 1727 1388 1791 ἑξάκις,
1454 1729 1732 1801 Ἀρμενίων

124 1823 415 1889 Μέγιστος,
468 1813 667 1874 Μήδων
726 1821 1006 1888 Μέγιστος,
1059 1813 1385 1874 Ἀδιαϐηνῶν
1447 1822 1727 1888 Μέγιστος,

125 1905 478 1979 δημαρχικῆς
529 1905 770 1968 ἐξουσίας
832 1909 889 1957 τὸ
949 1905 1210 1968 εἰκοστὸν,
1261 1906 1608 1980 Αὐτοκράτωρ
1672 1910 1731 1958 τὸ

132 1998 226 2062 ιθ’,
290 1995 513 2056 Ὕπατος
569 1998 625 2047 τὸ
678 1992 857 2066 ὅγδον,
912 1994 1093 2066 Πατὴρ
1142 1990 1417 2068 πατρίδος,
1477 1996 1734 2047 Ἀνθύπα-

128 2105 246 2148 τος,
304 2090 394 2137 καὶ
458 2083 801 2157 Αὐτοκράτωρ
875 2091 1080 2154 Καῖσαρ
1146 2082 1363 2143 Φλαύῑος
1426 2083 1735 2157 Οὐαλλέριος

132 2180 522 2233 Κωνσταντῖνος
559 2171 806 2236 Εὐσεϐὴς,
852 2172 1101 2242 Εὐτυχής
1134 2188 1147 2200 ·
1195 2179 1545 2243 Δημαρχικῆς
1592 2173 1733 2234 εξου,

133 2269 260 2323 σίας
312 2266 370 2314 τὸ
426 2266 654 2333 πέμπτον
686 2281 699 2293 ·
764 2267 855 2313 καὶ
914 2262 1257 2333 Αὐτοκράτωρ
1319 2267 1521 2333 Καῖσαρ
1564 2262 1736 2314 Οὐαλ-

129 2353 300 2426 λέριος
351 2356 605 2415 Λικίνιος,
667 2358 1016 2423 Δημαρχικῆς
1077 2349 1316 2411 ἐξουσίας
1379 2353 1437 2401 τὸ
1495 2353 1737 2422 τέταρτον

130 2440 507 2512 Αὐτοκράτωρ,
564 2442 622 2490 τὸ
678 2443 850 2512 τρίτον
909 2436 1154 2503 Ὕπατος,
1214 2438 1392 2509 Πατὴρ
1456 2435 1732 2510 πατρίδος,
1775 2439 1817 2492 Β

1528 2528 1737 2589 Μεταξὺ

139 2627 243 2670 τῶν
301 2617 491 2670 λοιπῶν
566 2616 601 2668 ἃ
649 2620 767 2690 περὶ
819 2624 911 2668 τοῦ
971 2623 1225 2688 χρησμοῦ
1289 2620 1378 2667 καὶ
1436 2616 1738 2678 πολυτελοῦς

131 2530 478 2592 Ἀνθύπατος,
546 2526 905 2599 ἐπαρχιώταις
989 2522 1147 2587 ἰδίοις
1216 2532 1448 2597 χαίρειν.

138 2713 252 2768 τοῖς
297 2703 578 2777 δημοσίοις
623 2702 1037 2776 διατυπούμεθα,
1091 2707 1243 2775 ἡμεῖς
1309 2708 1398 2776 μὲν
1466 2704 1740 2776 βεϐουλεύ-

145 2798 277 2868 μεθα
318 2800 562 2869 πρότερον
610 2796 746 2845 κατὰ
800 2797 921 2853 τοὺς
972 2794 1234 2864 ἀρχαίους
1280 2798 1469 2865 νόμους
1517 2799 1606 2846 καὶ
1644 2798 1738 2853 τὴν

147 2882 405 2956 δημοσίαν
464 2883 760 2955 ἐπιστήμην
832 2887 927 2941 τὴν
992 2890 1092 2934 τῶν
1157 2881 1444 2953 Ῥωμαίων,
1506 2884 1739 2944 ἅπαντας

140 2972 626 3044 ἐπανορθώσασθαι,
676 2977 766 3023 καὶ
819 2973 1006 3023 τούτου
1054 2975 1299 3044 πρόνοιαν
1350 2974 1681 3028 ποιήσασθαι
1721 2988 1735 3002 ⁸

138 3063 225 3113 ἵνα
266 3066 353 3113 καὶ
409 3064 457 3113 οἱ
514 3066 823 3135 Χριστιανοὶ
876 3062 1055 3120 οἵτινες
1102 3069 1200 3112 τῶν
1238 3064 1425 3131 γονέων
1481 3070 1579 3113 τῶν
1625 3060 1741 3113 ἑαυ-

133 3159 241 3203 τῶν
285 3150 687 3203 καταλελοίπασι
746 3154 840 3208 τὴν
888 3150 1107 3222 αἰρεσιν,
1166 3149 1237 3211 εἰς
1299 3148 1498 3219 ἀγαθὴν
1558 3152 1741 3223 πρόθε-

138 3259 226 3292 σιν
304 3238 618 3292 ἐπανέλθοιεν
648 3256 660 3268 ·
736 3237 938 3312 έπείπερ
1017 3243 1119 3290 τινὶ¹
1193 3237 1430 3310 λογισμῷ
1507 3242 1739 3297 τοσαύτη

134 3329 329 3388 αὐτοὺς
382 3328 643 3390 πλεονεξία
687 3332 1028 3398 κατεσχήκει,
1086 3332 1176 3378 καὶ
1226 3329 1377 3379 ἄνοια
1426 3328 1739 3400 κατειλήφει,

139 3421 214 3478 ὡς
256 3417 326 3487 μῆ
369 3417 586 3469 ἕπεσθαι
622 3424 730 3477 τοῖς
777 3417 877 3468 ὑπὸ
928 3424 1025 3467 τῶν
1071 3415 1234 3466 πάλαι
1286 3412 1742 3487 καταδειχθεῖσιν,

137 3508 275 3577 οἷπερ
329 3510 454 3568 ἴσως
492 3510 736 3578 πρότερον
773 3510 863 3556 καὶ
898 3507 948 3557 οἱ
981 3512 1144 3575 γονεῖς
1188 3503 1353 3555 αὐτῶν
1398 3501 1533 3563 ἦσαν
1585 3525 1743 3558 κατα-

139 3599 464 3656 στήσαντες·
529 3594 658 3646 ἀλλὰ
707 3597 843 3646 κατὰ
897 3595 992 3652 τήν
1044 3598 1211 3645 αὐτῶν
1256 3595 1502 3668 πρόθεσιν
1541 3599 1629 3646 καὶ
1682 3597 1748 3655 ὡς

133 3686 353 3743 ἕκαστος
409 3682 661 3748 ἐϐούλετο,
716 3682 879 3744 οὓτως
946 3682 1146 3742 ἑαυτοῖς
1196 3689 1286 3733 καὶ
1342 3687 1530 3754 νόμους
1594 3691 1741 3741 ποιῆ-

139 3793 255 3833 σαι,
320 3775 407 3824 καὶ
460 3776 670 3832 τούτους
730 3770 1171 3842 παραφυλάττειν,
1231 3774 1321 3822 καὶ
1370 3769 1418 3821 έν
1478 3767 1747 3845 διαφόροις
1776 3784 1817 3842 C

137 3859 368 3934 διάφορα
417 3861 591 3919 πλήθη
647 3863 903 3931 συνάγειν.
951 3866 1239 3932 Τοιγαροῦν
1307 3862 1542 3911 τοιούτου
1601 3861 1747 3931 ἡμῶν

132 3953 543 4024 προστάγματος
617 3949 1197 4020 παρακολουθήσαντος,
1281 3949 1413 4000 ὥστε
1509 3948 1594 4000 ἐπὶ
1682 3951 1751 3999 τὰ

135 4050 243 4092 τῶν
306 4037 543 4110 ἀρχαίων
598 4040 992 4090 κατασταθέντα
1060 4036 1277 4099 ἑαυτοὺς
1341 4041 1745 4109 μεταστήσειαν,

138 4129 377 4183 πλεῖστοι
434 4131 524 4200 μεν
603 4124 831 4199 κινδύνῳ
893 4126 1286 4191 ὑποϐληθέντες,
1374 4126 1607 4179 πλεῖστοι
1689 4122 1749 4178 δι

1647 4220 1750 4268 Καὶ

136 4302 346 4372 ἐπειδὴ,
408 4315 507 4358 τῶν
557 4305 754 4357 πολλῶν
809 4313 872 4377 τῇ
924 4304 1055 4377 αὐτῇ
1110 4303 1326 4377 ἀπονοίᾳ
1379 4302 1747 4376 διαμενόντων,

139 4396 375 4467 ἑωρῶμεν
417 4398 548 4468 μήτε
587 4401 692 4454 τοῖς
746 4396 879 4455 θεοῖς
942 4400 1051 4454 τοῖς
1097 4392 1422 4465 ἐπουρανίοις
1465 4398 1558 4451 τὴν
1616 4392 1751 4465 ὀφει-

137 4487 356 4556 λομένην
412 4485 693 4555 θρησκείαν
746 4484 1034 4556 προσάγειν
1087 4481 1296 4545 αύτούς,
1344 4486 1476 4553 μήτε
1532 4488 1594 4553 τῇ
1650 4490 1750 4533 τῶν

137 4219 511 4289 ταραχθέντες,
605 4221 886 4277 παντοίους
962 4217 1211 4275 θανάτους
1289 4216 1557 4289 ὑπέφερον.

137 4577 474 4647 Χριστίανῶν
517 4575 801 4643 προσέχειν
835 4587 849 4600 ·
899 4569 1183 4642 ἀφορῶντες
1230 4570 1300 4631 εἰς
1343 4571 1437 4629 τὴν
1498 4571 1749 4642 ἡμετέραν

138 4663 527 4736 φιλανθρωπίαν
580 4664 669 4712 καὶ
736 4662 829 4719 τήν
902 4656 1114 4718 διηνεκῆ
1187 4661 1483 4724 συνήθειαν,
1551 4656 1624 4711 δι’
1691 4660 1751 4719 ἧς

136 4753 393 4822 εἰώθαμεν
471 4755 633 4802 πᾶσιν
718 4749 1011 4821 ἀνθρώποις
1088 4754 1400 4820 συγγνώμην
1481 4747 1749 4820 ἀπονέμειν

136 4841 532 4915 προθυμότατα,
597 4843 685 4890 καὶ
743 4838 794 4889 ἐν
863 4839 1029 4909 τούτῳ
1083 4842 1176 4895 τὴν
1255 4841 1604 4909 συγχώρησιν
1656 4841 1750 4895 τὴν

136 4933 396 5002 ἡμετέραν
480 4928 768 4980 ἐπεκτεῖναι
853 4923 960 4980 δεῖν
1031 4930 1364 4998 ἐνομίσαμεν,
1445 4926 1527 4977 ἵνα
1598 4922 1750 4988 αὖθις

139 5019 246 5068 ὦσι
297 5021 628 5090 Χριστιανοὶ,
684 5021 774 5068 καὶ
816 5019 932 5075 τοῦς
997 5018 1166 5075 οἴκους
1218 5014 1267 5066 έν
1333 5014 1412 5077 οἷς
1464 5019 1750 5086 συνήγοντο

141 5107 385 5167 συνήθως
437 5105 603 5166 οὕτως
645 5106 798 5158 ὥστε.
831 5100 997 5176 μηδεν
1056 5106 1354 5155 ὑπεναντίον
1390 5112 1485 5164 τῆς
1525 5103 1749 5161 ἐπιστή-
1781 5134 1826 5189 D

137 5213 249 5268 μης
302 5194 487 5256 αὐτοὺς
542 5196 805 5269 πράττειν.
860 5192 935 5246 Δι’
993 5193 1166 5265 ἐτέρας
1220 5189 1277 5245 δὲ
1321 5191 1597 5253 ἐπιστολῆς
1641 5199 1751 5253 τοῖς

143 5281 432 5345 δικασταῖς
493 5279 819 5346 δηλώσομεν,
897 5286 949 5334 τί
1010 5281 1196 5341 αὐτοὺς
1275 5281 1751 5355 παραφυλάξασθαι

220 5441 299 5513 (l)
342 5442 520 5497 Aliter
570 5441 700 5497 haec
753 5442 1129 5512 reperiuntur
1177 5443 1342 5513 apud
1383 5438 1596 5496 Euseb.
1644 5439 1748 5496 lib.

142 5512 434 5582 vm,cap.
473 5517 556 5578 l7,
580 5513 686 5568 ubi
716 5513 975 5568 Licinius
1006 5527 1128 5567 non
1161 5512 1418 5566 additur.

222 5584 301 5655 (2)
334 5581 536 5639 Edicto
565 5583 681 5639 hoc
713 5583 1111 5655 promulgato,
1155 5582 1366 5639 Galler.
1400 5581 1753 5638 Maximinus

442 5676 678 5727 PATBOL.
722 5675 825 5728 Gn.
855 5674 1052 5727 CXLV.

2446 1091 2669 1147 CAPUT
2718 1091 2896 1147 XXIII.

1839 1197 1925 1253 De
1970 1197 2309 1254 earumdem
2353 1196 2557 1253 edictis
2603 1197 2936 1324 sitscﬁpto
2980 1211 3093 1266 pro
3144 1195 3504 1253 Christianis

2574 1283 2605 1324 ε
2648 1284 2669 1323 ι
2696 1284 2768 1323 ιε.

2574 1276 2768 1325 editis.

1910 1377 2240 1447 Imperator
2269 1375 2468 1431 Caesar
2493 1374 2783 1430 Gallerius
2810 1375 3189 1442 Maximinus,
3217 1376 3500 1441 Invictus,

1839 1467 2164 1533 Augustus,
2200 1463 2461 1520 Pontifex
2502 1465 2807 1531 Maximus,
2835 1464 3165 1520 Thebaicus
3193 1466 3505 1531 Maximus,

1842 1554 2207 1610 Sarmaticus
2244 1554 2535 1609 Maximus
2568 1570 2625 1618 v,
2668 1556 2970 1608 Persarum
3014 1554 3327 1617 Maximus,
3361 1556 3506 1609 Ger-

1838 1643 2113 1698 manicus
2136 1643 2448 1707 Maximus,
2473 1643 2856 1714 {Egyptiacus
2890 1643 3180 1698 Maximus
3202 1659 3262 1708 ιι,
3288 1645 3508 1713 Carpo-

1839 1748 1973 1786 rum
2005 1732 2292 1786 Maximus
2320 1747 2393 1796 vx,
2420 1732 2837 1786 Armeniorum
2862 1731 3177 1801 Maximus,
3198 1732 3504 1787 Medorum

1840 1820 2151 1886 Maximus,
2187 1819 2633 1876 Adiabenorum
2670 1820 2981 1886 Maximus,
3024 1820 3180 1876 Trib.
3232 1825 3358 1892 pot.
3403 1835 3505 1889 xx,

1842 1913 2167 1981 imperator
2194 1925 2317 1975 nx,
2351 1911 2485 1965 Cos.
2517 1925 2642 1975 vui,
2683 1910 2850 1964 Pater
2879 1909 3110 1979 patriae,
3143 1908 3466 1965 Proconsul
3490 1927 3509 1980 ;

1842 2006 1897 2053 et
1926 1999 2250 2069 imperator
2276 2001 2474 2053 Caesar
2504 1997 2740 2054 Flavius
2771 1998 3034 2054 Valerius
3061 1999 3510 2063 Constantinus,

1842 2088 2003 2156 Pius,
2046 2087 2225 2153 Felix,
2265 2088 2419 2143 Trib.
2456 2092 2578 2159 pot.
2610 2103 2669 2153 v,
2704 2093 2762 2142 et
2800 2088 3127 2158 Imperator
3164 2087 3314 2142 Caes.
3350 2086 3513 2143 Vale-

1844 2177 1966 2231 rius
2006 2176 2262 2231 Licinius
2303 2175 2381 2248 (1)
2418 2177 2572 2231 Trib.
2618 2181 2742 2247 pot.
2781 2192 2853 2239 IV,
2900 2176 3246 2247 imperator,
3277 2191 3335 2231 ιιι
3378 2178 3510 2231 Cos.

1846 2266 2016 2320 Pater
2041 2265 2271 2335 patrias,
2298 2264 2645 2328 Proconsul,
2674 2264 3143 2336 provincialibus
3177 2264 3303 2319 suis
3353 2268 3515 2320 salu-

1847 2359 1984 2408 tem.
2016 2354 2173 2408 Inter
2207 2353 2325 2409 alia
2353 2370 2491 2426 quas
2529 2370 2602 2409 ex
2641 2370 2749 2408 usu
2788 2360 2846 2409 et
2886 2353 3133 2409 utilitate
3171 2353 3513 2425 reipublicae

1848 2442 2388 2515 promulgavimus,
2419 2442 2735 2498 consilium
2770 2458 3012 2515 quoque
3043 2442 3190 2497 illud
3217 2448 3393 2497 antea
3423 2459 3514 2498 ce-

1850 2532 2071 2603 pimus,
2096 2537 2158 2586 ut
2181 2532 2514 2587 secundum
2539 2536 2764 2587 veteres
2791 2531 2953 2600 leges
2979 2537 3036 2586 et
3064 2530 3367 2603 publicam
3403 2533 3514 2587 Ro-

1849 2636 2166 2676 manorum
2193 2620 2576 2692 disciplinam
2605 2619 2715 2675 rite
2744 2621 2948 2675 omnia
2975 2626 3431 2691 corrigerentur,
3459 2627 3515 2677 et

1847 2708 2221 2782 providentia
2278 2724 2544 2781 curaque
2611 2709 3028 2779 susciperetur,
3083 2713 3144 2763 ut
3196 2707 3514 2765 Christiani

1848 2798 1950 2870 qui
1999 2814 2036 2853 a
2083 2797 2384 2867 majorum
2442 2813 2692 2853 suorum
2754 2797 3033 2852 institutis
3098 2797 3510 2869 descivissent,

1849 2892 2111 2943 mentem
2143 2885 2452 2942 meliorem
2483 2886 2834 2957 reciperent.
2864 2888 3049 2941 Tanta
3078 2902 3343 2959 namque
3374 2902 3514 2942 con-

1850 2975 1982 3031 silia
2020 2978 2222 3030 nescio
2258 2991 2381 3046 quo
2420 2991 2524 3031 eos
2562 2974 2857 3047 cupiditas
2893 2976 3217 3040 invaserat,
3261 2982 3317 3030 et
3346 2980 3515 3032 tanta

1850 3066 2153 3121 dementia
2182 3070 2437 3135 ceperat,
2480 3069 2543 3121 ut
2572 3080 2644 3120 ea
2672 3080 2809 3131 quae
2838 3064 3072 3119 dudum
3102 3079 3139 3120 a
3178 3063 3512 3135 majoribus

1852 3152 2236 3226 promulgata
2270 3158 2328 3208 et
2360 3152 2613 3208 fortasse
2642 3153 2809 3225 prius
2840 3153 3016 3208 etiam
3054 3168 3090 3207 a
3119 3153 3389 3224 patribus
3421 3166 3517 3208 eo-

1853 3258 1988 3297 rum
2024 3241 2294 3297 instituta
2323 3247 2479 3307 sunt,
2511 3242 2842 3313 rejicerent,
2871 3248 2926 3296 et
2956 3257 3027 3296 ex
3059 3243 3349 3297 sententia
3380 3258 3512 3307 sua,

1854 3337 2032 3402 prout
2051 3329 2269 3401 cuique
2297 3330 2488 3389 visum
2511 3335 2686 3395 esset,
2708 3330 2868 3399 leges
2894 3329 3008 3401 ipsi
3030 3330 3141 3385 sibi
3167 3330 3513 3397 conderent,

1854 3420 2095 3474 easdem
2121 3427 2441 3486 servarent,
2470 3424 2528 3474 et
2551 3419 2729 3473 variis
2754 3420 2814 3473 in
2840 3418 2987 3474 locis
3014 3420 3210 3473 varios
3238 3423 3517 3488 cogerent

1854 3513 2202 3563 conventus.
2247 3510 2309 3562 Et
2344 3524 2473 3562 cum
2512 3508 2774 3562 edictum
2805 3508 3101 3577 ejusmodi
3151 3508 3226 3578 (2)
3266 3523 3302 3562 a
3341 3506 3516 3562 nobis

1856 3601 2008 3651 esset
2033 3596 2434 3668 propositum,
2458 3600 2521 3650 ut
2543 3595 2620 3652 ad
2642 3596 2908 3651 instituta
2936 3597 3233 3665 majorum
3260 3595 3516 3652 colenda

1854 3701 1919 3739 se
1940 3684 2342 3747 transferrent,
2367 3700 2553 3755 quam
2580 3684 2819 3756 plurimi
2841 3700 3040 3739 eorum
3063 3689 3328 3739 extremo
3350 3684 3514 3740 adito

1858 3773 2144 3845 periculo,
2170 3774 2578 3845 aerumnisque
2606 3778 2664 3829 et
2691 3772 3052 3828 cruciatibus
3079 3772 3359 3839 toleratis,
3389 3790 3516 3828 om-

1858 3862 1950 3917 nis
2004 3862 2238 3932 generis
2277 3861 2575 3933 supplicia
2617 3860 2930 3934 pertulere.
2979 3859 3159 3934 474
3200 3864 3315 3917 Nos
3353 3877 3512 3929 vero,

1859 3951 2022 4022 quod
2044 3949 2266 4005 multos
2286 3951 2600 4006 videamus
2624 3951 2682 4005 in
2700 3956 2991 4022 concepta
3008 3951 3311 4007 dementia
3332 3951 3512 4022 persi-

1859 4044 2098 4104 stentes,
2139 4053 2336 4110 neque
2366 4038 2710 4094 coelestibus
2758 4034 2874 4094 diis
2922 4038 3191 4095 debitum
3230 4044 3517 4111 praestare

1856 4127 2171 4194 honorem,
2214 4144 2409 4198 neque
2459 4128 2638 4183 etiam
2672 4128 2805 4198 ipsa
2831 4128 3298 4184 Christianorum
3341 4143 3517 4183 sacra

1858 4217 2070 4282 colere,
2100 4216 2537 4272 humanitatem
2569 4217 2743 4273 nobis
2768 4223 3242 4289 perpetuamque
3268 4231 3520 4272 consue-

1859 4306 2129 4361 tudinem
2153 4313 2420 4361 nostram
2442 4305 2923 4361 conservandam
2941 4322 3069 4361 esse
3090 4305 3400 4374 duximus,
3416 4320 3524 4376 per

1858 4411 2045 4466 quam
2097 4394 2407 4466 ignoscere
2454 4394 2818 4466 veniamque
2862 4395 3190 4450 concedere
3233 4394 3522 4450 omnibus

1858 4483 2606 4540 hominibuslibentissime
2619 4484 3110 4555 solemus.ltaque
3123 4484 3380 4553 gratiam
3395 4498 3525 4538 eam

1858 4578 2120 4629 nostram
2160 4573 2238 4627 ad
2268 4573 2329 4628 id
2360 4588 2551 4643 genus
2582 4573 2900 4629 hominum
2931 4588 3176 4644 quoque
3208 4572 3525 4628 extendere

1858 4667 1947 4718 est
1981 4662 2198 4730 visum,
2228 4667 2291 4717 ut
2325 4661 2549 4717 scilicet
2585 4678 2827 4717 rursum
2862 4661 3173 4717 Christiani
3199 4662 3337 4727 sint,
3370 4666 3428 4716 et
3461 4661 3525 4716 in

1859 4750 2141 4807 domibus
2171 4750 2297 4805 suis
2331 4756 2665 4806 conventus
2695 4751 2901 4806 solitos
2933 4751 3014 4805 ita
3045 4754 3247 4819 agant,
3282 4754 3346 4804 ut
3377 4748 3525 4806 nihil

1859 4845 2066 4896 contra
2085 4838 2464 4910 disciplinam
2487 4839 2793 4911 publicam
2822 4840 3221 4894 committant.
3245 4838 3355 4894 Per
3373 4839 3524 4895 alias

1858 4933 2061 4985 autem
2088 4927 2313 4983 litteras
2339 4927 2663 4997 judicibus,
2691 4926 2837 4999 quid
2870 4942 2971 4982 eos
2996 4926 3315 4982 observare
3344 4942 3523 4999 opor-

1858 5021 2001 5085 teat,
2053 5016 2479 5071 indicabimus.
2514 5018 2888 5087 Quapropter
2917 5031 3058 5071 cum
3086 5015 3201 5070 hoc
3238 5016 3355 5073 illis
3395 5030 3525 5087 per-

1860 5104 2191 5169 mittamus,
2232 5103 2442 5160 merito
2487 5103 2571 5159 illi
2611 5105 2730 5159 Deo
2769 5119 2879 5160 suo
2926 5104 3265 5175 supplicare
3303 5104 3527 5160 debent

1859 5208 1969 5267 pro
2005 5198 2226 5259 nostra,
2269 5192 2614 5265 reipublicae
2655 5197 2711 5248 et
2750 5210 2860 5248 sua
2897 5193 3173 5264 ipsorum
3217 5192 3426 5263 salute,
3461 5196 3527 5248 ut

1859 5281 2057 5338 modis
2092 5281 2377 5338 omnibus
2413 5288 2471 5339 et
2506 5281 2762 5354 publica)
2795 5298 2889 5337 res
2915 5281 3250 5337 incolumes
3294 5283 3432 5351 sint,
3472 5286 3530 5337 et

1859 5442 2101 5587 rfnisere)
2138 5443 2301 5501 diem
2362 5441 2577 5500 clausit
2637 5447 2993 5499 extremum.
3060 5443 3264 5515 (Eutr.,
3333 5443 3527 5509 Oros.,

1909 5530 2074 5587 omp.

1909 5530 2074 5587 omp.

3164 5676 3232 5731 40
