4028 6294
603 291 744 347 1159

1884 290 2274 348 NIGEPHOBI
2314 291 2633 349 CALLISTI

3744 299 3838 352 1260

581 418 672 488 psi
728 418 786 472 in
839 417 1122 474 domibus
1199 416 1324 473 suis
1388 417 1534 474 citra
1577 417 1888 474 sollicitam
1939 434 2147 474 curam
2195 440 2201 470 ι

2307 422 2327 472 ι
2359 415 2539 476 δεήσει
2566 433 2580 448 ⁶
2639 418 2792 474 Ὀθεν
2829 421 2943 472 κατ’
2988 420 3151 480 αύτῆν
3191 422 3284 481 τὴν
3315 426 3631 493 συγχώρησιν
3652 427 3726 480 τήν
3757 427 3844 494 ἠρι-

579 508 940 563 anxietatem
979 509 1176 563 vivere
1215 509 1462 578 possint.
1492 530 1518 557 n
1557 510 1622 563 Et
1660 509 1963 579 palinodia
2001 508 2243 580 quidem

579 596 665 650 sic
708 613 769 651 se
813 595 1040 661 habuit,
1093 597 1411 668 litteraeque
1456 597 1854 668 imperatoriae
1896 613 2002 668 per
2040 598 2244 652 Asiam

575 685 996 754 vulgabantur,
1053 692 1111 740 et
1152 686 1379 758 passim
1423 685 1483 740 in
1532 685 1854 757 provinciis
1899 690 1953 741 et
1996 685 2245 740 urbibus

571 771 948 842 legebantur.

572 860 763 914 ἑαυτῶν
821 863 968 934 ἑστίᾳ
1026 861 1313 922 δυνηθῶσι.
1377 887 1404 913 ››
1458 867 1534 916 Τὰ
1589 867 1678 935 μὲν
1765 862 1854 915 οὖν
1915 873 2011 924 τῆς
2076 860 2398 935 παλινῳδίας
2469 873 2635 919 ταῦτα
2688 884 2700 898 ’

571 951 778 1009 ἧπλωτο
810 971 823 982 ·
856 959 946 1005 καὶ
986 953 1237 1028 ἐπαρχίαι
1263 959 1351 1006 καὶ
1374 953 1538 1013 πόλεις
1566 954 1698 1005 αὐτὰ
1738 952 2103 1025 ἀνεγίνωσκον.

1168 1081 1390 1136 CAPUT
1453 1081 1630 1133 XXIV.

565 1185 652 1240 De
668 1185 946 1241 simulata
962 1192 1014 1242 et
1031 1187 1242 1256 fucata
1262 1188 1702 1256 Maximinipro
1722 1186 2088 1242 Christianis
2106 1185 2234 1242 sine

1011 1262 1230 1328 scripto
1265 1259 1762 1328 promulgatione.

636 1364 991 1420 Maximinus
1016 1380 1176 1429 vero,
1207 1366 1457 1421 Orientis
1489 1371 1804 1436 tyrannus,
1827 1363 1930 1436 qui
1952 1380 2074 1436 prie
2100 1365 2230 1420 aliis

562 1455 968 1525 superstitioni
1021 1454 1396 1527 deorumque
1453 1454 1637 1509 cultui
1687 1455 1942 1519 deditus,
2004 1454 2226 1510 bellum

558 1558 697 1598 cum
728 1558 928 1599 rerum
952 1545 1229 1599 omnium
1257 1547 1376 1599 Deo
1402 1549 1758 1616 perpetuum
1791 1559 1992 1614 gerere
2016 1544 2229 1599 consti-

556 1635 770 1698 tuerat,
803 1633 1092 1705 scriptum
1123 1633 1424 1704 ejusmodi
1455 1649 1576 1688 non
1608 1634 1988 1705 approbavit.
2020 1634 2224 1704 Itaque

553 1721 864 1792 praefectos
903 1722 1348 1794 familiaresque
1386 1739 1526 1778 suos
1568 1722 1759 1777 verbis
1800 1721 2221 1777 tantummodo

549 1812 874 1882 reprimere
901 1812 1076 1882 jussit
1104 1818 1452 1884 susceptum
1485 1816 1694 1867 contra
1720 1828 1830 1866 nos
1870 1811 2114 1868 bellum.
2160 1814 2222 1866 Et

550 1901 716 1972 quod
744 1902 1051 1956 sententias
1073 1918 1297 1967 eorum,
1317 1901 1418 1974 qui
1443 1906 1734 1973 potestate
1753 1907 1808 1956 et
1828 1901 2046 1972 opibus
2077 1916 2216 1954 eum

549 1989 983 2059 antecellerent,
1029 2006 1364 2062 repugnare
1419 2006 1541 2046 non
1592 1995 1812 2062 posset,
1873 1991 1932 2045 in
1989 1989 2213 2044 ditione

547 2094 657 2133 sua
690 2079 911 2134 litteras
946 2096 1048 2134 eas
1084 2095 1156 2135 ne
1189 2079 1443 2135 lectione
1483 2079 1729 2151 quidem
1772 2084 1828 2134 et
1869 2078 2212 2134 recitatione

543 2167 848 2237 dignatus,
891 2168 1084 2224 edicto
1124 2169 1252 2224 sine
1294 2169 1513 2240 scripto
1549 2168 1953 2240 promulgato,
2004 2168 2212 2222 dolose

543 2257 1020 2328 persecutionem
1047 2258 1318 2313 inhibuit.
1351 2258 1608 2313 Sabinus
1634 2257 1710 2329 (t)
1739 2273 1878 2312 vero
1901 2273 2210 2312 summum

542 2346 704 2417 apud
727 2361 863 2401 eum
888 2346 1252 2418 praefecturas
1273 2346 1687 2414 magistratum
1713 2347 2211 2417 gerens,populo-

538 2450 675 2490 rum
699 2434 991 2504 praefectis
1018 2435 1301 2506 principis
1328 2435 1418 2490 sui
1441 2434 1806 2490 voluntatem
1836 2434 2073 2506 publice
2104 2445 2210 2506 per

536 2521 762 2578 litteras
787 2523 1115 2579 insinuavit
1142 2541 1154 2579 :
1184 2524 1549 2595 jamdudum
1582 2524 1972 2578 constitutum
2001 2523 2210 2578 decre-

540 2615 792 2684 tumque
822 2629 975 2678 esse,
1001 2619 1065 2669 ut
1089 2615 1193 2685 qui
1219 2613 1563 2684 peregrinas
1585 2612 2050 2668 consuetudines
2071 2627 2209 2667 con~

537 2703 755 2756 sectari
795 2703 1155 2768 viderentur,
1189 2703 1302 2757 diis
1342 2701 1568 2757 cultum
1603 2718 1777 2756 suum
1813 2706 2205 2772 praestarent:

535 2795 590 2845 et
603 2791 995 2862 pertinaciam
1009 2793 1418 2864 quorumdam
1434 2791 1692 2846 multum
1709 2792 1994 2846 excitasse
2007 2790 2206 2845 discri-

535 2880 736 2934 minis.
770 2881 950 2954 475
986 2882 1393 2946 Quamobrem
1429 2880 1802 2952 principibus
1828 2881 2023 2934 visum
2057 2894 2206 2950 esse,

534 2968 584 3023 si
608 2970 742 3042 quis
770 2971 1248 3026 Christianorum
1276 2970 1472 3039 gentis
1502 2986 1626 3024 sua}
1651 2985 1820 3025 sacra
1842 2969 2031 3024 colere
2048 2984 2208 3023 com-

541 3059 851 3128 periretur,
893 3064 956 3115 ut
985 3060 1033 3114 si
1068 3063 1233 3114 extra
1267 3058 1602 3130 periculum
1634 3063 1803 3120 esset,
1843 3073 2098 3128 eamque
2127 3057 2206 3112 ob

541 3160 791 3201 causam
819 3147 1128 3202 tormentis
1151 3162 1271 3201 non
1297 3146 1708 3217 subjiceretur.
1734 3145 1936 3215 Longo
1953 3146 2081 3215 jam
2104 3161 2206 3200 eos

543 3238 812 3307 tempore
842 3252 909 3290 ea
933 3236 1006 3290 de
1034 3252 1096 3290 se
1119 3236 1484 3290 documenta
1505 3235 1856 3306 praebuisse.
1885 3240 1947 3288 ut
1972 3250 2008 3289 a
2029 3234 2206 3289 desti-

2355 513 2504 580 τέράν
2583 508 2840 580 ὀφείλουσι
2904 514 2989 562 τόν
3075 511 3264 564 ἑαυτῶν
3335 511 3457 564 Θεὸν
3522 514 3714 563 ἱκετεύειν
3769 521 3845 582 περὶ

2354 605 2449 658 τῆς
2525 604 2789 673 σωτηρίας
2870 609 2967 662 τῆς
3044 603 3315 673 ἡμετέρας,
3377 606 3464 653 καὶ
3514 610 3599 652 τῶν
3649 602 3845 672 δημοσίων

2353 691 2442 738 καὶ
2496 696 2594 740 τῶν
2649 691 2840 740 ἑαυτῶν
2873 707 2886 718 ·
2945 691 3027 742 ἵνα
3080 693 3218 742 κατὰ
3265 697 3432 761 πάντα
3485 697 3650 760 τρόπον
3694 696 3764 742 καὶ
3807 699 3847 743 τι

2355 772 2595 846 δημόσια
2636 781 2951 852 παρασχεθῇ
3012 780 3157 850 ὑγιῆ,
3207 785 3296 832 καὶ
3345 780 3603 852 ἀμέριμνοι
3640 781 3718 851 ζῇν
3747 784 3843 850 an;

2774 874 2861 920 καὶ
2926 871 2992 920 τὰ
3046 871 3335 942 γράμματα
3380 872 3514 921 κατὰ
3587 878 3671 930 τῆς
3723 870 3846 922 ’Δσίες

2940 1085 3184 1138 ΚΕΦΑΛ.
3230 1084 3351 1140 ΚΔ¹.

2343 1192 2498 1260 Περὶ
2553 1197 2659 1250 τῆς
2697 1192 3098 1243 ἐπιπλάστου
3143 1192 3508 1262 Μαξιμίνου
3563 1193 3698 1262 ὑπὲρ
3732 1193 3848 1260 ἡμῶν

2792 1263 3082 1336 ἀγράφου
3134 1261 3481 1334 διαταγῆς.

2406 1364 2463 1416 ’0
2523 1363 2572 1418 δ’
2625 1368 2703 1420 ἐπ’
2753 1369 3034 1432 Ἀνατολῆς
3077 1373 3318 1442 τύραννος
3360 1370 3659 1441 Μαξιμίνος,
3705 1370 3770 1421 ἀτί
3800 1367 3834 1424 δὲ

2334 1462 2434 1505 τῶν
2488 1456 2650 1508 ἄλλων
2719 1455 3283 1532 δεισιδαιμονέστερος,
3336 1464 3426 1511 καὶ
3483 1467 3552 1527 τῷ
3627 1466 3712 1510 τῶν
3772 1459 3834 1509 Et»

2335 1547 2442 1614 Θεῷ
2499 1543 2578 1596 ἀεὶ
2655 1542 2749 1597 διὰ
2825 1550 3010 1619 μάχης
3069 1548 3194 1600 ἰέναι
3269 1548 3474 1613 ἐθέλων,
3530 1545 3747 1618 οὐδαμῶς
3780 1557 3837 1607 τοὶς

2331 1641 2600 1704 γραφεῖσιν
2653 1636 2878 1706 ἠρκεῖτο,
2945 1636 3072 1688 ἀλλὰ
3126 1641 3215 1690 καὶ
3265 1644 3373 1698 τοῖς
3429 1635 3553 1708 ἀμφ’
3609 1639 3742 1686 αὑτὸν
3795 1635 3842 1685 1ο-

2329 1740 2442 1790 γοις
2493 1723 2686 1776 έκελευε
2739 1731 2918 1797 μόνοις
2975 1730 3061 1778 τὸν
3127 1727 3244 1779 καθ’
3306 1728 3457 1797 ἡμῶν
3532 1725 3726 1796 πόλεμον
3770 1724 3844 1776 ἁνε-

2330 1809 2569 1866 στελλειν.
2611 1819 2683 1884 Τῇ
2743 1817 2844 1886 γὰρ
2897 1824 2996 1865 τῶν
3052 1819 3351 1885 κρειττόνων
3407 1814 3567 1885 ψήφῳ
3630 1819 3707 1866 καὶ
3749 1814 3848 1864 «sm

2328 1903 2420 1949 οὒκ
2469 1897 2530 1956 ἧν
2576 1901 2646 1962 εἰς
2685 1905 2742 1952 τό
2787 1906 2996 1977 φανερὸν
3053 1902 3327 1974 ἀντιλέγειν
3357 1921 3369 1931 ·
3427 1907 3475 1956 ἓν
3515 1911 3574 1974 τῇ
3615 1903 3714 1954 κατ’
3749 1902 3848 1952 τὲτοι

2323 2007 2394 2058 μη
2405 1985 2454 2040 δ’

2321 2080 2691 2150 προστάγματι
2739 2077 2926 2142 δολίως
2992 2085 3077 2134 τόν
3135 2078 3368 2152 διωγμὸν
3431 2080 3607 2151 ἐπεῖχε
3637 2099 3647 2110 ·
3685 2086 3758 2131 καὶ
3790 2086 3850 2129 Σα-

3471 2178 3575 2229 τοίς
3627 2170 3722 2221 κατ’
3772 2171 3848 2222 ἑθπ

2535 1988 2871 2060 ἀναγνώσεως
2946 1991 3174 2054 ἀξιώσας
3245 1995 3303 2044 τὸ
3384 1994 3626 2063 γράμμα,
3699 1989 3851 2060 ἀγράφῳ

2322 2166 2456 2227 ϐῖνος
2502 2172 2592 2239 μεν
2631 2171 2658 2219 ὁ
2709 2172 2830 2241 παρ’
2871 2170 3012 2240 αύτῷ
3070 2170 3392 2241 ἐξοχώτατος

2320 2258 2647 2328 ἡγουμένοις,
2692 2264 2784 2316 τὴν
2844 2258 3098 2330 βασιλέως
3148 2266 3355 2331 γνώμην
3411 2257 3572 2330 ἐμφάν
3602 2267 3627 2316 ἦ
3655 2259 3850 2309 matura»

2321 2347 2530 2418 ἔγραφεν
2564 2365 2578 2377 ·
2661 2350 2728 2406 ὡς
2806 2348 2966 2400 πάλαι
3045 2351 3270 2420 ὥρισται
3332 2352 3452 2408 τοὺς
3518 2353 3604 2400 καὶ
3671 2346 3854 2415 ἀλλοτρίᾳ

2323 2436 2570 2506 συνηθείᾳ
2627 2432 2904 2497 δοκοῦντας
2957 2435 3253 2490 ἀκολουθεῖν
3299 2445 3406 2498 τοῖς
3464 2440 3595 2497 Θεοῖς
3646 2439 3724 2496 τὰς
3771 2437 3853 2503 θρε-

2323 2528 2498 2584 σκείας
2564 2523 2826 2579 ἐπιτελεῖν.
2867 2525 3147 2588 ’Ἐνστασις
3208 2523 3267 2578 δέ
3301 2547 3456 2578 τινων
3489 2525 3640 2578 πολὺν
3676 2527 3851 2593 ἐπήγειρε

2319 2607 2578 2666 κίνδυνον.
2625 2612 2776 2666 ’Ὀθεν
2821 2612 2977 2677 δόξαν
3037 2615 3265 2679 ἐκείνοις,
3328 2615 3388 2667 ἶν’
3433 2620 3478 2668 εἰ
3518 2635 3594 2675 τις
3637 2622 3722 2665 τῶν
3764 2619 3850 2682 Χρι-

2323 2709 2541 2751 στιανῶν
2603 2711 2696 2754 τοῦ
2765 2700 2903 2755 ἰδίου
2970 2706 3144 2766 ἔθνους
3220 2705 3311 2762 τὴν
3389 2707 3664 2776 θρησκείαν
3721 2707 3850 2772 μετιών

2320 2790 2568 2861 εὑρεθείη,
2607 2789 2892 2862 ἀφίστηται
2938 2796 3028 2864 μεν
3077 2802 3170 2844 τοῦ
3217 2790 3470 2845 κινδύνου
3499 2811 3512 2822 ⁸
3564 2798 3648 2846 καὶ
3681 2797 3741 2864 μή
3775 2808 3852 2840 τινε

2318 2879 2374 2928 ἑκ
2429 2887 2520 2938 τῆς
2591 2884 2838 2944 τοιαύτης
2905 2883 3074 2943 αἰτίας
3147 2882 3404 2948 κολάζειν,
3481 2886 3673 2952 ἐπείπερ
3731 2879 3850 2945 πολλῷ

2316 2972 2492 3040 χρόνῳ
2539 2976 2719 3042 πεῖραν
2768 2968 2979 3037 ἔδοσαν,
3039 2977 3107 3044 μὴ
3164 2981 3264 3024 τῶν
3314 2977 3573 3046 σφετέρων
3625 2972 3845 3023 ἑνστάσενν

2319 3056 2626 3130 ἀνάχωρεῖν.
2680 3065 2718 3110 Γ
2720 3062 2896 3132 ράφειν
2943 3081 2996 3113 τε
3049 3066 3138 3114 καὶ
3197 3070 3305 3122 τοῖς
3368 3061 3545 3122 ἄλλοις
3594 3057 3836 3113 ἑκέλενπε

2314 3152 2508 3217 γραφὴ,
2574 3148 2645 3219 μὴ
2709 3157 2972 3220 προσῆκον
3038 3149 3245 3210 ἐκείνοις
3312 3156 3602 3225 περαιτέρω
3661 3141 3843 3221 φροντίδι

2316 3241 2430 3308 περὶ
2490 3244 2814 3310 Χριστιανῶν
2861 3242 3163 3292 ποιεῖσθαν
3214 3242 3263 3292 οἰ
3312 3237 3377 3297 δὴ
3446 3247 3538 3293 καὶ
3584 3239 3846 3295 έπαληθῑνετι

540 3329 683 3380 nata
732 3341 842 3380 sua
885 3327 1221 3380 constantia
1266 3341 1388 3379 non
1432 3324 1744 3378 declinent.
1795 3325 2088 3395 Scriptum
2143 3325 2201 3379 id

2313 3329 2617 3394 νομίσαντες
2670 3327 2763 3385 τὴν
2818 3333 3138 3402 προαίρεσιν,
3215 3327 3309 3382 διὰ
3363 3333 3681 3405 γραμμάτων
3731 3327 3850 3378 itast

543 3413 748 3470 Sabini
783 3414 915 3470 aliis
945 3429 1191 3486 quoque
1221 3413 1668 3482 magistratibus
1698 3413 2107 3468 demandabat
2131 3414 2202 3468 si-

540 3503 832 3572 gniﬁcari,
853 3519 975 3560 non
994 3504 1210 3559 debere
1233 3502 1492 3575 amplius
1509 3519 1611 3557 eos
1629 3503 2054 3558 deChristianis
2067 3519 2201 3557 esse

540 3592 819 3648 sollicitos
848 3610 860 3648 :
894 3593 997 3666 qui
1029 3609 1172 3648 sane
1199 3593 1372 3663 jussa
1401 3609 1472 3647 ea
1501 3593 1742 3647 veritate
1773 3592 1876 3646 niti
1905 3591 2195 3660 arbitrati,

539 3696 644 3752 per
665 3681 946 3752 epistolas
966 3682 1204 3753 publice
1222 3682 1508 3754 principis
1539 3681 1890 3736 sententiam
1913 3681 2197 3736 omnibus

536 3769 932 3826 declararunt.
969 3773 1032 3826 Et
1062 3787 1182 3826 non
1221 3772 1420 3826 verbis
1452 3775 1682 3825 tantum
1714 3770 2037 3841 litterisque
2067 3770 2196 3824 flth

539 3863 656 3924 ata,
717 3876 925 3914 verum
976 3861 1156 3915 etiam
1198 3860 1311 3930 ipsi
1353 3859 1551 3915 statim
1598 3875 1752 3930 quos
1795 3859 1853 3913 in
1910 3859 2194 3914 custodiis

538 3953 780 4020 propter
801 3949 1072 4004 divinum
1101 3950 1353 4004 verbum
1381 3948 1615 4002 clausos
1640 3947 1966 4012 habebant,
1995 3948 2056 4003 in
2082 3963 2196 4018 pu-

535 4035 758 4091 blicum
783 4037 1105 4107 productos
1125 4037 1344 4091 liberos
1365 4037 1736 4101 dimiserunt,
1763 4042 1820 4091 et
1847 4037 1924 4090 ad
1951 4036 2194 4091 metalla

535 4125 853 4181 damnatos
910 4125 1317 4182 absolverunt.
1373 4124 1543 4188 Quod
1596 4140 1733 4179 cum
1781 4125 1860 4180 ita
1910 4124 2186 4189 facerent,

534 4215 850 4285 gratiﬁcari
891 4231 952 4269 se
985 4214 1328 4286 imperatori
1360 4229 1468 4267 suo
1507 4214 1940 4268 existimarunt.
1975 4214 2089 4267 Sed
2120 4229 2193 4268 ea.

532 4305 593 4358 in
624 4320 686 4358 re
720 4304 1050 4359 admodum
1086 4307 1224 4357 sunt
1255 4301 1405 4358 falsi.
1441 4305 1568 4356 Haec
1607 4319 1803 4356 rerum
1843 4302 2022 4356 facies
2052 4318 2188 4356 cum

534 4394 620 4449 sic
656 4393 920 4449 exhibita
962 4397 1136 4458 esset,
1183 4392 1383 4447 statim
1427 4407 1499 4445 ex
1544 4391 1845 4447 altissimis
1884 4392 2187 4460 ingentem

532 4482 726 4538 lucem
771 4487 1040 4538 exortam
1091 4497 1218 4536 esse
1263 4481 1538 4535 homines
1578 4479 1874 4536 viderunt.
1917 4480 2186 4534 Ecclesiaa

529 4571 1080 4650 frequentabantur,
1125 4574 1452 4624 conventus
1501 4569 1974 4624 numerosissimi
2014 4585 2186 4640 coge-

2310 3417 2404 3470 τὴν
2487 3421 2698 3487 γνώμην
2760 3416 2954 3489 ἔμφάνῆ
3013 3426 3104 3470 τοῦ
3158 3426 3475 3492 κρατοῦντος
3527 3419 3735 3472 ἐποίουν.
3784 3419 3851 3467 Κιι

2310 3501 2368 3552 ού
2425 3502 2597 3574 λόγοις
2657 3511 2747 3557 καὶ
2806 3509 3088 3578 γράμμασι
3147 3516 3314 3559 ταυτα
3365 3512 3669 3582 προυχώρει
3764 3503 3850 3554 ait":

2307 3596 2396 3642 καὶ
2457 3593 2604 3646 αὐτοὶ
2666 3601 2932 3668 πρότερον,
3007 3598 3095 3657 οὖς
3160 3600 3556 3671 καθειργμένους
3612 3595 3744 3667 εἶχόν
3789 3589 3848 3644 εἷιέ

2306 3684 2392 3731 τὸν
2447 3684 2577 3734 θεῖον
2639 3683 2807 3755 λόγον,
2867 3682 2940 3737 δι’
2990 3687 3181 3738 ἑαυτῶν
3235 3686 3314 3739 ἐπὶ
3371 3691 3542 3758 μέσου
3593 3689 3846 3759 προάγοντες

2306 3770 2609 3844 ἠλευθέρουν
2642 3790 2655 3802 ⁸
2711 3779 2800 3826 καὶ
2847 3779 2966 3837 τοὺς
3016 3775 3062 3826 ἐν
3115 3777 3382 3848 μετάλλοις
3452 3776 3677 3829 ἀνίεσαν.
3730 3773 3846 3824 Ἤπε-

2305 3879 2484 3917 τηνται
2546 3858 2604 3913 δὲ
2685 3864 2787 3934 ἄρα
2853 3861 3061 3935 βασιλεί
3126 3862 3398 3926 δοκοῦντες
3472 3869 3607 3917 κατὰ
3687 3869 3843 3932 γνῶμεν

2302 3969 2545 4020 πρτατειν
2592 3953 2815 4014 πάντως.
2870 3956 3074 4005 Τούτων
3115 3951 3166 4006 δ’
3213 3957 3674 4017 επιπολασθέντων,
3706 3950 3844 4003 αὔτικα

2304 4035 2364 4095 ἧν
2407 4041 2530 4110 όρᾷν
2585 4040 2642 4091 ἐκ
2697 4039 2992 4113 βαθυτάτου
3052 4048 3268 4103 σκότους
3325 4052 3426 4114 φῶς
3473 4044 3657 4115 ἀθρόον
3709 4040 3844 4106 ἓκλεὶιασ

2301 4147 2394 4178 πον
2429 4146 2440 4157 ·
2492 4129 2765 4186 ἑκκλησίαι
2815 4150 2869 4182 τε
2919 4140 3337 4207 συνεκροτοῦντο,
3373 4138 3465 4185 καὶ
3500 4129 3705 4184 σύνοδοι
3745 4146 3842 4195 συμ-

2299 4216 2514 4279 πληθεῖς
2564 4219 2869 4292 ἠθροίζοντο
2901 4239 2912 4250 ·
2965 4227 3053 4273 καὶ
3108 4227 3210 4282 πᾶς
3270 4241 3349 4283 τις
3400 4231 3498 4274 τῶν
3555 4221 3698 4273 ἐθνῶν
3750 4217 3841 4288 dim

2301 4306 2585 4368 ἔκπληκτθς
2642 4305 2722 4373 ἦν,
2779 4313 2836 4360 τὸ
2884 4318 2974 4370 τῆς
3032 4311 3315 4382 μεταϐολῆς
3375 4313 3581 4383 ἕτοιμον
3631 4311 3840 4381 ὑπερννῶς

2302 4398 2600 4467 θαυμάζων,
2651 4403 2738 4449 καὶ
2799 4403 2958 4470 μέγαν
3015 4405 3165 4471 μόνον
3237 4398 3364 4452 εἶναι
3418 4405 3549 4454 Θεόν
3615 4409 3704 4450 τῶν
3751 4403 3840 4462 Xyn-

2300 4494 2518 4536 στιανῶν
2574 4484 2784 4540 ἐκϐοῶν.
2831 4487 3002 4558 Ἦμῶν
3041 4486 3090 4539 δ’
3142 4490 3257 4540 ὅσοι
3303 4493 3386 4541 τὸν
3442 4487 3620 4560 ἀγῶνα
3650 4487 3839 4557 γενναίως

2297 4569 2596 4644 διήνεγκαν,
2646 4578 2777 4646 μετά
2819 4576 3120 4650 παρρησίας
3186 4574 3461 4651 διέπρεπον
3497 4596 3509 4607 ·
3569 4576 3644 4637 οἷς
3686 4572 3733 4626 δε
3782 4589 3836 4620 νε·

528 4659 770 4726 bantur,
796 4666 852 4716 et
876 4677 947 4716 ex
973 4659 1251 4727 gentibus
1275 4659 1403 4714 haec
1428 4659 1685 4729 quisque
1709 4675 1957 4714 cernens
1977 4658 2183 4715 obstu-

2307 4670 2458 4720 τῆσαι
2497 4663 2682 4721 συνέϐη
2719 4667 2853 4716 κατά
2890 4665 3076 4737 ψυχὴν
3132 4675 3193 4739 τῇ
3247 4676 3344 4719 τῶν
3389 4665 3571 4720 δεινῶν
3606 4659 3831 4738 προσϐολὴ

528 4752 834 4822 pescebat,
868 4749 1304 4820 mirificamque
1338 4763 1534 4802 rerum
1577 4748 1965 4803 mutationem
1994 4749 2182 4803 admi-

526 4839 793 4904 rabatur,
818 4839 1011 4893 solum
1042 4837 1508 4894 Christianorum
1535 4839 1716 4892 Deum
1745 4853 2036 4906 magnum
2057 4854 2186 4894 esse

525 4928 889 4984 acclamans.
915 4930 1259 4982 Nostrorum
1284 4929 1484 4982 autem
1504 4925 1822 4980 hominum
1843 4927 2185 4999 quicunque

526 5033 812 5088 generose
851 5021 905 5071 et
939 5015 1160 5071 fortiter
1199 5031 1458 5084 agonem
1499 5014 1901 5086 pertulissent,
1944 5016 2184 5086 publice

528 5123 667 5162 cum
701 5107 923 5176 ingenti
954 5105 1224 5160 libertate
1256 5105 1313 5158 in
1347 5104 1728 5159 veneratione
1760 5110 1949 5159 erant.
1980 5110 2050 5159 At
2079 5106 2179 5176 qui

526 5211 634 5270 per
656 5197 999 5252 animorum
1026 5194 1490 5249 imbecillitatem
1521 5193 1878 5248 inﬁrmiores
1908 5194 1968 5249 in
1999 5195 2184 5250 malo-

525 5271 657 5340 rum
689 5285 1103 5340 colluctatione
1146 5283 1414 5346 fuissent,
1447 5282 1656 5354 lapsus
1689 5300 1830 5338 suos
1862 5299 1968 5354 per
1997 5285 2183 5355 paeni-

521 5375 768 5430 tentiam
788 5375 1005 5429 sarcire
1019 5378 1073 5428 et
1090 5388 1298 5428 curare
1317 5371 1698 5437 festinabant,
1718 5373 1955 5427 dextras
1973 5389 2180 5429 eorum

521 5463 806 5532 quiﬁdem
821 5462 1042 5518 salvam
1056 5466 1514 5518 conservassem
1528 5464 2183 5533 prensantes,eosdem-

599 5567 675 5644 (t)
703 5568 915 5624 Euseb.
948 5568 1050 5624 lib.
1081 5584 1155 5634 1x,
1184 5584 1317 5640 cap.
1343 5569 1394 5628 1.

2290 4754 2356 4825 τὰ
2423 4761 2562 4824 σφῶν
2663 4755 2956 4825 θεραπεύειν
3024 4757 3316 4827 ἠπείγοντο,
3389 4753 3566 4818 δεξιὰν
3634 4754 3835 4806 αἰτούντεὲ

2288 4840 2410 4914 παρ’
2458 4841 2525 4890 ὧν
2569 4844 2633 4893 τὰ
2670 4851 2764 4902 τῆς
2808 4847 3028 4904 πίστεως
3067 4843 3274 4918 ἔρρωτο.
3323 4844 3630 4919 Ἐλιπάρουν
3656 4861 3701 4894 τε
3742 4841 3832 4888 Θεὸν

2292 4929 2528 4981 ἱκετεύειν
2580 4930 2720 4982 ἵλεων
2768 4931 2946 4994 αὐτοῖς
3003 4931 3188 4984 ἐνιδεῖν
3263 4937 3392 5005 μετὰ
3469 4940 3719 5005 κατηφοῦς
3772 4929 3831 4976 καί

2291 5024 2724 5093 συντετριμμένον
2780 5028 2870 5072 τοῦ
2937 5028 3239 5093 σχήματος.
3289 5025 3354 5074 Οἱ
3404 5019 3454 5074 δ’
3529 5025 3577 5074 ἐν
3621 5016 3830 5091 μετοῦλοις

2287 5107 2516 5170 λυθέντες
2581 5107 2796 5184 φαιδροί
2875 5130 3007 5172 τινες
3089 5117 3178 5162 καὶ
3247 5112 3595 5183 γεγανωμένον
3671 5111 3831 5179 ὁρῶντες

2287 5201 2376 5248 καὶ
2432 5197 2732 5272 παρρησίας
2790 5198 2998 5273 πλήρεις
3051 5198 3133 5252 ἰπὶ
3202 5203 3292 5260 τὰς
3381 5197 3634 5272 πατρίδας
3695 5196 3825 5267 ium.

2288 5285 2513 5359 ἀρρήτου
2580 5307 2632 5342 τε
2688 5289 3022 5362 εὐφροσύνης,
3102 5293 3163 5346 ἣν
3229 5286 3353 5342 οὐδε
3417 5290 3553 5359 λόγῳ
3622 5284 3824 5356 παριστρ

2285 5372 2490 5450 ῥοίδιον,
2551 5376 2769 5450 ἔμπλεῳ.
2822 5377 2971 5430 Ὀδοὶ
3021 5375 3079 5430 δε
3134 5384 3223 5430 καὶ
3270 5383 3488 5451 λεωφόρο
3525 5379 3732 5429 παιάνων
3763 5387 3818 5419 καί

2290 5463 2537 5537 ᾀσμάτων
2596 5462 2731 5526 ἦσαν
2787 5473 2978 5537 μεσταὶ
3023 5475 3123 5525 τῶν
3180 5463 3486 5541 ὁδοιπόρων,
3547 5469 3668 5520 Θεὸν
3712 5457 3819 5520 δοξι·
