  <div class='ocr_page' id='page_1' title='image "/cluster/home/n/w/nwhite01/storage/ocr_20150623/145/mdp.39015061167048/638.png"; bbox 0 0 4028 6294; ppageno 0'>
   <div class='ocr_carea' id='block_1_1' title="bbox 140 282 3502 354">
    <p class='ocr_par' dir='ltr' id='par_1_1' title="bbox 140 282 3502 354">
     <span class='ocr_line' id='line_1_1' title="bbox 140 282 3502 354; baseline -0.001 -11"><span class='ocrx_word' id='word_1_1' title='bbox 140 297 273 354; x_wconf 68' lang='lat'><strong>1261</strong></span> <span class='ocrx_word' id='word_1_2' title='bbox 1203 284 1774 349; x_wconf 72' lang='lat' dir='ltr'><strong>ECCLESIASTIC/E</strong></span> <span class='ocrx_word' id='word_1_3' title='bbox 1817 282 2178 343; x_wconf 67' lang='lat' dir='ltr'><strong>HISTORIE</strong></span> <span class='ocrx_word' id='word_1_4' title='bbox 2216 284 2351 342; x_wconf 89' lang='lat' dir='ltr'><strong>LIB.</strong></span> <span class='ocrx_word' id='word_1_5' title='bbox 2391 286 2505 342; x_wconf 79' lang='lat' dir='ltr'><strong>VII.</strong></span> <span class='ocrx_word' id='word_1_6' title='bbox 3362 292 3502 349; x_wconf 72' lang='lat'><strong>4262</strong></span> 
     </span>
    </p>
   </div>
   <div class='ocr_carea' id='block_1_2' title="bbox 142 409 1767 491">
    <p class='ocr_par' dir='ltr' id='par_1_2' title="bbox 142 409 1767 491">
     <span class='ocr_line' id='line_1_2' title="bbox 142 409 1767 491; baseline -0.008 -16"><span class='ocrx_word' id='word_1_7' title='bbox 142 421 335 482; x_wconf 80' lang='grc' dir='ltr'>ζόντων</span> <span class='ocrx_word' id='word_1_8' title='bbox 385 425 449 490; x_wconf 79' lang='grc' dir='ltr'><strong>τῇ</strong></span> <span class='ocrx_word' id='word_1_9' title='bbox 501 416 643 491; x_wconf 81' lang='grc' dir='ltr'>παρὰ</span> <span class='ocrx_word' id='word_1_10' title='bbox 695 410 854 477; x_wconf 78' lang='grc' dir='ltr'>δόξαν</span> <span class='ocrx_word' id='word_1_11' title='bbox 906 411 1165 485; x_wconf 78' lang='grc' dir='ltr'>ἐλευθερίᾳ</span> <span class='ocrx_word' id='word_1_12' title='bbox 1194 427 1209 442; x_wconf 79' lang='grc'><strong><em>⁸</em></strong></span> <span class='ocrx_word' id='word_1_13' title='bbox 1259 416 1348 464; x_wconf 86' lang='grc' dir='ltr'>καὶ</span> <span class='ocrx_word' id='word_1_14' title='bbox 1397 414 1517 473; x_wconf 83' lang='grc' dir='ltr'>τοὺς</span> <span class='ocrx_word' id='word_1_15' title='bbox 1578 409 1767 482; x_wconf 71' lang='grc' dir='ltr'>ὀλίγῳ,</span> 
     </span>
    </p>
   </div>
   <div class='ocr_carea' id='block_1_3' title="bbox 1877 409 3505 491">
    <p class='ocr_par' dir='ltr' id='par_1_3' title="bbox 1877 411 3505 490">
     <span class='ocr_line' id='line_1_3' title="bbox 1877 411 3505 490; baseline 0.004 -21"><span class='ocrx_word' id='word_1_16' title='bbox 1877 426 1959 483; x_wconf 75' lang='grc' dir='ltr'><strong>ςυθ</strong></span> <span class='ocrx_word' id='word_1_17' title='bbox 1989 411 2297 471; x_wconf 89' lang='lat' dir='ltr'><strong>submisso</strong></span> <span class='ocrx_word' id='word_1_18' title='bbox 2324 416 2382 471; x_wconf 89' lang='lat' dir='ltr'><strong>et</strong></span> <span class='ocrx_word' id='word_1_19' title='bbox 2421 412 2726 475; x_wconf 86' lang='lat' dir='ltr'><strong>sordidato</strong></span> <span class='ocrx_word' id='word_1_20' title='bbox 2770 414 2985 477; x_wconf 80' lang='lat' dir='ltr'><strong>habitu</strong></span> <span class='ocrx_word' id='word_1_21' title='bbox 3012 420 3070 475; x_wconf 84' lang='lat' dir='ltr'><strong>et</strong></span> <span class='ocrx_word' id='word_1_22' title='bbox 3120 417 3335 490; x_wconf 81' lang='lat' dir='ltr'><strong>spiritu</strong></span> <span class='ocrx_word' id='word_1_23' title='bbox 3362 435 3505 476; x_wconf 89' lang='lat' dir='ltr'><strong>con-</strong></span> 
     </span>
    </p>
   </div>
   <div class='ocr_carea' id='block_1_4' title="bbox 140 496 1767 583">
    <p class='ocr_par' dir='ltr' id='par_1_4' title="bbox 140 496 1735 583">
     <span class='ocr_line' id='line_1_4' title="bbox 140 496 1735 583; baseline -0.006 -22"><span class='ocrx_word' id='word_1_24' title='bbox 140 514 386 583; x_wconf 86' lang='grc' dir='ltr'>πρότερον</span> <span class='ocrx_word' id='word_1_25' title='bbox 435 503 673 580; x_wconf 73' lang='grc' dir='ltr'>σφοδρῶς</span> <span class='ocrx_word' id='word_1_26' title='bbox 723 512 823 555; x_wconf 85' lang='grc' dir='ltr'><strong>τῶν</strong></span> <span class='ocrx_word' id='word_1_27' title='bbox 894 499 1162 574; x_wconf 77' lang='grc' dir='ltr'><strong>πατρίδων</strong></span> <span class='ocrx_word' id='word_1_28' title='bbox 1215 500 1552 572; x_wconf 78' lang='grc' dir='ltr'>ἐληλαμένους</span> <span class='ocrx_word' id='word_1_29' title='bbox 1601 496 1735 561; x_wconf 74' lang='grc' dir='ltr'>εἶδες</span> 
     </span>
    </p>
   </div>
   <div class='ocr_carea' id='block_1_5' title="bbox 1877 496 3506 583">
    <p class='ocr_par' dir='ltr' id='par_1_5' title="bbox 1877 502 3506 578">
     <span class='ocr_line' id='line_1_5' title="bbox 1877 502 3506 578; baseline 0.006 -22"><span class='ocrx_word' id='word_1_30' title='bbox 1877 506 1999 566; x_wconf 61' lang='grc' dir='ltr'>ριιο,</span> <span class='ocrx_word' id='word_1_31' title='bbox 2033 506 2093 559; x_wconf 91' lang='lat' dir='ltr'><strong>ut</strong></span> <span class='ocrx_word' id='word_1_32' title='bbox 2108 504 2294 561; x_wconf 89' lang='lat' dir='ltr'><strong>Deum</strong></span> <span class='ocrx_word' id='word_1_33' title='bbox 2324 502 2601 575; x_wconf 80' lang='lat' dir='ltr'><strong>precibus</strong></span> <span class='ocrx_word' id='word_1_34' title='bbox 2626 503 2751 560; x_wconf 83' lang='lat' dir='ltr'><strong>suis</strong></span> <span class='ocrx_word' id='word_1_35' title='bbox 2785 505 3111 578; x_wconf 88' lang='lat' dir='ltr'><strong>propitium</strong></span> <span class='ocrx_word' id='word_1_36' title='bbox 3152 506 3262 565; x_wconf 82' lang='lat' dir='ltr'><strong>sibi</strong></span> <span class='ocrx_word' id='word_1_37' title='bbox 3296 509 3506 565; x_wconf 86' lang='lat' dir='ltr'><strong>redde-</strong></span> 
     </span>
    </p>
   </div>
   <div class='ocr_carea' id='block_1_6' title="bbox 1843 591 3502 655">
    <p class='ocr_par' dir='ltr' id='par_1_6' title="bbox 1843 591 3502 655">
     <span class='ocr_line' id='line_1_6' title="bbox 1843 591 3502 655; baseline 0.004 -8"><span class='ocrx_word' id='word_1_38' title='bbox 1843 594 1977 647; x_wconf 86' lang='lat' dir='ltr'><strong>rent</strong></span> <span class='ocrx_word' id='word_1_39' title='bbox 2013 596 2270 648; x_wconf 82' lang='lat' dir='ltr'><strong>orantes.</strong></span> <span class='ocrx_word' id='word_1_40' title='bbox 2302 592 2392 649; x_wconf 78' lang='lat' dir='ltr'><strong>Ad</strong></span> <span class='ocrx_word' id='word_1_41' title='bbox 2417 591 2727 652; x_wconf 79' lang='lat' dir='ltr'><strong>metallum</strong></span> <span class='ocrx_word' id='word_1_42' title='bbox 2755 594 3027 653; x_wconf 80' lang='lat' dir='ltr'><strong>damnati</strong></span> <span class='ocrx_word' id='word_1_43' title='bbox 3062 595 3502 655; x_wconf 76' lang='lat' dir='ltr'><strong>liberabantur:</strong></span> 
     </span>
    </p>
   </div>
   <div class='ocr_carea' id='block_1_7' title="bbox 1846 677 3507 752">
    <p class='ocr_par' dir='ltr' id='par_1_7' title="bbox 1846 677 3507 752">
     <span class='ocr_line' id='line_1_7' title="bbox 1846 677 3507 752; baseline 0.007 -19"><span class='ocrx_word' id='word_1_44' title='bbox 1846 677 2083 751; x_wconf 57' lang='lat' dir='ltr'><strong>laetique</strong></span> <span class='ocrx_word' id='word_1_45' title='bbox 2113 684 2291 752; x_wconf 88' lang='lat' dir='ltr'><strong>atque</strong></span> <span class='ocrx_word' id='word_1_46' title='bbox 2309 680 2529 738; x_wconf 80' lang='lat' dir='ltr'><strong>hilares</strong></span> <span class='ocrx_word' id='word_1_47' title='bbox 2558 697 2698 738; x_wconf 91' lang='lat' dir='ltr'><strong>cum</strong></span> <span class='ocrx_word' id='word_1_48' title='bbox 2721 681 2992 742; x_wconf 80' lang='lat' dir='ltr'><strong>libertate</strong></span> <span class='ocrx_word' id='word_1_49' title='bbox 3011 684 3223 751; x_wconf 85' lang='lat' dir='ltr'><strong>multa,</strong></span> <span class='ocrx_word' id='word_1_50' title='bbox 3253 687 3507 744; x_wconf 83' lang='lat' dir='ltr'><strong>incredi-</strong></span> 
     </span>
    </p>
   </div>
   <div class='ocr_carea' id='block_1_8' title="bbox 1848 767 3508 846">
    <p class='ocr_par' dir='ltr' id='par_1_8' title="bbox 1848 767 3508 846">
     <span class='ocr_line' id='line_1_8' title="bbox 1848 767 3508 846; baseline 0.007 -23"><span class='ocrx_word' id='word_1_51' title='bbox 1848 767 1953 827; x_wconf 86' lang='lat' dir='ltr'><strong>bili</strong></span> <span class='ocrx_word' id='word_1_52' title='bbox 1984 774 2165 840; x_wconf 89' lang='lat' dir='ltr'><strong>atque</strong></span> <span class='ocrx_word' id='word_1_53' title='bbox 2192 767 2483 827; x_wconf 76' lang='lat' dir='ltr'><strong>ineffabili</strong></span> <span class='ocrx_word' id='word_1_54' title='bbox 2503 771 2726 841; x_wconf 87' lang='lat' dir='ltr'><strong>gaudio</strong></span> <span class='ocrx_word' id='word_1_55' title='bbox 2755 771 2938 844; x_wconf 82' lang='lat' dir='ltr'><strong>pleni,</strong></span> <span class='ocrx_word' id='word_1_56' title='bbox 2961 772 3022 829; x_wconf 88' lang='lat' dir='ltr'><strong>in</strong></span> <span class='ocrx_word' id='word_1_57' title='bbox 3046 773 3305 846; x_wconf 88' lang='lat' dir='ltr'><strong>patriam</strong></span> <span class='ocrx_word' id='word_1_58' title='bbox 3330 790 3508 835; x_wconf 86' lang='lat' dir='ltr'><strong>suam</strong></span> 
     </span>
    </p>
   </div>
   <div class='ocr_carea' id='block_1_9' title="bbox 147 856 3509 936">
    <p class='ocr_par' dir='ltr' id='par_1_9' title="bbox 147 856 3509 936">
     <span class='ocr_line' id='line_1_9' title="bbox 147 856 3509 936; baseline 0.001 -24"><span class='ocrx_word' id='word_1_59' title='bbox 147 869 298 922; x_wconf 81' lang='grc' dir='ltr'>σθαι,</span> <span class='ocrx_word' id='word_1_60' title='bbox 1851 856 2146 914; x_wconf 85' lang='lat' dir='ltr'><strong>redibant.</strong></span> <span class='ocrx_word' id='word_1_61' title='bbox 2188 857 2402 914; x_wconf 86' lang='lat' dir='ltr'><strong>Itinera</strong></span> <span class='ocrx_word' id='word_1_62' title='bbox 2453 858 2831 936; x_wconf 60' lang='lat' dir='ltr'><strong>publicaque</strong></span> <span class='ocrx_word' id='word_1_63' title='bbox 2882 862 2994 923; x_wconf 68' lang='lat' dir='ltr'><strong>vias</strong></span> <span class='ocrx_word' id='word_1_64' title='bbox 3045 862 3509 936; x_wconf 81' lang='lat' dir='ltr'><strong>triumphalibus</strong></span> 
     </span>
    </p>
   </div>
   <div class='ocr_carea' id='block_1_10' title="bbox 138 945 3511 1028">
    <p class='ocr_par' dir='ltr' id='par_1_10' title="bbox 138 945 3511 1028">
     <span class='ocr_line' id='line_1_10' title="bbox 138 945 3511 1028; baseline -0.001 -15"><span class='ocrx_word' id='word_1_65' title='bbox 138 956 391 1028; x_wconf 83' lang='lat' dir='ltr'><strong>hymnis</strong></span> <span class='ocrx_word' id='word_1_66' title='bbox 420 959 479 1010; x_wconf 84' lang='lat' dir='ltr'><strong>et</strong></span> <span class='ocrx_word' id='word_1_67' title='bbox 506 950 901 1017; x_wconf 84' lang='lat' dir='ltr'><strong>carminibus,</strong></span> <span class='ocrx_word' id='word_1_68' title='bbox 933 949 1260 1007; x_wconf 81' lang='lat' dir='ltr'><strong>viatoribus</strong></span> <span class='ocrx_word' id='word_1_69' title='bbox 1293 948 1479 1004; x_wconf 90' lang='lat' dir='ltr'><strong>Deum</strong></span> <span class='ocrx_word' id='word_1_70' title='bbox 1512 948 1586 1003; x_wconf 91' lang='lat' dir='ltr'><strong>de</strong></span> <span class='ocrx_word' id='word_1_71' title='bbox 1626 947 1937 1019; x_wconf 89' lang='lat' dir='ltr'><strong>inopinata</strong></span> <span class='ocrx_word' id='word_1_72' title='bbox 1973 945 2245 1003; x_wconf 88' lang='lat' dir='ltr'><strong>libertate</strong></span> <span class='ocrx_word' id='word_1_73' title='bbox 2282 946 2777 1019; x_wconf 88' lang='lat' dir='ltr'><strong>gloriﬁcantibus,</strong></span> <span class='ocrx_word' id='word_1_74' title='bbox 2833 950 3222 1013; x_wconf 86' lang='lat' dir='ltr'><strong>resonabant.</strong></span> <span class='ocrx_word' id='word_1_75' title='bbox 3283 952 3352 1009; x_wconf 89' lang='lat' dir='ltr'><strong>Et</strong></span> <span class='ocrx_word' id='word_1_76' title='bbox 3403 949 3511 1026; x_wconf 87' lang='lat' dir='ltr'><strong>qui</strong></span> 
     </span>
    </p>
   </div>
   <div class='ocr_carea' id='block_1_11' title="bbox 140 1034 3512 1118">
    <p class='ocr_par' dir='ltr' id='par_1_11' title="bbox 140 1034 3512 1118">
     <span class='ocr_line' id='line_1_11' title="bbox 140 1034 3512 1118; baseline -0.001 -17"><span class='ocrx_word' id='word_1_77' title='bbox 140 1045 332 1118; x_wconf 88' lang='lat' dir='ltr'><strong>paulo</strong></span> <span class='ocrx_word' id='word_1_78' title='bbox 370 1049 508 1100; x_wconf 86' lang='lat' dir='ltr'><strong>ante</strong></span> <span class='ocrx_word' id='word_1_79' title='bbox 538 1041 821 1097; x_wconf 84' lang='lat' dir='ltr'><strong>violenter</strong></span> <span class='ocrx_word' id='word_1_80' title='bbox 859 1038 1053 1115; x_wconf 89' lang='lat' dir='ltr'><strong>patria</strong></span> <span class='ocrx_word' id='word_1_81' title='bbox 1093 1054 1203 1101; x_wconf 85' lang='lat' dir='ltr'><strong>sua</strong></span> <span class='ocrx_word' id='word_1_82' title='bbox 1250 1037 1442 1094; x_wconf 83' lang='lat' dir='ltr'><strong>exacti</strong></span> <span class='ocrx_word' id='word_1_83' title='bbox 1473 1041 1661 1099; x_wconf 86' lang='lat' dir='ltr'><strong>erant,</strong></span> <span class='ocrx_word' id='word_1_84' title='bbox 1695 1051 1799 1092; x_wconf 91' lang='lat' dir='ltr'><strong>eos</strong></span> <span class='ocrx_word' id='word_1_85' title='bbox 1850 1035 2015 1091; x_wconf 87' lang='lat' dir='ltr'><strong>vultu</strong></span> <span class='ocrx_word' id='word_1_86' title='bbox 2042 1034 2315 1106; x_wconf 90' lang='lat' dir='ltr'><strong>jucundo</strong></span> <span class='ocrx_word' id='word_1_87' title='bbox 2348 1037 2427 1093; x_wconf 91' lang='lat' dir='ltr'><strong>ad</strong></span> <span class='ocrx_word' id='word_1_88' title='bbox 2480 1036 2648 1097; x_wconf 80' lang='lat' dir='ltr'><strong>focos</strong></span> <span class='ocrx_word' id='word_1_89' title='bbox 2692 1044 3060 1113; x_wconf 88' lang='lat' dir='ltr'><strong>penatesque</strong></span> <span class='ocrx_word' id='word_1_90' title='bbox 3114 1057 3256 1098; x_wconf 89' lang='lat' dir='ltr'><strong>suos</strong></span> <span class='ocrx_word' id='word_1_91' title='bbox 3293 1043 3512 1099; x_wconf 84' lang='lat' dir='ltr'><strong>reverti</strong></span> 
     </span>
    </p>
   </div>
   <div class='ocr_carea' id='block_1_12' title="bbox 142 1126 3511 1204">
    <p class='ocr_par' dir='ltr' id='par_1_12' title="bbox 142 1126 3511 1204">
     <span class='ocr_line' id='line_1_12' title="bbox 142 1126 3511 1204; baseline 0 -16"><span class='ocrx_word' id='word_1_92' title='bbox 142 1135 409 1190; x_wconf 80' lang='lat' dir='ltr'><strong>vidisses</strong></span> <span class='ocrx_word' id='word_1_93' title='bbox 433 1149 446 1184; x_wconf 91' lang='lat'>:</span> <span class='ocrx_word' id='word_1_94' title='bbox 469 1136 527 1189; x_wconf 89' lang='lat' dir='ltr'><strong>et</strong></span> <span class='ocrx_word' id='word_1_95' title='bbox 544 1131 648 1204; x_wconf 87' lang='lat' dir='ltr'><strong>qui</strong></span> <span class='ocrx_word' id='word_1_96' title='bbox 670 1130 924 1186; x_wconf 89' lang='lat' dir='ltr'><strong>antehac</strong></span> <span class='ocrx_word' id='word_1_97' title='bbox 951 1133 1156 1186; x_wconf 88' lang='lat' dir='ltr'><strong>contra</strong></span> <span class='ocrx_word' id='word_1_98' title='bbox 1169 1143 1281 1184; x_wconf 90' lang='lat' dir='ltr'><strong>nos</strong></span> <span class='ocrx_word' id='word_1_99' title='bbox 1310 1128 1633 1198; x_wconf 88' lang='lat' dir='ltr'><strong>rugierant,</strong></span> <span class='ocrx_word' id='word_1_100' title='bbox 1655 1127 2022 1197; x_wconf 84' lang='lat' dir='ltr'><strong>insperatam</strong></span> <span class='ocrx_word' id='word_1_101' title='bbox 2037 1141 2237 1182; x_wconf 90' lang='lat' dir='ltr'><strong>rerum</strong></span> <span class='ocrx_word' id='word_1_102' title='bbox 2253 1126 2646 1183; x_wconf 88' lang='lat' dir='ltr'><strong>mutationem</strong></span> <span class='ocrx_word' id='word_1_103' title='bbox 2668 1136 2998 1200; x_wconf 89' lang='lat' dir='ltr'><strong>cernentes,</strong></span> <span class='ocrx_word' id='word_1_104' title='bbox 3019 1130 3339 1187; x_wconf 91' lang='lat' dir='ltr'><strong>nobiscum</strong></span> <span class='ocrx_word' id='word_1_105' title='bbox 3363 1146 3511 1191; x_wconf 87' lang='lat' dir='ltr'><strong>con-</strong></span> 
     </span>
    </p>
   </div>
   <div class='ocr_carea' id='block_1_13' title="bbox 141 589 1734 671">
    <p class='ocr_par' dir='ltr' id='par_1_13' title="bbox 141 589 1734 671">
     <span class='ocr_line' id='line_1_13' title="bbox 141 589 1734 671; baseline -0.006 -20"><span class='ocrx_word' id='word_1_106' title='bbox 141 600 205 651; x_wconf 81' lang='grc' dir='ltr'>ἆν</span> <span class='ocrx_word' id='word_1_107' title='bbox 260 594 468 671; x_wconf 76' lang='grc' dir='ltr'>φαιδρῷ</span> <span class='ocrx_word' id='word_1_108' title='bbox 524 600 787 670; x_wconf 81' lang='grc' dir='ltr'><strong>προσώπῳ</strong></span> <span class='ocrx_word' id='word_1_109' title='bbox 851 594 941 653; x_wconf 84' lang='grc' dir='ltr'><strong>τάς</strong></span> <span class='ocrx_word' id='word_1_110' title='bbox 995 590 1166 652; x_wconf 75' lang='grc' dir='ltr'>ἑστίας</span> <span class='ocrx_word' id='word_1_111' title='bbox 1223 589 1681 663; x_wconf 76' lang='grc' dir='ltr'>ἀπολαμϐάνοντας</span> <span class='ocrx_word' id='word_1_112' title='bbox 1720 611 1734 624; x_wconf 91' lang='grc'><strong>·</strong></span> 
     </span>
    </p>
   </div>
   <div class='ocr_carea' id='block_1_14' title="bbox 142 681 1741 757">
    <p class='ocr_par' dir='ltr' id='par_1_14' title="bbox 142 681 1741 757">
     <span class='ocr_line' id='line_1_14' title="bbox 142 681 1741 757; baseline -0.005 -17"><span class='ocrx_word' id='word_1_113' title='bbox 142 692 281 741; x_wconf 70' lang='grc' dir='ltr'>ὥστε</span> <span class='ocrx_word' id='word_1_114' title='bbox 340 691 431 743; x_wconf 80' lang='grc' dir='ltr'>καὶ</span> <span class='ocrx_word' id='word_1_115' title='bbox 494 688 614 746; x_wconf 82' lang='grc' dir='ltr'>τοὺς</span> <span class='ocrx_word' id='word_1_116' title='bbox 668 688 791 757; x_wconf 85' lang='grc' dir='ltr'>πρὶν</span> <span class='ocrx_word' id='word_1_117' title='bbox 860 682 977 737; x_wconf 82' lang='grc' dir='ltr'>καθ’</span> <span class='ocrx_word' id='word_1_118' title='bbox 1033 683 1179 752; x_wconf 70' lang='grc' dir='ltr'>ἡμῶν</span> <span class='ocrx_word' id='word_1_119' title='bbox 1255 681 1576 753; x_wconf 77' lang='grc' dir='ltr'><strong>ὠρυομένους</strong></span> <span class='ocrx_word' id='word_1_120' title='bbox 1630 686 1741 740; x_wconf 87' lang='grc' dir='ltr'>τοῖς</span> 
     </span>
    </p>
   </div>
   <div class='ocr_carea' id='block_1_15' title="bbox 140 769 1742 850">
    <p class='ocr_par' dir='ltr' id='par_1_15' title="bbox 140 769 1742 850">
     <span class='ocr_line' id='line_1_15' title="bbox 140 769 1742 850; baseline -0.005 -20"><span class='ocrx_word' id='word_1_121' title='bbox 140 778 269 850; x_wconf 86' lang='grc' dir='ltr'>παρ’</span> <span class='ocrx_word' id='word_1_122' title='bbox 322 772 512 828; x_wconf 73' lang='grc' dir='ltr'>ἐλπίδα</span> <span class='ocrx_word' id='word_1_123' title='bbox 560 775 932 847; x_wconf 80' lang='grc' dir='ltr'>πραττομένοις</span> <span class='ocrx_word' id='word_1_124' title='bbox 1001 772 1223 846; x_wconf 81' lang='grc' dir='ltr'><strong>ὁρῶντας</strong></span> <span class='ocrx_word' id='word_1_125' title='bbox 1279 771 1404 842; x_wconf 82' lang='grc' dir='ltr'>ἡμῖν</span> <span class='ocrx_word' id='word_1_126' title='bbox 1461 769 1742 841; x_wconf 80' lang='grc' dir='ltr'>ἐπαγάλλε-</span> 
     </span>
    </p>
   </div>
   <div class='ocr_carea' id='block_1_16' title="bbox 146 1218 944 1294">
    <p class='ocr_par' dir='ltr' id='par_1_16' title="bbox 146 1218 944 1294">
     <span class='ocr_line' id='line_1_16' title="bbox 146 1218 944 1294; baseline -0.009 -16"><span class='ocrx_word' id='word_1_127' title='bbox 146 1222 523 1294; x_wconf 83' lang='lat' dir='ltr'><strong>gratulantes</strong></span> <span class='ocrx_word' id='word_1_128' title='bbox 548 1218 944 1275; x_wconf 82' lang='lat' dir='ltr'><strong>exsultabant.</strong></span> 
     </span>
    </p>
   </div>
   <div class='ocr_carea' id='block_1_17' title="bbox 758 1322 1161 1387">
    <p class='ocr_par' dir='ltr' id='par_1_17' title="bbox 758 1322 1161 1387">
     <span class='ocr_line' id='line_1_17' title="bbox 758 1322 1161 1387; baseline -0.002 -6"><span class='ocrx_word' id='word_1_129' title='bbox 758 1330 1000 1381; x_wconf 78' lang='grc' dir='ltr'><strong>ΚΕΦΑΛ.</strong></span> <span class='ocrx_word' id='word_1_130' title='bbox 1040 1322 1161 1387; x_wconf 69' lang='grc' dir='ltr'>κε’.</span> 
     </span>
    </p>
   </div>
   <div class='ocr_carea' id='block_1_18' title="bbox 148 1411 1751 1497">
    <p class='ocr_par' dir='ltr' id='par_1_18' title="bbox 148 1411 1751 1497">
     <span class='ocr_line' id='line_1_18' title="bbox 148 1411 1751 1497; baseline -0.008 -23"><span class='ocrx_word' id='word_1_131' title='bbox 148 1423 312 1492; x_wconf 85' lang='grc' dir='ltr'>Περὶ</span> <span class='ocrx_word' id='word_1_132' title='bbox 354 1424 466 1471; x_wconf 85' lang='grc' dir='ltr'>τοῦ</span> <span class='ocrx_word' id='word_1_133' title='bbox 495 1415 627 1469; x_wconf 86' lang='grc' dir='ltr'>κατ’</span> <span class='ocrx_word' id='word_1_134' title='bbox 678 1415 1087 1497; x_wconf 78' lang='grc' dir='ltr'>Ἀντιόχειαν</span> <span class='ocrx_word' id='word_1_135' title='bbox 1117 1418 1475 1497; x_wconf 70' lang='grc' dir='ltr'>νεοπαγοῦς</span> <span class='ocrx_word' id='word_1_136' title='bbox 1504 1411 1751 1479; x_wconf 79' lang='grc' dir='ltr'>ξοάνου,</span> 
     </span>
    </p>
   </div>
   <div class='ocr_carea' id='block_1_19' title="bbox 464 1487 1420 1557">
    <p class='ocr_par' dir='ltr' id='par_1_19' title="bbox 464 1487 1420 1557">
     <span class='ocr_line' id='line_1_19' title="bbox 464 1487 1420 1557; baseline -0.005 -16"><span class='ocrx_word' id='word_1_137' title='bbox 464 1490 490 1540; x_wconf 87' lang='grc' dir='ltr'><em>ὅ</em></span> <span class='ocrx_word' id='word_1_138' title='bbox 520 1490 867 1547; x_wconf 81' lang='grc' dir='ltr'>Θεότεκνος</span> <span class='ocrx_word' id='word_1_139' title='bbox 922 1487 1420 1557; x_wconf 76' lang='grc' dir='ltr'>ἐκαινούργησε.</span> 
     </span>
    </p>
   </div>
   <div class='ocr_carea' id='block_1_20' title="bbox 225 1572 1752 1649">
    <p class='ocr_par' dir='ltr' id='par_1_20' title="bbox 225 1572 1752 1649">
     <span class='ocr_line' id='line_1_20' title="bbox 225 1572 1752 1649; baseline -0.007 -16"><span class='ocrx_word' id='word_1_140' title='bbox 225 1587 405 1634; x_wconf 81' lang='grc' dir='ltr'>Ταῦτα</span> <span class='ocrx_word' id='word_1_141' title='bbox 460 1575 509 1630; x_wconf 75' lang='grc' dir='ltr'><em>δ’</em></span> <span class='ocrx_word' id='word_1_142' title='bbox 573 1576 622 1630; x_wconf 75' lang='grc' dir='ltr'>ἓν</span> <span class='ocrx_word' id='word_1_143' title='bbox 685 1585 755 1649; x_wconf 81' lang='grc' dir='ltr'>νῷ</span> <span class='ocrx_word' id='word_1_144' title='bbox 807 1573 976 1649; x_wconf 77' lang='grc' dir='ltr'>βαλὼν</span> <span class='ocrx_word' id='word_1_145' title='bbox 1030 1574 1317 1647; x_wconf 87' lang='grc' dir='ltr'>Μαξιμίνος</span> <span class='ocrx_word' id='word_1_146' title='bbox 1365 1575 1390 1625; x_wconf 90' lang='grc' dir='ltr'><strong>ό</strong></span> <span class='ocrx_word' id='word_1_147' title='bbox 1453 1583 1549 1635; x_wconf 84' lang='grc' dir='ltr'>τῆς</span> <span class='ocrx_word' id='word_1_148' title='bbox 1593 1572 1752 1644; x_wconf 82' lang='grc' dir='ltr'>Ἐῲας</span> 
     </span>
    </p>
   </div>
   <div class='ocr_carea' id='block_1_21' title="bbox 150 1663 1752 1747">
    <p class='ocr_par' dir='ltr' id='par_1_21' title="bbox 150 1663 1752 1747">
     <span class='ocr_line' id='line_1_21' title="bbox 150 1663 1752 1747; baseline -0.006 -25"><span class='ocrx_word' id='word_1_149' title='bbox 150 1673 423 1747; x_wconf 86' lang='grc' dir='ltr'>τύραννος,</span> <span class='ocrx_word' id='word_1_150' title='bbox 500 1663 617 1720; x_wconf 73' lang='grc' dir='ltr'><strong>οὐδ’</strong></span> <span class='ocrx_word' id='word_1_151' title='bbox 688 1664 764 1717; x_wconf 79' lang='grc' dir='ltr'><strong>ἐπ’</strong></span> <span class='ocrx_word' id='word_1_152' title='bbox 831 1668 1072 1716; x_wconf 74' lang='grc' dir='ltr'><strong>ἐνιαυτοῦ</strong></span> <span class='ocrx_word' id='word_1_153' title='bbox 1137 1667 1194 1715; x_wconf 88' lang='grc' dir='ltr'><strong>τό</strong></span> <span class='ocrx_word' id='word_1_154' title='bbox 1271 1666 1438 1736; x_wconf 73' lang='grc' dir='ltr'>ἣμισυ</span> <span class='ocrx_word' id='word_1_155' title='bbox 1494 1669 1752 1737; x_wconf 79' lang='grc' dir='ltr'><strong>καρτερῶν</strong></span> 
     </span>
    </p>
   </div>
   <div class='ocr_carea' id='block_1_22' title="bbox 2360 1323 3005 1399">
    <p class='ocr_par' dir='ltr' id='par_1_22' title="bbox 2360 1323 3005 1399">
     <span class='ocr_line' id='line_1_22' title="bbox 2360 1323 3005 1399; baseline 0.003 -15"><span class='ocrx_word' id='word_1_156' title='bbox 2360 1323 2541 1399; x_wconf 72' lang='lat' dir='ltr'><strong>47s</strong></span> <span class='ocrx_word' id='word_1_157' title='bbox 2573 1326 2794 1384; x_wconf 79' lang='lat' dir='ltr'><strong>CAPUT</strong></span> <span class='ocrx_word' id='word_1_158' title='bbox 2839 1329 3005 1386; x_wconf 86' lang='lat' dir='ltr'><strong>xxv.</strong></span> 
     </span>
    </p>
   </div>
   <div class='ocr_carea' id='block_1_23' title="bbox 1860 1410 3511 1542">
    <p class='ocr_par' dir='ltr' id='par_1_23' title="bbox 1860 1410 3511 1542">
     <span class='ocr_line' id='line_1_23' title="bbox 1860 1410 3511 1542; baseline 0.009 -78"><span class='ocrx_word' id='word_1_159' title='bbox 1860 1410 2156 1471; x_wconf 77' lang='lat' dir='ltr'><strong>Destatua</strong></span> <span class='ocrx_word' id='word_1_160' title='bbox 2169 1413 2884 1542; x_wconf 62' lang='lat' dir='ltr'><strong>novaAntiocltiar,qtuam</strong></span> <span class='ocrx_word' id='word_1_161' title='bbox 2922 1418 3285 1479; x_wconf 77' lang='lat' dir='ltr'><strong>Theotecnus</strong></span> <span class='ocrx_word' id='word_1_162' title='bbox 3310 1433 3511 1481; x_wconf 75' lang='lat' dir='ltr'><strong>recens</strong></span> 
     </span>
     <span class='ocr_line' id='line_1_24' title="bbox 2572 1500 2779 1542; baseline -0.005 0"><span class='ocrx_word' id='word_1_163' title='bbox 2572 1500 2733 1542; x_wconf 54' lang='lat' dir='ltr'><strong>erexi</strong></span> <span class='ocrx_word' id='word_1_164' title='bbox 2766 1530 2779 1541; x_wconf 94' lang='lat'><strong>.</strong></span> 
     </span>
    </p>
   </div>
   <div class='ocr_carea' id='block_1_24' title="bbox 2572 1500 2779 1543">
    <p class='ocr_par' dir='ltr' id='par_1_24' title="bbox 2572 1500 2779 1543">
     <span class='ocr_line' id='line_1_25' title="bbox 2572 1500 2779 1543; baseline -0.005 -1"><span class='ocrx_word' id='word_1_165' title='bbox 2572 1500 2779 1543; x_wconf 66' lang='lat' dir='ltr'><strong>erexit.</strong></span> 
     </span>
    </p>
   </div>
   <div class='ocr_carea' id='block_1_25' title="bbox 1932 1570 3516 1652">
    <p class='ocr_par' dir='ltr' id='par_1_25' title="bbox 1932 1570 3516 1652">
     <span class='ocr_line' id='line_1_26' title="bbox 1932 1570 3516 1652; baseline 0.008 -29"><span class='ocrx_word' id='word_1_166' title='bbox 1932 1570 1997 1624; x_wconf 93' lang='lat' dir='ltr'><strong>In</strong></span> <span class='ocrx_word' id='word_1_167' title='bbox 2014 1570 2126 1627; x_wconf 90' lang='lat' dir='ltr'><strong>hac</strong></span> <span class='ocrx_word' id='word_1_168' title='bbox 2142 1586 2323 1644; x_wconf 90' lang='lat' dir='ltr'><strong>porro</strong></span> <span class='ocrx_word' id='word_1_169' title='bbox 2349 1572 2642 1630; x_wconf 87' lang='lat' dir='ltr'><strong>sententia</strong></span> <span class='ocrx_word' id='word_1_170' title='bbox 2655 1575 3006 1632; x_wconf 84' lang='lat' dir='ltr'><strong>Maximinus</strong></span> <span class='ocrx_word' id='word_1_171' title='bbox 3032 1576 3285 1635; x_wconf 90' lang='lat' dir='ltr'><strong>Orientis</strong></span> <span class='ocrx_word' id='word_1_172' title='bbox 3316 1582 3516 1652; x_wconf 83' lang='lat' dir='ltr'><strong>tyran-</strong></span> 
     </span>
    </p>
   </div>
   <div class='ocr_carea' id='block_1_26' title="bbox 1860 1659 3515 1739">
    <p class='ocr_par' dir='ltr' id='par_1_26' title="bbox 1860 1659 3515 1739">
     <span class='ocr_line' id='line_1_27' title="bbox 1860 1659 3515 1739; baseline 0.007 -25"><span class='ocrx_word' id='word_1_173' title='bbox 1860 1675 1976 1714; x_wconf 90' lang='lat' dir='ltr'><strong>nus</strong></span> <span class='ocrx_word' id='word_1_174' title='bbox 2006 1675 2129 1716; x_wconf 90' lang='lat' dir='ltr'><strong>non</strong></span> <span class='ocrx_word' id='word_1_175' title='bbox 2168 1659 2321 1717; x_wconf 90' lang='lat' dir='ltr'><strong>bene</strong></span> <span class='ocrx_word' id='word_1_176' title='bbox 2362 1678 2468 1718; x_wconf 87' lang='lat' dir='ltr'><strong>sex</strong></span> <span class='ocrx_word' id='word_1_177' title='bbox 2515 1678 2757 1720; x_wconf 86' lang='lat' dir='ltr'><strong>menses</strong></span> <span class='ocrx_word' id='word_1_178' title='bbox 2787 1666 3159 1739; x_wconf 86' lang='lat' dir='ltr'><strong>perduravit.</strong></span> <span class='ocrx_word' id='word_1_179' title='bbox 3204 1669 3515 1733; x_wconf 90' lang='lat' dir='ltr'><strong>Quomodo</strong></span> 
     </span>
    </p>
   </div>
   <div class='ocr_carea' id='block_1_27' title="bbox 152 1748 1767 1831">
    <p class='ocr_par' dir='ltr' id='par_1_27' title="bbox 152 1749 1753 1831">
     <span class='ocr_line' id='line_1_28' title="bbox 152 1749 1753 1831; baseline -0.006 -20"><span class='ocrx_word' id='word_1_180' title='bbox 152 1756 450 1831; x_wconf 78' lang='grc' dir='ltr'>διαγέγονε.</span> <span class='ocrx_word' id='word_1_181' title='bbox 485 1762 601 1821; x_wconf 85' lang='grc' dir='ltr'>Πῶς</span> <span class='ocrx_word' id='word_1_182' title='bbox 644 1758 746 1827; x_wconf 82' lang='grc' dir='ltr'><strong>γὰρ</strong></span> <span class='ocrx_word' id='word_1_183' title='bbox 796 1758 959 1828; x_wconf 78' lang='grc' dir='ltr'>φέρειν</span> <span class='ocrx_word' id='word_1_184' title='bbox 1000 1749 1159 1824; x_wconf 81' lang='grc' dir='ltr'>εἶχεν,</span> <span class='ocrx_word' id='word_1_185' title='bbox 1194 1752 1327 1803; x_wconf 76' lang='grc' dir='ltr'>οὕτω</span> <span class='ocrx_word' id='word_1_186' title='bbox 1357 1753 1450 1809; x_wconf 73' lang='grc' dir='ltr'>τήν</span> <span class='ocrx_word' id='word_1_187' title='bbox 1495 1758 1586 1803; x_wconf 82' lang='grc' dir='ltr'>τοῦ</span> <span class='ocrx_word' id='word_1_188' title='bbox 1624 1758 1753 1824; x_wconf 74' lang='grc' dir='ltr'>Χρι-</span> 
     </span>
    </p>
   </div>
   <div class='ocr_carea' id='block_1_28' title="bbox 1877 1748 3518 1831">
    <p class='ocr_par' dir='ltr' id='par_1_28' title="bbox 1877 1748 3518 1825">
     <span class='ocr_line' id='line_1_29' title="bbox 1877 1748 3518 1825; baseline 0.007 -22"><span class='ocrx_word' id='word_1_189' title='bbox 1877 1748 2024 1804; x_wconf 69' lang='lat' dir='ltr'><strong>3nim</strong></span> <span class='ocrx_word' id='word_1_190' title='bbox 2055 1748 2150 1805; x_wconf 90' lang='lat' dir='ltr'><strong>ille</strong></span> <span class='ocrx_word' id='word_1_191' title='bbox 2188 1751 2289 1825; x_wconf 90' lang='lat' dir='ltr'><strong>qui</strong></span> <span class='ocrx_word' id='word_1_192' title='bbox 2317 1751 2648 1809; x_wconf 80' lang='lat' dir='ltr'><strong>honestatis</strong></span> <span class='ocrx_word' id='word_1_193' title='bbox 2678 1755 2875 1813; x_wconf 85' lang='lat' dir='ltr'><strong>omnis</strong></span> <span class='ocrx_word' id='word_1_194' title='bbox 2904 1754 3201 1823; x_wconf 78' lang='lat' dir='ltr'><strong>inimicus,</strong></span> <span class='ocrx_word' id='word_1_195' title='bbox 3235 1774 3427 1821; x_wconf 65' lang='lat' dir='ltr'><strong>smvus</strong></span> <span class='ocrx_word' id='word_1_196' title='bbox 3459 1760 3518 1816; x_wconf 88' lang='lat' dir='ltr'><strong>et</strong></span> 
     </span>
    </p>
   </div>
   <div class='ocr_carea' id='block_1_29' title="bbox 154 1839 1754 1917">
    <p class='ocr_par' dir='ltr' id='par_1_29' title="bbox 154 1839 1754 1917">
     <span class='ocr_line' id='line_1_30' title="bbox 154 1839 1754 1917; baseline -0.006 -17"><span class='ocrx_word' id='word_1_197' title='bbox 154 1854 289 1900; x_wconf 86' lang='grc' dir='ltr'>στοῦ</span> <span class='ocrx_word' id='word_1_198' title='bbox 346 1850 569 1917; x_wconf 78' lang='grc' dir='ltr'>ποίμνην</span> <span class='ocrx_word' id='word_1_199' title='bbox 616 1844 1002 1916; x_wconf 81' lang='grc' dir='ltr'>πληθυνομένην</span> <span class='ocrx_word' id='word_1_200' title='bbox 1058 1842 1209 1916; x_wconf 83' lang='grc' dir='ltr'>ὁρῶν,</span> <span class='ocrx_word' id='word_1_201' title='bbox 1264 1839 1544 1913; x_wconf 82' lang='grc' dir='ltr'>μισόκαλος</span> <span class='ocrx_word' id='word_1_202' title='bbox 1597 1842 1664 1890; x_wconf 82' lang='grc' dir='ltr'>ὧν</span> <span class='ocrx_word' id='word_1_203' title='bbox 1727 1840 1754 1891; x_wconf 89' lang='grc' dir='ltr'><strong><em>ὁ</em></strong></span> 
     </span>
    </p>
   </div>
   <div class='ocr_carea' id='block_1_30' title="bbox 154 1926 1754 2010">
    <p class='ocr_par' dir='ltr' id='par_1_30' title="bbox 154 1926 1754 2010">
     <span class='ocr_line' id='line_1_31' title="bbox 154 1926 1754 2010; baseline -0.006 -21"><span class='ocrx_word' id='word_1_204' title='bbox 154 1933 427 2010; x_wconf 81' lang='grc' dir='ltr'>δυσμενὴς</span> <span class='ocrx_word' id='word_1_205' title='bbox 474 1938 562 1985; x_wconf 87' lang='grc' dir='ltr'>καὶ</span> <span class='ocrx_word' id='word_1_206' title='bbox 609 1936 962 2006; x_wconf 87' lang='grc' dir='ltr'>μισόχριστος</span> <span class='ocrx_word' id='word_1_207' title='bbox 989 1949 1002 1995; x_wconf 88' lang='grc'><strong>;</strong></span> <span class='ocrx_word' id='word_1_208' title='bbox 1032 1929 1236 2002; x_wconf 69' lang='grc' dir='ltr'>Ἀμελει</span> <span class='ocrx_word' id='word_1_209' title='bbox 1288 1949 1369 1981; x_wconf 90' lang='grc' dir='ltr'><strong>τοι</strong></span> <span class='ocrx_word' id='word_1_210' title='bbox 1411 1934 1501 1982; x_wconf 88' lang='grc' dir='ltr'>καὶ</span> <span class='ocrx_word' id='word_1_211' title='bbox 1537 1934 1629 1987; x_wconf 78' lang='grc' dir='ltr'>τὴν</span> <span class='ocrx_word' id='word_1_212' title='bbox 1669 1926 1754 1980; x_wconf 80' lang='grc' dir='ltr'><strong>δο-</strong></span> 
     </span>
    </p>
   </div>
   <div class='ocr_carea' id='block_1_31' title="bbox 151 2017 1756 2097">
    <p class='ocr_par' dir='ltr' id='par_1_31' title="bbox 151 2017 1756 2097">
     <span class='ocr_line' id='line_1_32' title="bbox 151 2017 1756 2097; baseline -0.005 -19"><span class='ocrx_word' id='word_1_213' title='bbox 151 2033 355 2078; x_wconf 79' lang='grc' dir='ltr'>κοῦσαν</span> <span class='ocrx_word' id='word_1_214' title='bbox 421 2023 621 2097; x_wconf 80' lang='grc' dir='ltr'><strong>εἰρήνην</strong></span> <span class='ocrx_word' id='word_1_215' title='bbox 679 2026 802 2082; x_wconf 87' lang='grc' dir='ltr'>τέως</span> <span class='ocrx_word' id='word_1_216' title='bbox 864 2017 1097 2092; x_wconf 76' lang='grc' dir='ltr'>διασπᾷν</span> <span class='ocrx_word' id='word_1_217' title='bbox 1154 2018 1353 2085; x_wconf 73' lang='grc' dir='ltr'>ἐθέλων,</span> <span class='ocrx_word' id='word_1_218' title='bbox 1407 2027 1609 2095; x_wconf 89' lang='grc' dir='ltr'>πρῶτον</span> <span class='ocrx_word' id='word_1_219' title='bbox 1666 2021 1756 2091; x_wconf 70' lang='grc' dir='ltr'><strong>μεν</strong></span> 
     </span>
    </p>
   </div>
   <div class='ocr_carea' id='block_1_32' title="bbox 154 2104 1753 2184">
    <p class='ocr_par' dir='ltr' id='par_1_32' title="bbox 154 2104 1753 2184">
     <span class='ocr_line' id='line_1_33' title="bbox 154 2104 1753 2184; baseline -0.006 -17"><span class='ocrx_word' id='word_1_220' title='bbox 154 2119 252 2175; x_wconf 88' lang='grc' dir='ltr'><strong>τάς</strong></span> <span class='ocrx_word' id='word_1_221' title='bbox 306 2113 357 2165; x_wconf 76' lang='grc' dir='ltr'>ἓν</span> <span class='ocrx_word' id='word_1_222' title='bbox 427 2118 535 2173; x_wconf 90' lang='grc' dir='ltr'>τοῖς</span> <span class='ocrx_word' id='word_1_223' title='bbox 588 2114 913 2184; x_wconf 86' lang='grc' dir='ltr'>κοιμτηρίοις</span> <span class='ocrx_word' id='word_1_224' title='bbox 962 2109 1109 2181; x_wconf 82' lang='grc' dir='ltr'>ἡμῶν</span> <span class='ocrx_word' id='word_1_225' title='bbox 1179 2104 1430 2169; x_wconf 78' lang='grc' dir='ltr'>συνόδους</span> <span class='ocrx_word' id='word_1_226' title='bbox 1480 2107 1753 2179; x_wconf 69' lang='grc' dir='ltr'>ἀπελεγεν·</span> 
     </span>
    </p>
   </div>
   <div class='ocr_carea' id='block_1_33' title="bbox 157 2197 1758 2274">
    <p class='ocr_par' dir='ltr' id='par_1_33' title="bbox 157 2197 1758 2274">
     <span class='ocr_line' id='line_1_34' title="bbox 157 2197 1758 2274; baseline -0.006 -18"><span class='ocrx_word' id='word_1_227' title='bbox 157 2202 275 2257; x_wconf 83' lang='grc' dir='ltr'>εἶτα</span> <span class='ocrx_word' id='word_1_228' title='bbox 304 2207 462 2274; x_wconf 77' lang='grc' dir='ltr'>τέχνῃ</span> <span class='ocrx_word' id='word_1_229' title='bbox 510 2197 579 2258; x_wconf 78' lang='grc' dir='ltr'><strong>δή</strong></span> <span class='ocrx_word' id='word_1_230' title='bbox 630 2219 732 2251; x_wconf 91' lang='grc' dir='ltr'>τινι</span> <span class='ocrx_word' id='word_1_231' title='bbox 780 2198 938 2259; x_wconf 81' lang='grc' dir='ltr'>αύτὸς</span> <span class='ocrx_word' id='word_1_232' title='bbox 984 2197 1152 2267; x_wconf 79' lang='grc' dir='ltr'>ἐαυτῷ</span> <span class='ocrx_word' id='word_1_233' title='bbox 1206 2205 1307 2258; x_wconf 88' lang='grc' dir='ltr'>τοῖς</span> <span class='ocrx_word' id='word_1_234' title='bbox 1351 2206 1441 2257; x_wconf 83' lang='grc' dir='ltr'>τῆς</span> <span class='ocrx_word' id='word_1_235' title='bbox 1481 2197 1758 2268; x_wconf 82' lang='grc' dir='ltr'>Ἀντιόχου</span> 
     </span>
    </p>
   </div>
   <div class='ocr_carea' id='block_1_34' title="bbox 157 2286 1761 2363">
    <p class='ocr_par' dir='ltr' id='par_1_34' title="bbox 157 2286 1761 2363">
     <span class='ocr_line' id='line_1_35' title="bbox 157 2286 1761 2363; baseline -0.006 -18"><span class='ocrx_word' id='word_1_236' title='bbox 157 2292 403 2355; x_wconf 81' lang='grc' dir='ltr'>πολίταις</span> <span class='ocrx_word' id='word_1_237' title='bbox 476 2286 889 2363; x_wconf 79' lang='grc' dir='ltr'>διεπρεσϐεύετο,</span> <span class='ocrx_word' id='word_1_238' title='bbox 960 2291 1031 2359; x_wconf 81' lang='grc' dir='ltr'>μή</span> <span class='ocrx_word' id='word_1_239' title='bbox 1086 2306 1204 2337; x_wconf 86' lang='grc' dir='ltr'>τινα</span> <span class='ocrx_word' id='word_1_240' title='bbox 1253 2295 1353 2337; x_wconf 86' lang='grc' dir='ltr'><strong>τῶν</strong></span> <span class='ocrx_word' id='word_1_241' title='bbox 1432 2293 1761 2360; x_wconf 80' lang='grc' dir='ltr'>Χριστιανῶν</span> 
     </span>
    </p>
   </div>
   <div class='ocr_carea' id='block_1_35' title="bbox 160 2375 1759 2450">
    <p class='ocr_par' dir='ltr' id='par_1_35' title="bbox 160 2375 1759 2450">
     <span class='ocr_line' id='line_1_36' title="bbox 160 2375 1759 2450; baseline -0.005 -17"><span class='ocrx_word' id='word_1_242' title='bbox 160 2383 337 2443; x_wconf 78' lang='grc' dir='ltr'>ζητῶν</span> <span class='ocrx_word' id='word_1_243' title='bbox 380 2384 475 2437; x_wconf 78' lang='grc' dir='ltr'>τήν</span> <span class='ocrx_word' id='word_1_244' title='bbox 514 2378 795 2450; x_wconf 73' lang='grc' dir='ltr'>Ἀντιόχου</span> <span class='ocrx_word' id='word_1_245' title='bbox 842 2376 999 2428; x_wconf 80' lang='grc' dir='ltr'>οἰκεῖν</span> <span class='ocrx_word' id='word_1_246' title='bbox 1060 2375 1335 2449; x_wconf 69' lang='grc' dir='ltr'>ἐπιτρέψαι</span> <span class='ocrx_word' id='word_1_247' title='bbox 1366 2391 1379 2405; x_wconf 80' lang='grc'><strong>⁸</strong></span> <span class='ocrx_word' id='word_1_248' title='bbox 1433 2378 1481 2431; x_wconf 77' lang='grc' dir='ltr'>ἐν</span> <span class='ocrx_word' id='word_1_249' title='bbox 1533 2379 1759 2447; x_wconf 74' lang='grc' dir='ltr'>μεγίστη</span> 
     </span>
    </p>
   </div>
   <div class='ocr_carea' id='block_1_36' title="bbox 164 2461 1762 2545">
    <p class='ocr_par' dir='ltr' id='par_1_36' title="bbox 164 2461 1762 2545">
     <span class='ocr_line' id='line_1_37' title="bbox 164 2461 1762 2545; baseline -0.006 -22"><span class='ocrx_word' id='word_1_250' title='bbox 164 2467 227 2523; x_wconf 67' lang='grc' dir='ltr'><strong>δὲ</strong></span> <span class='ocrx_word' id='word_1_251' title='bbox 273 2470 498 2545; x_wconf 84' lang='grc' dir='ltr'>χάριτος</span> <span class='ocrx_word' id='word_1_252' title='bbox 550 2470 709 2539; x_wconf 79' lang='grc' dir='ltr'>μοίρᾳ</span> <span class='ocrx_word' id='word_1_253' title='bbox 780 2471 910 2538; x_wconf 73' lang='grc' dir='ltr'>σφᾶς</span> <span class='ocrx_word' id='word_1_254' title='bbox 968 2466 1107 2516; x_wconf 79' lang='grc' dir='ltr'>τοῦτ’</span> <span class='ocrx_word' id='word_1_255' title='bbox 1180 2466 1383 2515; x_wconf 88' lang='grc' dir='ltr'>οἳεσθαι</span> <span class='ocrx_word' id='word_1_256' title='bbox 1464 2461 1762 2536; x_wconf 71' lang='grc' dir='ltr'>δράσαντας</span> 
     </span>
    </p>
   </div>
   <div class='ocr_carea' id='block_1_37' title="bbox 164 2548 1763 2632">
    <p class='ocr_par' dir='ltr' id='par_1_37' title="bbox 164 2548 1763 2632">
     <span class='ocr_line' id='line_1_38' title="bbox 164 2548 1763 2632; baseline -0.007 -20"><span class='ocrx_word' id='word_1_257' title='bbox 164 2563 331 2632; x_wconf 75' lang='grc' dir='ltr'>ἔχειν.</span> <span class='ocrx_word' id='word_1_258' title='bbox 363 2561 463 2611; x_wconf 80' lang='grc' dir='ltr'><strong>Καὶ</strong></span> <span class='ocrx_word' id='word_1_259' title='bbox 492 2555 672 2616; x_wconf 82' lang='grc' dir='ltr'>ἄλλοις</span> <span class='ocrx_word' id='word_1_260' title='bbox 702 2551 754 2606; x_wconf 74' lang='grc' dir='ltr'><strong>δ’</strong></span> <span class='ocrx_word' id='word_1_261' title='bbox 811 2551 1059 2605; x_wconf 74' lang='grc' dir='ltr'>ὑπέϐαλλε</span> <span class='ocrx_word' id='word_1_262' title='bbox 1088 2554 1155 2605; x_wconf 85' lang='grc' dir='ltr'><strong>τά</strong></span> <span class='ocrx_word' id='word_1_263' title='bbox 1202 2554 1299 2603; x_wconf 82' lang='grc' dir='ltr'><strong>ἶσα</strong></span> <span class='ocrx_word' id='word_1_264' title='bbox 1347 2548 1620 2626; x_wconf 87' lang='grc' dir='ltr'>διενεργείν</span> <span class='ocrx_word' id='word_1_265' title='bbox 1649 2570 1661 2580; x_wconf 88' lang='grc'><strong>·</strong></span> <span class='ocrx_word' id='word_1_266' title='bbox 1696 2551 1763 2601; x_wconf 84' lang='grc' dir='ltr'>ὧν</span> 
     </span>
    </p>
   </div>
   <div class='ocr_carea' id='block_1_38' title="bbox 169 2640 1763 2725">
    <p class='ocr_par' dir='ltr' id='par_1_38' title="bbox 169 2640 1763 2725">
     <span class='ocr_line' id='line_1_39' title="bbox 169 2640 1763 2725; baseline -0.006 -24"><span class='ocrx_word' id='word_1_267' title='bbox 169 2656 374 2725; x_wconf 85' lang='grc' dir='ltr'>πρῶτος</span> <span class='ocrx_word' id='word_1_268' title='bbox 426 2650 693 2705; x_wconf 84' lang='grc' dir='ltr'>Θεότεκνος</span> <span class='ocrx_word' id='word_1_269' title='bbox 744 2640 825 2709; x_wconf 72' lang='grc' dir='ltr'>ἦν,</span> <span class='ocrx_word' id='word_1_270' title='bbox 880 2643 1009 2714; x_wconf 75' lang='grc' dir='ltr'>ἀνὴρ</span> <span class='ocrx_word' id='word_1_271' title='bbox 1074 2645 1205 2712; x_wconf 91' lang='grc' dir='ltr'>γόης</span> <span class='ocrx_word' id='word_1_272' title='bbox 1251 2644 1336 2691; x_wconf 81' lang='grc' dir='ltr'>καὶ</span> <span class='ocrx_word' id='word_1_273' title='bbox 1390 2645 1763 2713; x_wconf 76' lang='grc' dir='ltr'>πονηρότατος,</span> 
     </span>
    </p>
   </div>
   <div class='ocr_carea' id='block_1_39' title="bbox 169 2728 1766 2807">
    <p class='ocr_par' dir='ltr' id='par_1_39' title="bbox 169 2728 1766 2807">
     <span class='ocr_line' id='line_1_40' title="bbox 169 2728 1766 2807; baseline -0.006 -18"><span class='ocrx_word' id='word_1_274' title='bbox 169 2742 263 2789; x_wconf 86' lang='grc' dir='ltr'>καὶ</span> <span class='ocrx_word' id='word_1_275' title='bbox 301 2731 542 2806; x_wconf 72' lang='grc' dir='ltr'>οὐδαμῶς</span> <span class='ocrx_word' id='word_1_276' title='bbox 589 2741 684 2794; x_wconf 84' lang='grc' dir='ltr'>τῆς</span> <span class='ocrx_word' id='word_1_277' title='bbox 714 2735 1086 2807; x_wconf 89' lang='grc' dir='ltr'>προσωνυμίας</span> <span class='ocrx_word' id='word_1_278' title='bbox 1128 2733 1360 2805; x_wconf 83' lang='grc' dir='ltr'>μετέχων</span> <span class='ocrx_word' id='word_1_279' title='bbox 1402 2747 1413 2758; x_wconf 93' lang='grc'>·</span> <span class='ocrx_word' id='word_1_280' title='bbox 1450 2728 1766 2801; x_wconf 83' lang='grc' dir='ltr'>λογιστεύειν</span> 
     </span>
    </p>
   </div>
   <div class='ocr_carea' id='block_1_40' title="bbox 175 2816 1769 2903">
    <p class='ocr_par' dir='ltr' id='par_1_40' title="bbox 175 2816 1769 2903">
     <span class='ocr_line' id='line_1_41' title="bbox 175 2816 1769 2903; baseline -0.005 -26"><span class='ocrx_word' id='word_1_281' title='bbox 175 2823 225 2878; x_wconf 80' lang='grc' dir='ltr'><strong>δ’</strong></span> <span class='ocrx_word' id='word_1_282' title='bbox 255 2822 442 2903; x_wconf 71' lang='grc' dir='ltr'>ίὲὃόκει</span> <span class='ocrx_word' id='word_1_283' title='bbox 490 2822 604 2873; x_wconf 86' lang='grc' dir='ltr'>κατ’</span> <span class='ocrx_word' id='word_1_284' title='bbox 649 2819 833 2873; x_wconf 75' lang='grc' dir='ltr'>ἐκεῖνον</span> <span class='ocrx_word' id='word_1_285' title='bbox 884 2817 1022 2878; x_wconf 83' lang='grc' dir='ltr'>δῆτα</span> <span class='ocrx_word' id='word_1_286' title='bbox 1082 2821 1171 2870; x_wconf 89' lang='grc' dir='ltr'><strong>τόν</strong></span> <span class='ocrx_word' id='word_1_287' title='bbox 1226 2826 1421 2893; x_wconf 87' lang='grc' dir='ltr'>χῶρον.</span> <span class='ocrx_word' id='word_1_288' title='bbox 1478 2816 1769 2890; x_wconf 84' lang='grc' dir='ltr'>Πάμπολλα</span> 
     </span>
    </p>
   </div>
   <div class='ocr_carea' id='block_1_41' title="bbox 179 2904 1764 2986">
    <p class='ocr_par' dir='ltr' id='par_1_41' title="bbox 179 2904 1764 2986">
     <span class='ocr_line' id='line_1_42' title="bbox 179 2904 1764 2986; baseline -0.006 -19"><span class='ocrx_word' id='word_1_289' title='bbox 179 2912 238 2967; x_wconf 67' lang='grc' dir='ltr'><strong>δὲ</strong></span> <span class='ocrx_word' id='word_1_290' title='bbox 284 2915 395 2966; x_wconf 83' lang='grc' dir='ltr'>καθ’</span> <span class='ocrx_word' id='word_1_291' title='bbox 428 2914 575 2986; x_wconf 82' lang='grc' dir='ltr'>ἡμῶν</span> <span class='ocrx_word' id='word_1_292' title='bbox 621 2914 999 2985; x_wconf 76' lang='grc' dir='ltr'>στρατηγήσας</span> <span class='ocrx_word' id='word_1_293' title='bbox 1054 2908 1223 2974; x_wconf 77' lang='grc' dir='ltr'>οὗτος,</span> <span class='ocrx_word' id='word_1_294' title='bbox 1271 2912 1361 2959; x_wconf 84' lang='grc' dir='ltr'>καὶ</span> <span class='ocrx_word' id='word_1_295' title='bbox 1413 2904 1656 2981; x_wconf 74' lang='grc' dir='ltr'>σφοδρῶς</span> <span class='ocrx_word' id='word_1_296' title='bbox 1702 2916 1764 2980; x_wconf 79' lang='grc' dir='ltr'>τῇ</span> 
     </span>
    </p>
   </div>
   <div class='ocr_carea' id='block_1_42' title="bbox 169 2996 1770 3077">
    <p class='ocr_par' dir='ltr' id='par_1_42' title="bbox 169 2996 1770 3077">
     <span class='ocr_line' id='line_1_43' title="bbox 169 2996 1770 3077; baseline -0.007 -21"><span class='ocrx_word' id='word_1_297' title='bbox 169 3001 292 3055; x_wconf 84' lang='grc' dir='ltr'>καθ’</span> <span class='ocrx_word' id='word_1_298' title='bbox 336 3004 481 3077; x_wconf 76' lang='grc' dir='ltr'>ἡμῶν</span> <span class='ocrx_word' id='word_1_299' title='bbox 536 3004 856 3072; x_wconf 68' lang='grc' dir='ltr'>συκοφαντίᾳ</span> <span class='ocrx_word' id='word_1_300' title='bbox 900 2996 1040 3071; x_wconf 83' lang='grc' dir='ltr'>μάλα</span> <span class='ocrx_word' id='word_1_301' title='bbox 1089 2998 1450 3073; x_wconf 85' lang='grc' dir='ltr'>χρησάμενος,</span> <span class='ocrx_word' id='word_1_302' title='bbox 1505 2997 1589 3048; x_wconf 84' lang='grc' dir='ltr'>οἶά</span> <span class='ocrx_word' id='word_1_303' title='bbox 1626 3016 1770 3057; x_wconf 86' lang='grc' dir='ltr'>τινας</span> 
     </span>
    </p>
   </div>
   <div class='ocr_carea' id='block_1_43' title="bbox 170 3082 1769 3167">
    <p class='ocr_par' dir='ltr' id='par_1_43' title="bbox 170 3082 1769 3167">
     <span class='ocr_line' id='line_1_44' title="bbox 170 3082 1769 3167; baseline -0.006 -22"><span class='ocrx_word' id='word_1_304' title='bbox 170 3100 347 3167; x_wconf 75' lang='grc' dir='ltr'>φῶρας</span> <span class='ocrx_word' id='word_1_305' title='bbox 394 3089 694 3142; x_wconf 77' lang='grc' dir='ltr'>ἀπελαύνειν</span> <span class='ocrx_word' id='word_1_306' title='bbox 737 3088 873 3159; x_wconf 80' lang='grc' dir='ltr'>ἡμᾶς</span> <span class='ocrx_word' id='word_1_307' title='bbox 923 3082 1163 3145; x_wconf 77' lang='grc' dir='ltr'>σπουδὴν</span> <span class='ocrx_word' id='word_1_308' title='bbox 1216 3084 1435 3137; x_wconf 79' lang='grc' dir='ltr'>ἐποιεῖτο</span> <span class='ocrx_word' id='word_1_309' title='bbox 1467 3106 1482 3118; x_wconf 88' lang='grc'><strong>·</strong></span> <span class='ocrx_word' id='word_1_310' title='bbox 1534 3086 1644 3138; x_wconf 88' lang='grc' dir='ltr'>ὃθεν</span> <span class='ocrx_word' id='word_1_311' title='bbox 1681 3088 1769 3136; x_wconf 85' lang='grc' dir='ltr'>καὶ</span> 
     </span>
    </p>
   </div>
   <div class='ocr_carea' id='block_1_44' title="bbox 170 3170 1769 3251">
    <p class='ocr_par' dir='ltr' id='par_1_44' title="bbox 170 3170 1769 3251">
     <span class='ocr_line' id='line_1_45' title="bbox 170 3170 1769 3251; baseline -0.006 -17"><span class='ocrx_word' id='word_1_312' title='bbox 170 3180 382 3241; x_wconf 87' lang='grc' dir='ltr'>πολλοῖς</span> <span class='ocrx_word' id='word_1_313' title='bbox 459 3179 677 3231; x_wconf 83' lang='grc' dir='ltr'>θανάτου</span> <span class='ocrx_word' id='word_1_314' title='bbox 742 3174 984 3236; x_wconf 82' lang='grc' dir='ltr'>διάκονος</span> <span class='ocrx_word' id='word_1_315' title='bbox 1041 3179 1283 3251; x_wconf 80' lang='grc' dir='ltr'>γεγονὼς,</span> <span class='ocrx_word' id='word_1_316' title='bbox 1359 3173 1495 3235; x_wconf 86' lang='grc' dir='ltr'>τέλος</span> <span class='ocrx_word' id='word_1_317' title='bbox 1558 3170 1769 3226; x_wconf 78' lang='grc' dir='ltr'>εἴδωλόν</span> 
     </span>
    </p>
   </div>
   <div class='ocr_carea' id='block_1_45' title="bbox 166 3260 1765 3340">
    <p class='ocr_par' dir='ltr' id='par_1_45' title="bbox 166 3260 1765 3340">
     <span class='ocr_line' id='line_1_46' title="bbox 166 3260 1765 3340; baseline -0.005 -17"><span class='ocrx_word' id='word_1_318' title='bbox 166 3291 225 3323; x_wconf 80' lang='grc' dir='ltr'><strong>τι</strong></span> <span class='ocrx_word' id='word_1_319' title='bbox 264 3271 383 3330; x_wconf 87' lang='grc' dir='ltr'>Διὸς</span> <span class='ocrx_word' id='word_1_320' title='bbox 426 3267 596 3340; x_wconf 74' lang='grc' dir='ltr'>φιλίου</span> <span class='ocrx_word' id='word_1_321' title='bbox 657 3260 956 3327; x_wconf 77' lang='grc' dir='ltr'>ἐπαοιδίαις</span> <span class='ocrx_word' id='word_1_322' title='bbox 1027 3268 1116 3316; x_wconf 85' lang='grc' dir='ltr'>καὶ</span> <span class='ocrx_word' id='word_1_323' title='bbox 1175 3267 1441 3333; x_wconf 71' lang='grc' dir='ltr'>γοητείαις</span> <span class='ocrx_word' id='word_1_324' title='bbox 1507 3261 1765 3339; x_wconf 78' lang='grc' dir='ltr'>ἀνήγειρε,</span> 
     </span>
    </p>
   </div>
   <div class='ocr_carea' id='block_1_46' title="bbox 170 3350 1768 3426">
    <p class='ocr_par' dir='ltr' id='par_1_46' title="bbox 170 3350 1768 3426">
     <span class='ocr_line' id='line_1_47' title="bbox 170 3350 1768 3426; baseline -0.005 -14"><span class='ocrx_word' id='word_1_325' title='bbox 170 3362 360 3419; x_wconf 84' lang='grc' dir='ltr'>θυσίας</span> <span class='ocrx_word' id='word_1_326' title='bbox 396 3374 449 3408; x_wconf 86' lang='grc' dir='ltr'><strong>τε</strong></span> <span class='ocrx_word' id='word_1_327' title='bbox 504 3359 590 3407; x_wconf 82' lang='grc' dir='ltr'>καὶ</span> <span class='ocrx_word' id='word_1_328' title='bbox 628 3358 869 3426; x_wconf 80' lang='grc' dir='ltr'>μυήσεις,</span> <span class='ocrx_word' id='word_1_329' title='bbox 928 3356 1018 3404; x_wconf 85' lang='grc' dir='ltr'>καὶ</span> <span class='ocrx_word' id='word_1_330' title='bbox 1062 3350 1170 3403; x_wconf 85' lang='grc' dir='ltr'>ἀλλ’</span> <span class='ocrx_word' id='word_1_331' title='bbox 1215 3352 1341 3402; x_wconf 79' lang='grc' dir='ltr'>ἄττα</span> <span class='ocrx_word' id='word_1_332' title='bbox 1388 3350 1638 3425; x_wconf 72' lang='grc' dir='ltr'>ἐξάγιστα</span> <span class='ocrx_word' id='word_1_333' title='bbox 1680 3356 1768 3404; x_wconf 83' lang='grc' dir='ltr'>καὶ</span> 
     </span>
    </p>
   </div>
   <div class='ocr_carea' id='block_1_47' title="bbox 172 3436 1765 3519">
    <p class='ocr_par' dir='ltr' id='par_1_47' title="bbox 172 3436 1765 3519">
     <span class='ocr_line' id='line_1_48' title="bbox 172 3436 1765 3519; baseline -0.006 -20"><span class='ocrx_word' id='word_1_334' title='bbox 172 3447 506 3519; x_wconf 75' lang='grc' dir='ltr'>ἀκαθάρτους</span> <span class='ocrx_word' id='word_1_335' title='bbox 565 3440 632 3501; x_wconf 76' lang='grc' dir='ltr'><em>δή</em></span> <span class='ocrx_word' id='word_1_336' title='bbox 692 3462 834 3504; x_wconf 86' lang='grc' dir='ltr'>τινας</span> <span class='ocrx_word' id='word_1_337' title='bbox 872 3442 1144 3515; x_wconf 75' lang='grc' dir='ltr'>καθάρσεις</span> <span class='ocrx_word' id='word_1_338' title='bbox 1207 3442 1440 3505; x_wconf 74' lang='grc' dir='ltr'>ἐπινοῶν,</span> <span class='ocrx_word' id='word_1_339' title='bbox 1503 3441 1638 3513; x_wconf 81' lang='grc' dir='ltr'>ἄχρι</span> <span class='ocrx_word' id='word_1_340' title='bbox 1698 3436 1765 3499; x_wconf 79' lang='grc' dir='ltr'><strong>δὴ</strong></span> 
     </span>
    </p>
   </div>
   <div class='ocr_carea' id='block_1_48' title="bbox 168 3524 1765 3607">
    <p class='ocr_par' dir='ltr' id='par_1_48' title="bbox 168 3524 1765 3607">
     <span class='ocr_line' id='line_1_49' title="bbox 168 3524 1765 3607; baseline -0.006 -17"><span class='ocrx_word' id='word_1_341' title='bbox 168 3541 266 3589; x_wconf 81' lang='grc' dir='ltr'>καὶ</span> <span class='ocrx_word' id='word_1_342' title='bbox 295 3534 343 3597; x_wconf 83' lang='grc' dir='ltr'>ἐς</span> <span class='ocrx_word' id='word_1_343' title='bbox 385 3532 609 3607; x_wconf 81' lang='grc' dir='ltr'>βασιλέα</span> <span class='ocrx_word' id='word_1_344' title='bbox 653 3534 741 3592; x_wconf 83' lang='grc' dir='ltr'><strong>τὰς</strong></span> <span class='ocrx_word' id='word_1_345' title='bbox 779 3539 878 3583; x_wconf 85' lang='grc' dir='ltr'><strong>τῶν</strong></span> <span class='ocrx_word' id='word_1_346' title='bbox 920 3538 1171 3605; x_wconf 78' lang='grc' dir='ltr'>χρηστῶν</span> <span class='ocrx_word' id='word_1_347' title='bbox 1226 3533 1485 3605; x_wconf 80' lang='grc' dir='ltr'>τερατείας</span> <span class='ocrx_word' id='word_1_348' title='bbox 1526 3524 1765 3592; x_wconf 83' lang='grc' dir='ltr'>διέσωζε.</span> 
     </span>
    </p>
   </div>
   <div class='ocr_carea' id='block_1_49' title="bbox 183 3617 1771 3693">
    <p class='ocr_par' dir='ltr' id='par_1_49' title="bbox 183 3617 1771 3693">
     <span class='ocr_line' id='line_1_50' title="bbox 183 3617 1771 3693; baseline -0.006 -16"><span class='ocrx_word' id='word_1_349' title='bbox 183 3626 332 3679; x_wconf 77' lang='grc' dir='ltr'>Κατά</span> <span class='ocrx_word' id='word_1_350' title='bbox 412 3626 603 3675; x_wconf 88' lang='grc' dir='ltr'>σκοπόν</span> <span class='ocrx_word' id='word_1_351' title='bbox 663 3617 721 3673; x_wconf 77' lang='grc' dir='ltr'>δε</span> <span class='ocrx_word' id='word_1_352' title='bbox 794 3626 887 3671; x_wconf 73' lang='grc' dir='ltr'>τοῦ</span> <span class='ocrx_word' id='word_1_353' title='bbox 930 3626 1240 3692; x_wconf 82' lang='grc' dir='ltr'>κρατοῦντος</span> <span class='ocrx_word' id='word_1_354' title='bbox 1289 3620 1545 3689; x_wconf 72' lang='grc' dir='ltr'>ᾑρημενος</span> <span class='ocrx_word' id='word_1_355' title='bbox 1611 3619 1771 3693; x_wconf 84' lang='grc' dir='ltr'>πράτ-</span> 
     </span>
    </p>
   </div>
   <div class='ocr_carea' id='block_1_50' title="bbox 174 3704 1774 3784">
    <p class='ocr_par' dir='ltr' id='par_1_50' title="bbox 174 3704 1774 3784">
     <span class='ocr_line' id='line_1_51' title="bbox 174 3704 1774 3784; baseline -0.006 -18"><span class='ocrx_word' id='word_1_356' title='bbox 174 3733 304 3779; x_wconf 84' lang='grc' dir='ltr'>τειν,</span> <span class='ocrx_word' id='word_1_357' title='bbox 378 3717 467 3764; x_wconf 85' lang='grc' dir='ltr'>καὶ</span> <span class='ocrx_word' id='word_1_358' title='bbox 545 3710 726 3784; x_wconf 79' lang='grc' dir='ltr'>ἀγεννῆ</span> <span class='ocrx_word' id='word_1_359' title='bbox 801 3708 1069 3762; x_wconf 81' lang='grc' dir='ltr'>κολακείαν</span> <span class='ocrx_word' id='word_1_360' title='bbox 1134 3704 1572 3783; x_wconf 78' lang='grc' dir='ltr'>ἐπιδεδειγμένος,</span> <span class='ocrx_word' id='word_1_361' title='bbox 1636 3709 1774 3758; x_wconf 79' lang='grc' dir='ltr'>κατὰ</span> 
     </span>
    </p>
   </div>
   <div class='ocr_carea' id='block_1_51' title="bbox 174 3797 1773 3877">
    <p class='ocr_par' dir='ltr' id='par_1_51' title="bbox 174 3797 1773 3877">
     <span class='ocr_line' id='line_1_52' title="bbox 174 3797 1773 3877; baseline -0.007 -21"><span class='ocrx_word' id='word_1_362' title='bbox 174 3809 508 3877; x_wconf 82' lang='grc' dir='ltr'>Χριστιανῶν</span> <span class='ocrx_word' id='word_1_363' title='bbox 554 3801 704 3851; x_wconf 77' lang='grc' dir='ltr'>ἐκίνει</span> <span class='ocrx_word' id='word_1_364' title='bbox 751 3801 808 3849; x_wconf 88' lang='grc' dir='ltr'><strong>τό</strong></span> <span class='ocrx_word' id='word_1_365' title='bbox 868 3797 1042 3859; x_wconf 85' lang='grc' dir='ltr'>ξόανον</span> <span class='ocrx_word' id='word_1_366' title='bbox 1075 3815 1087 3828; x_wconf 95' lang='grc'><strong>·</strong></span> <span class='ocrx_word' id='word_1_367' title='bbox 1147 3798 1285 3867; x_wconf 82' lang='grc' dir='ltr'>ἔλεγε</span> <span class='ocrx_word' id='word_1_368' title='bbox 1334 3798 1434 3869; x_wconf 80' lang='grc' dir='ltr'>γὰρ</span> <span class='ocrx_word' id='word_1_369' title='bbox 1501 3799 1586 3848; x_wconf 89' lang='grc' dir='ltr'><strong>τόν</strong></span> <span class='ocrx_word' id='word_1_370' title='bbox 1645 3799 1773 3848; x_wconf 81' lang='grc' dir='ltr'>Θεὸν</span> 
     </span>
    </p>
   </div>
   <div class='ocr_carea' id='block_1_52' title="bbox 177 3885 1774 3963">
    <p class='ocr_par' dir='ltr' id='par_1_52' title="bbox 177 3885 1774 3963">
     <span class='ocr_line' id='line_1_53' title="bbox 177 3885 1774 3963; baseline -0.006 -19"><span class='ocrx_word' id='word_1_371' title='bbox 177 3890 518 3963; x_wconf 75' lang='grc' dir='ltr'>ἀσχάλλοντα</span> <span class='ocrx_word' id='word_1_372' title='bbox 584 3888 803 3940; x_wconf 80' lang='grc' dir='ltr'>κελεύειν</span> <span class='ocrx_word' id='word_1_373' title='bbox 858 3886 953 3948; x_wconf 82' lang='grc' dir='ltr'><strong>ἔξω</strong></span> <span class='ocrx_word' id='word_1_374' title='bbox 1006 3885 1177 3938; x_wconf 84' lang='grc' dir='ltr'>πυλῶν</span> <span class='ocrx_word' id='word_1_375' title='bbox 1234 3885 1457 3937; x_wconf 69' lang='grc' dir='ltr'>ἐλαύνειν</span> <span class='ocrx_word' id='word_1_376' title='bbox 1515 3889 1623 3951; x_wconf 66' lang='grc' dir='ltr'>ςκαὶ</span> <span class='ocrx_word' id='word_1_377' title='bbox 1674 3893 1774 3935; x_wconf 87' lang='grc' dir='ltr'><strong>τῶν</strong></span> 
     </span>
    </p>
   </div>
   <div class='ocr_carea' id='block_1_53' title="bbox 180 3974 1776 4050">
    <p class='ocr_par' dir='ltr' id='par_1_53' title="bbox 180 3974 1776 4050">
     <span class='ocr_line' id='line_1_54' title="bbox 180 3974 1776 4050; baseline -0.006 -16"><span class='ocrx_word' id='word_1_378' title='bbox 180 3984 456 4048; x_wconf 86' lang='grc' dir='ltr'>περιοίκων</span> <span class='ocrx_word' id='word_1_379' title='bbox 529 3977 698 4050; x_wconf 85' lang='grc' dir='ltr'>ἀγρῶν</span> <span class='ocrx_word' id='word_1_380' title='bbox 774 3978 844 4039; x_wconf 84' lang='grc' dir='ltr'>ὡς</span> <span class='ocrx_word' id='word_1_381' title='bbox 897 3976 1205 4049; x_wconf 73' lang='grc' dir='ltr'>πορρωτέρω</span> <span class='ocrx_word' id='word_1_382' title='bbox 1248 3982 1433 4044; x_wconf 80' lang='grc' dir='ltr'>ποιεῖν,</span> <span class='ocrx_word' id='word_1_383' title='bbox 1493 3974 1578 4026; x_wconf 83' lang='grc' dir='ltr'>οἶά</span> <span class='ocrx_word' id='word_1_384' title='bbox 1632 3993 1776 4035; x_wconf 88' lang='grc' dir='ltr'>τινας</span> 
     </span>
    </p>
   </div>
   <div class='ocr_carea' id='block_1_54' title="bbox 177 4060 1777 4141">
    <p class='ocr_par' dir='ltr' id='par_1_54' title="bbox 177 4060 1777 4141">
     <span class='ocr_line' id='line_1_55' title="bbox 177 4060 1777 4141; baseline -0.005 -18"><span class='ocrx_word' id='word_1_385' title='bbox 177 4066 480 4131; x_wconf 78' lang='grc' dir='ltr'>ἀσπόνδους</span> <span class='ocrx_word' id='word_1_386' title='bbox 517 4067 738 4141; x_wconf 76' lang='grc' dir='ltr'>ἐχθρούς</span> <span class='ocrx_word' id='word_1_387' title='bbox 774 4069 896 4127; x_wconf 80' lang='grc' dir='ltr'>τοὺς</span> <span class='ocrx_word' id='word_1_388' title='bbox 940 4066 1309 4136; x_wconf 72' lang='grc' dir='ltr'>Χριστιανούς.</span> <span class='ocrx_word' id='word_1_389' title='bbox 1342 4065 1482 4118; x_wconf 82' lang='grc' dir='ltr'>Ἐπεὶ</span> <span class='ocrx_word' id='word_1_390' title='bbox 1513 4060 1573 4118; x_wconf 67' lang='grc' dir='ltr'><strong>δὲ</strong></span> <span class='ocrx_word' id='word_1_391' title='bbox 1610 4071 1777 4115; x_wconf 82' lang='grc' dir='ltr'>ταῦτα</span> 
     </span>
    </p>
   </div>
   <div class='ocr_carea' id='block_1_55' title="bbox 180 4150 1776 4229">
    <p class='ocr_par' dir='ltr' id='par_1_55' title="bbox 180 4150 1776 4229">
     <span class='ocr_line' id='line_1_56' title="bbox 180 4150 1776 4229; baseline -0.005 -18"><span class='ocrx_word' id='word_1_392' title='bbox 180 4164 272 4219; x_wconf 80' lang='grc' dir='ltr'>καὶ</span> <span class='ocrx_word' id='word_1_393' title='bbox 326 4160 462 4210; x_wconf 80' lang='grc' dir='ltr'>κατὰ</span> <span class='ocrx_word' id='word_1_394' title='bbox 488 4162 696 4229; x_wconf 81' lang='grc' dir='ltr'>γνώμην</span> <span class='ocrx_word' id='word_1_395' title='bbox 741 4151 877 4213; x_wconf 76' lang='grc' dir='ltr'>ἦσαν</span> <span class='ocrx_word' id='word_1_396' title='bbox 920 4161 993 4224; x_wconf 82' lang='grc' dir='ltr'>τῷ</span> <span class='ocrx_word' id='word_1_397' title='bbox 1043 4150 1269 4227; x_wconf 78' lang='grc' dir='ltr'>βασιλεῖ,</span> <span class='ocrx_word' id='word_1_398' title='bbox 1301 4157 1660 4227; x_wconf 76' lang='grc' dir='ltr'>κεχαρισμένα</span> <span class='ocrx_word' id='word_1_399' title='bbox 1686 4157 1776 4205; x_wconf 76' lang='grc' dir='ltr'>καὶ</span> 
     </span>
    </p>
   </div>
   <div class='ocr_carea' id='block_1_56' title="bbox 186 4238 1779 4318">
    <p class='ocr_par' dir='ltr' id='par_1_56' title="bbox 186 4238 1779 4318">
     <span class='ocr_line' id='line_1_57' title="bbox 186 4238 1779 4318; baseline -0.018 -15"><span class='ocrx_word' id='word_1_400' title='bbox 186 4250 232 4309; x_wconf 79' lang='grc' dir='ltr'>οἱ</span> <span class='ocrx_word' id='word_1_401' title='bbox 285 4246 458 4303; x_wconf 84' lang='grc' dir='ltr'>λοιποὶ</span> <span class='ocrx_word' id='word_1_402' title='bbox 512 4254 612 4299; x_wconf 89' lang='grc' dir='ltr'><strong>τῶν</strong></span> <span class='ocrx_word' id='word_1_403' title='bbox 664 4243 855 4299; x_wconf 84' lang='grc' dir='ltr'>πόλεων</span> <span class='ocrx_word' id='word_1_404' title='bbox 898 4242 1134 4318; x_wconf 75' lang='grc' dir='ltr'>ἀρχηγοὶ</span> <span class='ocrx_word' id='word_1_405' title='bbox 1211 4238 1341 4316; x_wconf 70' lang='grc' dir='ltr'><strong>δρᾴν</strong></span> <span class='ocrx_word' id='word_1_406' title='bbox 1388 4240 1658 4307; x_wconf 63' lang='grc' dir='ltr'><strong>ἐθέλοντεῇ</strong></span> <span class='ocrx_word' id='word_1_407' title='bbox 1711 4244 1779 4292; x_wconf 71' lang='grc' dir='ltr'><strong>τὰ</strong></span> 
     </span>
    </p>
   </div>
   <div class='ocr_carea' id='block_1_57' title="bbox 182 4320 1779 4408">
    <p class='ocr_par' dir='ltr' id='par_1_57' title="bbox 182 4330 1779 4408">
     <span class='ocr_line' id='line_1_58' title="bbox 182 4330 1779 4408; baseline -0.006 -18"><span class='ocrx_word' id='word_1_408' title='bbox 182 4340 280 4391; x_wconf 85' lang='grc' dir='ltr'>ἶσα</span> <span class='ocrx_word' id='word_1_409' title='bbox 333 4336 451 4389; x_wconf 84' lang='grc' dir='ltr'>καθ’</span> <span class='ocrx_word' id='word_1_410' title='bbox 526 4334 861 4408; x_wconf 66' lang='grc' dir='ltr'>ἐψηρίςοντο,</span> <span class='ocrx_word' id='word_1_411' title='bbox 912 4338 1001 4384; x_wconf 84' lang='grc' dir='ltr'>καὶ</span> <span class='ocrx_word' id='word_1_412' title='bbox 1065 4339 1173 4395; x_wconf 88' lang='grc' dir='ltr'>τοῖς</span> <span class='ocrx_word' id='word_1_413' title='bbox 1234 4332 1320 4391; x_wconf 71' lang='grc' dir='ltr'><strong>ὑπ’</strong></span> <span class='ocrx_word' id='word_1_414' title='bbox 1390 4330 1580 4392; x_wconf 80' lang='grc' dir='ltr'>αύτούς</span> <span class='ocrx_word' id='word_1_415' title='bbox 1647 4331 1779 4389; x_wconf 82' lang='grc' dir='ltr'>ὑπη-</span> 
     </span>
    </p>
   </div>
   <div class='ocr_carea' id='block_1_58' title="bbox 1862 1837 3519 1915">
    <p class='ocr_par' dir='ltr' id='par_1_58' title="bbox 1862 1837 3519 1915">
     <span class='ocr_line' id='line_1_59' title="bbox 1862 1837 3519 1915; baseline 0.007 -23"><span class='ocrx_word' id='word_1_416' title='bbox 1862 1837 2246 1894; x_wconf 88' lang='lat' dir='ltr'><strong>adversarius</strong></span> <span class='ocrx_word' id='word_1_417' title='bbox 2278 1840 2489 1897; x_wconf 90' lang='lat' dir='ltr'><strong>Christi</strong></span> <span class='ocrx_word' id='word_1_418' title='bbox 2518 1846 2692 1908; x_wconf 89' lang='lat' dir='ltr'><strong>esset,</strong></span> <span class='ocrx_word' id='word_1_419' title='bbox 2730 1846 3034 1915; x_wconf 84' lang='lat' dir='ltr'><strong>tantopere</strong></span> <span class='ocrx_word' id='word_1_420' title='bbox 3065 1846 3273 1915; x_wconf 81' lang='lat' dir='ltr'><strong>augeri</strong></span> <span class='ocrx_word' id='word_1_421' title='bbox 3303 1845 3519 1905; x_wconf 69' lang='lat' dir='ltr'><strong>laetari-</strong></span> 
     </span>
    </p>
   </div>
   <div class='ocr_carea' id='block_1_59' title="bbox 1863 1927 3517 2005">
    <p class='ocr_par' dir='ltr' id='par_1_59' title="bbox 1863 1927 3517 2005">
     <span class='ocr_line' id='line_1_60' title="bbox 1863 1927 3517 2005; baseline 0.007 -24"><span class='ocrx_word' id='word_1_422' title='bbox 1863 1942 1980 2001; x_wconf 90' lang='lat' dir='ltr'><strong>que</strong></span> <span class='ocrx_word' id='word_1_423' title='bbox 2011 1927 2219 1985; x_wconf 88' lang='lat' dir='ltr'><strong>Christi</strong></span> <span class='ocrx_word' id='word_1_424' title='bbox 2234 1943 2477 1999; x_wconf 82' lang='lat' dir='ltr'><strong>gregem</strong></span> <span class='ocrx_word' id='word_1_425' title='bbox 2499 1931 2838 2003; x_wconf 83' lang='lat' dir='ltr'><strong>pateretur?</strong></span> <span class='ocrx_word' id='word_1_426' title='bbox 2864 1932 3043 1989; x_wconf 89' lang='lat' dir='ltr'><strong>lllicet</strong></span> <span class='ocrx_word' id='word_1_427' title='bbox 3066 1950 3202 2005; x_wconf 68' lang='lat' dir='ltr'><strong>quae</strong></span> <span class='ocrx_word' id='word_1_428' title='bbox 3232 1940 3361 1995; x_wconf 88' lang='lat' dir='ltr'><strong>tum</strong></span> <span class='ocrx_word' id='word_1_429' title='bbox 3383 1951 3517 1992; x_wconf 89' lang='lat' dir='ltr'><strong>esse</strong></span> 
     </span>
    </p>
   </div>
   <div class='ocr_carea' id='block_1_60' title="bbox 1861 2015 3520 2098">
    <p class='ocr_par' dir='ltr' id='par_1_60' title="bbox 1861 2015 3520 2098">
     <span class='ocr_line' id='line_1_61' title="bbox 1861 2015 3520 2098; baseline 0.007 -29"><span class='ocrx_word' id='word_1_430' title='bbox 1861 2015 2176 2072; x_wconf 87' lang='lat' dir='ltr'><strong>videbatur</strong></span> <span class='ocrx_word' id='word_1_431' title='bbox 2221 2033 2435 2091; x_wconf 90' lang='lat' dir='ltr'><strong>pacem</strong></span> <span class='ocrx_word' id='word_1_432' title='bbox 2464 2019 2885 2086; x_wconf 89' lang='lat' dir='ltr'><strong>dissolutnrus,</strong></span> <span class='ocrx_word' id='word_1_433' title='bbox 2950 2022 3217 2096; x_wconf 88' lang='lat' dir='ltr'><strong>primum</strong></span> <span class='ocrx_word' id='word_1_434' title='bbox 3270 2025 3520 2098; x_wconf 88' lang='lat' dir='ltr'><strong>quidem</strong></span> 
     </span>
    </p>
   </div>
   <div class='ocr_carea' id='block_1_61' title="bbox 1865 2107 3522 2184">
    <p class='ocr_par' dir='ltr' id='par_1_61' title="bbox 1865 2107 3522 2184">
     <span class='ocr_line' id='line_1_62' title="bbox 1865 2107 3522 2184; baseline 0.005 -23"><span class='ocrx_word' id='word_1_435' title='bbox 1865 2111 2192 2161; x_wconf 86' lang='lat' dir='ltr'><strong>conventus</strong></span> <span class='ocrx_word' id='word_1_436' title='bbox 2207 2112 2444 2163; x_wconf 88' lang='lat' dir='ltr'><strong>nostros</strong></span> <span class='ocrx_word' id='word_1_437' title='bbox 2473 2107 2535 2163; x_wconf 93' lang='lat' dir='ltr'><strong>in</strong></span> <span class='ocrx_word' id='word_1_438' title='bbox 2554 2110 2909 2166; x_wconf 70' lang='lat' dir='ltr'><strong>cmmeteriis</strong></span> <span class='ocrx_word' id='word_1_439' title='bbox 2922 2111 3230 2184; x_wconf 87' lang='lat' dir='ltr'><strong>prohibuit</strong></span> <span class='ocrx_word' id='word_1_440' title='bbox 3256 2129 3268 2166; x_wconf 90' lang='lat'><strong><em>:</em></strong></span> <span class='ocrx_word' id='word_1_441' title='bbox 3302 2114 3522 2171; x_wconf 90' lang='lat' dir='ltr'><strong>deinde</strong></span> 
     </span>
    </p>
   </div>
   <div class='ocr_carea' id='block_1_62' title="bbox 1866 2193 3523 2277">
    <p class='ocr_par' dir='ltr' id='par_1_62' title="bbox 1866 2193 3523 2277">
     <span class='ocr_line' id='line_1_63' title="bbox 1866 2193 3523 2277; baseline 0.007 -29"><span class='ocrx_word' id='word_1_442' title='bbox 1866 2209 2007 2249; x_wconf 88' lang='lat' dir='ltr'><strong>vero</strong></span> <span class='ocrx_word' id='word_1_443' title='bbox 2025 2193 2240 2250; x_wconf 90' lang='lat' dir='ltr'><strong>techna</strong></span> <span class='ocrx_word' id='word_1_444' title='bbox 2254 2195 2526 2270; x_wconf 90' lang='lat' dir='ltr'><strong>quadam</strong></span> <span class='ocrx_word' id='word_1_445' title='bbox 2551 2198 2680 2270; x_wconf 89' lang='lat' dir='ltr'><strong>ipse</strong></span> <span class='ocrx_word' id='word_1_446' title='bbox 2709 2199 2788 2257; x_wconf 91' lang='lat' dir='ltr'><strong>ad</strong></span> <span class='ocrx_word' id='word_1_447' title='bbox 2828 2200 3092 2277; x_wconf 87' lang='lat' dir='ltr'><strong>seipsum</strong></span> <span class='ocrx_word' id='word_1_448' title='bbox 3118 2202 3523 2259; x_wconf 80' lang='lat' dir='ltr'><strong>Antiochena-</strong></span> 
     </span>
    </p>
   </div>
   <div class='ocr_carea' id='block_1_63' title="bbox 1867 2283 3524 2359">
    <p class='ocr_par' dir='ltr' id='par_1_63' title="bbox 1867 2283 3524 2359">
     <span class='ocr_line' id='line_1_64' title="bbox 1867 2283 3524 2359; baseline 0.008 -23"><span class='ocrx_word' id='word_1_449' title='bbox 1867 2298 2000 2337; x_wconf 90' lang='lat' dir='ltr'><strong>rum</strong></span> <span class='ocrx_word' id='word_1_450' title='bbox 2031 2283 2276 2339; x_wconf 90' lang='lat' dir='ltr'><strong>nomine</strong></span> <span class='ocrx_word' id='word_1_451' title='bbox 2295 2300 2400 2358; x_wconf 89' lang='lat' dir='ltr'><strong>per</strong></span> <span class='ocrx_word' id='word_1_452' title='bbox 2431 2285 2589 2342; x_wconf 91' lang='lat' dir='ltr'><strong>cives</strong></span> <span class='ocrx_word' id='word_1_453' title='bbox 2620 2303 2828 2344; x_wconf 89' lang='lat' dir='ltr'><strong>eorum</strong></span> <span class='ocrx_word' id='word_1_454' title='bbox 2859 2288 3223 2359; x_wconf 87' lang='lat' dir='ltr'><strong>legationem</strong></span> <span class='ocrx_word' id='word_1_455' title='bbox 3252 2291 3432 2357; x_wconf 88' lang='lat' dir='ltr'><strong>misit,</strong></span> <span class='ocrx_word' id='word_1_456' title='bbox 3460 2291 3524 2350; x_wconf 89' lang='lat' dir='ltr'><strong>id</strong></span> 
     </span>
    </p>
   </div>
   <div class='ocr_carea' id='block_1_64' title="bbox 1870 2374 3524 2441">
    <p class='ocr_par' dir='ltr' id='par_1_64' title="bbox 1870 2374 3524 2441">
     <span class='ocr_line' id='line_1_65' title="bbox 1870 2374 3524 2441; baseline 0.008 -16"><span class='ocrx_word' id='word_1_457' title='bbox 1870 2386 2075 2441; x_wconf 90' lang='lat' dir='ltr'><strong>agens,</strong></span> <span class='ocrx_word' id='word_1_458' title='bbox 2090 2377 2153 2427; x_wconf 90' lang='lat' dir='ltr'><strong>ut</strong></span> <span class='ocrx_word' id='word_1_459' title='bbox 2179 2388 2255 2429; x_wconf 92' lang='lat' dir='ltr'><strong>ne</strong></span> <span class='ocrx_word' id='word_1_460' title='bbox 2280 2374 2374 2430; x_wconf 88' lang='lat' dir='ltr'><strong>cui</strong></span> <span class='ocrx_word' id='word_1_461' title='bbox 2397 2374 2863 2432; x_wconf 88' lang='lat' dir='ltr'><strong>Christianorum</strong></span> <span class='ocrx_word' id='word_1_462' title='bbox 2879 2393 3013 2433; x_wconf 90' lang='lat' dir='ltr'><strong>eam</strong></span> <span class='ocrx_word' id='word_1_463' title='bbox 3028 2378 3240 2436; x_wconf 88' lang='lat' dir='ltr'><strong>urbem</strong></span> <span class='ocrx_word' id='word_1_464' title='bbox 3262 2380 3524 2438; x_wconf 86' lang='lat' dir='ltr'><strong>incolere</strong></span> 
     </span>
    </p>
   </div>
   <div class='ocr_carea' id='block_1_65' title="bbox 1870 2462 3526 2540">
    <p class='ocr_par' dir='ltr' id='par_1_65' title="bbox 1870 2462 3526 2540">
     <span class='ocr_line' id='line_1_66' title="bbox 1870 2462 3526 2540; baseline 0.008 -26"><span class='ocrx_word' id='word_1_465' title='bbox 1870 2465 2304 2532; x_wconf 83' lang='lat' dir='ltr'><strong>permitteretur</strong></span> <span class='ocrx_word' id='word_1_466' title='bbox 2335 2479 2350 2518; x_wconf 88' lang='lat'><strong>:</strong></span> <span class='ocrx_word' id='word_1_467' title='bbox 2382 2462 2841 2536; x_wconf 83' lang='lat' dir='ltr'><strong>maximamque</strong></span> <span class='ocrx_word' id='word_1_468' title='bbox 2866 2466 3001 2522; x_wconf 91' lang='lat' dir='ltr'><strong>illos</strong></span> <span class='ocrx_word' id='word_1_469' title='bbox 3014 2483 3051 2524; x_wconf 90' lang='lat' dir='ltr'><strong>a</strong></span> <span class='ocrx_word' id='word_1_470' title='bbox 3064 2483 3128 2523; x_wconf 91' lang='lat' dir='ltr'><strong>se</strong></span> <span class='ocrx_word' id='word_1_471' title='bbox 3142 2469 3398 2540; x_wconf 83' lang='lat' dir='ltr'><strong>gratiam</strong></span> <span class='ocrx_word' id='word_1_472' title='bbox 3414 2470 3526 2535; x_wconf 88' lang='lat' dir='ltr'><strong>ini-</strong></span> 
     </span>
    </p>
   </div>
   <div class='ocr_carea' id='block_1_66' title="bbox 1872 2549 3521 2629">
    <p class='ocr_par' dir='ltr' id='par_1_66' title="bbox 1872 2549 3521 2629">
     <span class='ocr_line' id='line_1_67' title="bbox 1872 2549 3521 2629; baseline 0.008 -25"><span class='ocrx_word' id='word_1_473' title='bbox 1872 2554 2034 2605; x_wconf 91' lang='lat' dir='ltr'><strong>turos</strong></span> <span class='ocrx_word' id='word_1_474' title='bbox 2055 2549 2167 2604; x_wconf 90' lang='lat' dir='ltr'><strong>illis</strong></span> <span class='ocrx_word' id='word_1_475' title='bbox 2205 2551 2581 2620; x_wconf 84' lang='lat' dir='ltr'><strong>signiﬁcavit,</strong></span> <span class='ocrx_word' id='word_1_476' title='bbox 2641 2553 2693 2608; x_wconf 90' lang='lat' dir='ltr'><strong>si</strong></span> <span class='ocrx_word' id='word_1_477' title='bbox 2723 2553 2836 2610; x_wconf 89' lang='lat' dir='ltr'><strong>hoc</strong></span> <span class='ocrx_word' id='word_1_478' title='bbox 2875 2556 2992 2629; x_wconf 89' lang='lat' dir='ltr'><strong>ipsi</strong></span> <span class='ocrx_word' id='word_1_479' title='bbox 3042 2557 3333 2614; x_wconf 86' lang='lat' dir='ltr'><strong>adversus</strong></span> <span class='ocrx_word' id='word_1_480' title='bbox 3362 2558 3521 2619; x_wconf 83' lang='lat' dir='ltr'><strong>Chri-</strong></span> 
     </span>
    </p>
   </div>
   <div class='ocr_carea' id='block_1_67' title="bbox 1872 2637 3528 2712">
    <p class='ocr_par' dir='ltr' id='par_1_67' title="bbox 1872 2637 3528 2712">
     <span class='ocr_line' id='line_1_68' title="bbox 1872 2637 3528 2712; baseline 0.008 -22"><span class='ocrx_word' id='word_1_481' title='bbox 1872 2637 2098 2693; x_wconf 91' lang='lat' dir='ltr'><strong>stianos</strong></span> <span class='ocrx_word' id='word_1_482' title='bbox 2128 2654 2233 2712; x_wconf 91' lang='lat' dir='ltr'><strong>per</strong></span> <span class='ocrx_word' id='word_1_483' title='bbox 2261 2640 2772 2698; x_wconf 89' lang='lat' dir='ltr'><strong>assimulationem</strong></span> <span class='ocrx_word' id='word_1_484' title='bbox 2796 2642 2994 2701; x_wconf 89' lang='lat' dir='ltr'><strong>facere</strong></span> <span class='ocrx_word' id='word_1_485' title='bbox 3012 2645 3376 2702; x_wconf 88' lang='lat' dir='ltr'><strong>viderentur.</strong></span> <span class='ocrx_word' id='word_1_486' title='bbox 3410 2646 3528 2704; x_wconf 90' lang='lat' dir='ltr'><strong>Sed</strong></span> 
     </span>
    </p>
   </div>
   <div class='ocr_carea' id='block_1_68' title="bbox 1873 2726 3525 2805">
    <p class='ocr_par' dir='ltr' id='par_1_68' title="bbox 1873 2726 3525 2805">
     <span class='ocr_line' id='line_1_69' title="bbox 1873 2726 3525 2805; baseline 0.005 -23"><span class='ocrx_word' id='word_1_487' title='bbox 1873 2726 2005 2782; x_wconf 78' lang='lat' dir='ltr'><strong>aliis</strong></span> <span class='ocrx_word' id='word_1_488' title='bbox 2040 2743 2284 2802; x_wconf 90' lang='lat' dir='ltr'><strong>quoque</strong></span> <span class='ocrx_word' id='word_1_489' title='bbox 2313 2728 2455 2785; x_wconf 87' lang='lat' dir='ltr'><strong>item</strong></span> <span class='ocrx_word' id='word_1_490' title='bbox 2485 2734 2550 2786; x_wconf 92' lang='lat' dir='ltr'><strong>ut</strong></span> <span class='ocrx_word' id='word_1_491' title='bbox 2598 2730 2882 2799; x_wconf 84' lang='lat' dir='ltr'><strong>facerent,</strong></span> <span class='ocrx_word' id='word_1_492' title='bbox 2911 2732 3227 2805; x_wconf 75' lang='lat' dir='ltr'><strong>suggessit.</strong></span> <span class='ocrx_word' id='word_1_493' title='bbox 3257 2736 3525 2800; x_wconf 90' lang='lat' dir='ltr'><strong>Quorum</strong></span> 
     </span>
    </p>
   </div>
   <div class='ocr_carea' id='block_1_69' title="bbox 1874 2815 3528 2897">
    <p class='ocr_par' dir='ltr' id='par_1_69' title="bbox 1874 2815 3528 2897">
     <span class='ocr_line' id='line_1_70' title="bbox 1874 2815 3528 2897; baseline 0.007 -26"><span class='ocrx_word' id='word_1_494' title='bbox 1874 2815 2208 2889; x_wconf 72' lang='lat' dir='ltr'><strong>praecipuus</strong></span> <span class='ocrx_word' id='word_1_495' title='bbox 2236 2817 2601 2875; x_wconf 89' lang='lat' dir='ltr'><strong>Theotecnus</strong></span> <span class='ocrx_word' id='word_1_496' title='bbox 2626 2825 2773 2888; x_wconf 89' lang='lat' dir='ltr'><strong>erat,</strong></span> <span class='ocrx_word' id='word_1_497' title='bbox 2807 2822 2898 2877; x_wconf 90' lang='lat' dir='ltr'><strong>vir</strong></span> <span class='ocrx_word' id='word_1_498' title='bbox 2939 2821 3245 2894; x_wconf 88' lang='lat' dir='ltr'><strong>impostor,</strong></span> <span class='ocrx_word' id='word_1_499' title='bbox 3274 2830 3330 2883; x_wconf 92' lang='lat' dir='ltr'><strong>et</strong></span> <span class='ocrx_word' id='word_1_500' title='bbox 3366 2825 3528 2897; x_wconf 88' lang='lat' dir='ltr'><strong>inge-</strong></span> 
     </span>
    </p>
   </div>
   <div class='ocr_carea' id='block_1_70' title="bbox 1874 2904 3531 2986">
    <p class='ocr_par' dir='ltr' id='par_1_70' title="bbox 1874 2904 3531 2986">
     <span class='ocr_line' id='line_1_71' title="bbox 1874 2904 3531 2986; baseline 0.008 -27"><span class='ocrx_word' id='word_1_501' title='bbox 1874 2904 1975 2959; x_wconf 91' lang='lat' dir='ltr'><strong>nio</strong></span> <span class='ocrx_word' id='word_1_502' title='bbox 2001 2904 2497 2976; x_wconf 89' lang='lat' dir='ltr'><strong>depravatissimo</strong></span> <span class='ocrx_word' id='word_1_503' title='bbox 2527 2908 2836 2980; x_wconf 68' lang='lat' dir='ltr'><strong>prteditus,</strong></span> <span class='ocrx_word' id='word_1_504' title='bbox 2863 2911 3223 2986; x_wconf 91' lang='lat' dir='ltr'><strong>nomineque</strong></span> <span class='ocrx_word' id='word_1_505' title='bbox 3242 2929 3355 2969; x_wconf 84' lang='lat' dir='ltr'><strong>suo</strong></span> <span class='ocrx_word' id='word_1_506' title='bbox 3371 2913 3531 2973; x_wconf 81' lang='lat' dir='ltr'><strong>indi-</strong></span> 
     </span>
    </p>
   </div>
   <div class='ocr_carea' id='block_1_71' title="bbox 1877 2992 3530 3072">
    <p class='ocr_par' dir='ltr' id='par_1_71' title="bbox 1877 2992 3530 3072">
     <span class='ocr_line' id='line_1_72' title="bbox 1877 2992 3530 3072; baseline 0.004 -24"><span class='ocrx_word' id='word_1_507' title='bbox 1877 2992 2227 3063; x_wconf 87' lang='lat' dir='ltr'><strong>gnissimus,</strong></span> <span class='ocrx_word' id='word_1_508' title='bbox 2258 2995 2485 3066; x_wconf 87' lang='lat' dir='ltr'><strong>logistee</strong></span> <span class='ocrx_word' id='word_1_509' title='bbox 2518 2997 2641 3053; x_wconf 88' lang='lat' dir='ltr'><strong>sive</strong></span> <span class='ocrx_word' id='word_1_510' title='bbox 2671 3000 2962 3055; x_wconf 90' lang='lat' dir='ltr'><strong>curatoris</strong></span> <span class='ocrx_word' id='word_1_511' title='bbox 2989 3001 3070 3072; x_wconf 81' lang='grc'><strong>(1)</strong></span> <span class='ocrx_word' id='word_1_512' title='bbox 3126 3006 3183 3065; x_wconf 85' lang='lat' dir='ltr'><strong>et</strong></span> <span class='ocrx_word' id='word_1_513' title='bbox 3221 3002 3530 3061; x_wconf 87' lang='lat' dir='ltr'><strong>rationalis</strong></span> 
     </span>
    </p>
   </div>
   <div class='ocr_carea' id='block_1_72' title="bbox 1805 3083 3534 3171">
    <p class='ocr_par' dir='ltr' id='par_1_72' title="bbox 1805 3083 3534 3171">
     <span class='ocr_line' id='line_1_73' title="bbox 1805 3083 3534 3171; baseline 0.006 -36"><span class='ocrx_word' id='word_1_514' title='bbox 1805 3115 1846 3171; x_wconf 67' lang='grc' dir='ltr'>Ο</span> <span class='ocrx_word' id='word_1_515' title='bbox 1877 3098 2099 3137; x_wconf 92' lang='lat' dir='ltr'><strong>munus</strong></span> <span class='ocrx_word' id='word_1_516' title='bbox 2125 3098 2196 3140; x_wconf 89' lang='lat' dir='ltr'><strong>ea</strong></span> <span class='ocrx_word' id='word_1_517' title='bbox 2220 3083 2281 3139; x_wconf 91' lang='lat' dir='ltr'><strong>in</strong></span> <span class='ocrx_word' id='word_1_518' title='bbox 2334 3084 2579 3154; x_wconf 87' lang='lat' dir='ltr'><strong>regione</strong></span> <span class='ocrx_word' id='word_1_519' title='bbox 2618 3101 2850 3157; x_wconf 88' lang='lat' dir='ltr'><strong>gerens.</strong></span> <span class='ocrx_word' id='word_1_520' title='bbox 2884 3088 3064 3144; x_wconf 86' lang='lat' dir='ltr'><strong>Multa</strong></span> <span class='ocrx_word' id='word_1_521' title='bbox 3114 3093 3316 3149; x_wconf 88' lang='lat' dir='ltr'><strong>autem</strong></span> <span class='ocrx_word' id='word_1_522' title='bbox 3354 3091 3534 3155; x_wconf 85' lang='lat' dir='ltr'><strong>veluti</strong></span> 
     </span>
    </p>
   </div>
   <div class='ocr_carea' id='block_1_73' title="bbox 1877 3171 3535 3255">
    <p class='ocr_par' dir='ltr' id='par_1_73' title="bbox 1877 3171 3535 3255">
     <span class='ocr_line' id='line_1_74' title="bbox 1877 3171 3535 3255; baseline 0.006 -29"><span class='ocrx_word' id='word_1_523' title='bbox 1877 3171 2001 3227; x_wconf 82' lang='lat' dir='ltr'><strong>dux</strong></span> <span class='ocrx_word' id='word_1_524' title='bbox 2030 3171 2281 3243; x_wconf 90' lang='lat' dir='ltr'><strong>quidam</strong></span> <span class='ocrx_word' id='word_1_525' title='bbox 2309 3178 2518 3235; x_wconf 88' lang='lat' dir='ltr'><strong>contra</strong></span> <span class='ocrx_word' id='word_1_526' title='bbox 2554 3190 2668 3231; x_wconf 90' lang='lat' dir='ltr'><strong>nos</strong></span> <span class='ocrx_word' id='word_1_527' title='bbox 2717 3176 2977 3249; x_wconf 87' lang='lat' dir='ltr'><strong>molitus,</strong></span> <span class='ocrx_word' id='word_1_528' title='bbox 3005 3179 3535 3255; x_wconf 87' lang='lat' dir='ltr'><strong>sycophantiisque</strong></span> 
     </span>
    </p>
   </div>
   <div class='ocr_carea' id='block_1_74' title="bbox 1878 3260 3535 3341">
    <p class='ocr_par' dir='ltr' id='par_1_74' title="bbox 1878 3260 3535 3341">
     <span class='ocr_line' id='line_1_75' title="bbox 1878 3260 3535 3341; baseline 0.008 -27"><span class='ocrx_word' id='word_1_529' title='bbox 1878 3260 2205 3334; x_wconf 81' lang='lat' dir='ltr'><strong>plurlmum</strong></span> <span class='ocrx_word' id='word_1_530' title='bbox 2235 3278 2401 3329; x_wconf 91' lang='lat' dir='ltr'><strong>usus,</strong></span> <span class='ocrx_word' id='word_1_531' title='bbox 2432 3265 2495 3319; x_wconf 89' lang='lat' dir='ltr'><strong>1d</strong></span> <span class='ocrx_word' id='word_1_532' title='bbox 2525 3265 2718 3322; x_wconf 87' lang='lat' dir='ltr'><strong>studio</strong></span> <span class='ocrx_word' id='word_1_533' title='bbox 2747 3265 2979 3333; x_wconf 91' lang='lat' dir='ltr'><strong>habuit,</strong></span> <span class='ocrx_word' id='word_1_534' title='bbox 3007 3271 3070 3323; x_wconf 91' lang='lat' dir='ltr'><strong>ut</strong></span> <span class='ocrx_word' id='word_1_535' title='bbox 3096 3283 3210 3324; x_wconf 90' lang='lat' dir='ltr'><strong>nos</strong></span> <span class='ocrx_word' id='word_1_536' title='bbox 3242 3274 3535 3341; x_wconf 89' lang='lat' dir='ltr'><strong>tauquam</strong></span> 
     </span>
    </p>
   </div>
   <div class='ocr_carea' id='block_1_75' title="bbox 1877 3350 3535 3429">
    <p class='ocr_par' dir='ltr' id='par_1_75' title="bbox 1877 3350 3535 3429">
     <span class='ocr_line' id='line_1_76' title="bbox 1877 3350 3535 3429; baseline 0.004 -24"><span class='ocrx_word' id='word_1_537' title='bbox 1877 3350 2038 3405; x_wconf 88' lang='lat' dir='ltr'><strong>fures</strong></span> <span class='ocrx_word' id='word_1_538' title='bbox 2066 3353 2124 3405; x_wconf 93' lang='lat' dir='ltr'><strong>et</strong></span> <span class='ocrx_word' id='word_1_539' title='bbox 2153 3352 2471 3422; x_wconf 64' lang='lat' dir='ltr'><strong>praedones</strong></span> <span class='ocrx_word' id='word_1_540' title='bbox 2503 3352 2790 3425; x_wconf 88' lang='lat' dir='ltr'><strong>abigeret.</strong></span> <span class='ocrx_word' id='word_1_541' title='bbox 2820 3356 3193 3429; x_wconf 87' lang='lat' dir='ltr'><strong>Quapropter</strong></span> <span class='ocrx_word' id='word_1_542' title='bbox 3216 3372 3356 3413; x_wconf 91' lang='lat' dir='ltr'><strong>cum</strong></span> <span class='ocrx_word' id='word_1_543' title='bbox 3385 3357 3535 3413; x_wconf 90' lang='lat' dir='ltr'><strong>mul-</strong></span> 
     </span>
    </p>
   </div>
   <div class='ocr_carea' id='block_1_76' title="bbox 1880 3439 3534 3519">
    <p class='ocr_par' dir='ltr' id='par_1_76' title="bbox 1880 3439 3534 3519">
     <span class='ocr_line' id='line_1_77' title="bbox 1880 3439 3534 3519; baseline 0.005 -26"><span class='ocrx_word' id='word_1_544' title='bbox 1880 3439 1950 3493; x_wconf 89' lang='lat' dir='ltr'><strong>tis</strong></span> <span class='ocrx_word' id='word_1_545' title='bbox 2008 3442 2209 3494; x_wconf 88' lang='lat' dir='ltr'><strong>auctor</strong></span> <span class='ocrx_word' id='word_1_546' title='bbox 2239 3444 2295 3495; x_wconf 88' lang='lat' dir='ltr'><strong>et</strong></span> <span class='ocrx_word' id='word_1_547' title='bbox 2321 3440 2589 3497; x_wconf 88' lang='lat' dir='ltr'><strong>minister</strong></span> <span class='ocrx_word' id='word_1_548' title='bbox 2631 3442 2812 3499; x_wconf 67' lang='lat' dir='ltr'><strong>caedis</strong></span> <span class='ocrx_word' id='word_1_549' title='bbox 2841 3443 3069 3510; x_wconf 86' lang='lat' dir='ltr'><strong>fuisset,</strong></span> <span class='ocrx_word' id='word_1_550' title='bbox 3120 3451 3421 3519; x_wconf 90' lang='lat' dir='ltr'><strong>postremo</strong></span> <span class='ocrx_word' id='word_1_551' title='bbox 3460 3446 3534 3501; x_wconf 87' lang='lat' dir='ltr'><strong>si-</strong></span> 
     </span>
    </p>
   </div>
   <div class='ocr_carea' id='block_1_77' title="bbox 1879 3527 3537 3606">
    <p class='ocr_par' dir='ltr' id='par_1_77' title="bbox 1879 3527 3537 3606">
     <span class='ocr_line' id='line_1_78' title="bbox 1879 3527 3537 3606; baseline 0.003 -21"><span class='ocrx_word' id='word_1_552' title='bbox 1879 3527 2212 3585; x_wconf 88' lang='lat' dir='ltr'><strong>mulacrum</strong></span> <span class='ocrx_word' id='word_1_553' title='bbox 2226 3529 2528 3600; x_wconf 89' lang='lat' dir='ltr'><strong>quoddam</strong></span> <span class='ocrx_word' id='word_1_554' title='bbox 2538 3532 2564 3585; x_wconf 85' lang='lat' dir='ltr'>J</span> <span class='ocrx_word' id='word_1_555' title='bbox 2569 3531 2698 3586; x_wconf 89' lang='lat' dir='ltr'><strong>ovis</strong></span> <span class='ocrx_word' id='word_1_556' title='bbox 2712 3534 2817 3606; x_wconf 89' lang='lat' dir='ltr'><strong>qui</strong></span> <span class='ocrx_word' id='word_1_557' title='bbox 2830 3532 3094 3591; x_wconf 90' lang='lat' dir='ltr'><strong>amicitiis</strong></span> <span class='ocrx_word' id='word_1_558' title='bbox 3112 3534 3537 3593; x_wconf 84' lang='lat' dir='ltr'><strong>contrahendis</strong></span> 
     </span>
    </p>
   </div>
   <div class='ocr_carea' id='block_1_78' title="bbox 1879 3617 3538 3694">
    <p class='ocr_par' dir='ltr' id='par_1_78' title="bbox 1879 3617 3538 3694">
     <span class='ocr_line' id='line_1_79' title="bbox 1879 3617 3538 3694; baseline 0.007 -25"><span class='ocrx_word' id='word_1_559' title='bbox 1879 3621 2117 3688; x_wconf 82' lang='lat' dir='ltr'><strong>praeest,</strong></span> <span class='ocrx_word' id='word_1_560' title='bbox 2142 3617 2619 3674; x_wconf 90' lang='lat' dir='ltr'><strong>incantationum</strong></span> <span class='ocrx_word' id='word_1_561' title='bbox 2658 3625 2714 3676; x_wconf 92' lang='lat' dir='ltr'><strong>et</strong></span> <span class='ocrx_word' id='word_1_562' title='bbox 2741 3620 3213 3694; x_wconf 90' lang='lat' dir='ltr'><strong>imposturarum</strong></span> <span class='ocrx_word' id='word_1_563' title='bbox 3237 3639 3380 3694; x_wconf 89' lang='lat' dir='ltr'><strong>ergo</strong></span> <span class='ocrx_word' id='word_1_564' title='bbox 3415 3639 3538 3680; x_wconf 86' lang='lat' dir='ltr'><strong>ere-</strong></span> 
     </span>
    </p>
   </div>
   <div class='ocr_carea' id='block_1_79' title="bbox 1879 3705 3539 3783">
    <p class='ocr_par' dir='ltr' id='par_1_79' title="bbox 1879 3705 3539 3783">
     <span class='ocr_line' id='line_1_80' title="bbox 1879 3705 3539 3783; baseline 0.005 -23"><span class='ocrx_word' id='word_1_565' title='bbox 1879 3706 1986 3770; x_wconf 90' lang='lat' dir='ltr'><strong>xit,</strong></span> <span class='ocrx_word' id='word_1_566' title='bbox 2009 3711 2065 3760; x_wconf 90' lang='lat' dir='ltr'><strong>et</strong></span> <span class='ocrx_word' id='word_1_567' title='bbox 2088 3705 2401 3771; x_wconf 87' lang='lat' dir='ltr'><strong>sacriﬁcia,</strong></span> <span class='ocrx_word' id='word_1_568' title='bbox 2432 3706 2795 3764; x_wconf 88' lang='lat' dir='ltr'><strong>initiationes</strong></span> <span class='ocrx_word' id='word_1_569' title='bbox 2825 3709 3063 3783; x_wconf 88' lang='lat' dir='ltr'><strong>aliaque</strong></span> <span class='ocrx_word' id='word_1_570' title='bbox 3084 3710 3458 3778; x_wconf 87' lang='lat' dir='ltr'><strong>detestanda,</strong></span> <span class='ocrx_word' id='word_1_571' title='bbox 3482 3716 3539 3769; x_wconf 88' lang='lat' dir='ltr'><strong>et</strong></span> 
     </span>
    </p>
   </div>
   <div class='ocr_carea' id='block_1_80' title="bbox 1884 3793 3536 3871">
    <p class='ocr_par' dir='ltr' id='par_1_80' title="bbox 1884 3793 3536 3871">
     <span class='ocr_line' id='line_1_81' title="bbox 1884 3793 3536 3871; baseline 0.005 -23"><span class='ocrx_word' id='word_1_572' title='bbox 1884 3794 2152 3866; x_wconf 87' lang='lat' dir='ltr'><strong>impuras</strong></span> <span class='ocrx_word' id='word_1_573' title='bbox 2191 3793 2530 3867; x_wconf 90' lang='lat' dir='ltr'><strong>impiasque</strong></span> <span class='ocrx_word' id='word_1_574' title='bbox 2577 3796 2949 3869; x_wconf 82' lang='lat' dir='ltr'><strong>expiationes</strong></span> <span class='ocrx_word' id='word_1_575' title='bbox 2997 3804 3054 3855; x_wconf 89' lang='lat' dir='ltr'><strong>et</strong></span> <span class='ocrx_word' id='word_1_576' title='bbox 3087 3800 3536 3871; x_wconf 84' lang='lat' dir='ltr'><strong>purificationes</strong></span> 
     </span>
    </p>
   </div>
   <div class='ocr_carea' id='block_1_81' title="bbox 1881 3882 3541 3960">
    <p class='ocr_par' dir='ltr' id='par_1_81' title="bbox 1881 3882 3541 3960">
     <span class='ocr_line' id='line_1_82' title="bbox 1881 3882 3541 3960; baseline 0.005 -22"><span class='ocrx_word' id='word_1_577' title='bbox 1881 3882 2151 3938; x_wconf 83' lang='lat' dir='ltr'><strong>instituit.</strong></span> <span class='ocrx_word' id='word_1_578' title='bbox 2193 3883 2334 3947; x_wconf 84' lang='lat' dir='ltr'><strong>Quae</strong></span> <span class='ocrx_word' id='word_1_579' title='bbox 2362 3898 2458 3939; x_wconf 90' lang='lat' dir='ltr'><strong>res</strong></span> <span class='ocrx_word' id='word_1_580' title='bbox 2485 3900 2609 3940; x_wconf 91' lang='lat' dir='ltr'><strong>una</strong></span> <span class='ocrx_word' id='word_1_581' title='bbox 2645 3901 2775 3941; x_wconf 91' lang='lat' dir='ltr'><strong>cum</strong></span> <span class='ocrx_word' id='word_1_582' title='bbox 2798 3887 2930 3958; x_wconf 89' lang='lat' dir='ltr'><strong>ejus</strong></span> <span class='ocrx_word' id='word_1_583' title='bbox 2955 3887 3101 3943; x_wconf 91' lang='lat' dir='ltr'><strong>idoli</strong></span> <span class='ocrx_word' id='word_1_584' title='bbox 3128 3891 3431 3960; x_wconf 86' lang='lat' dir='ltr'><strong>responsis</strong></span> <span class='ocrx_word' id='word_1_585' title='bbox 3459 3890 3541 3947; x_wconf 88' lang='lat' dir='ltr'><strong>ad</strong></span> 
     </span>
    </p>
   </div>
   <div class='ocr_carea' id='block_1_82' title="bbox 1883 3971 3538 4052">
    <p class='ocr_par' dir='ltr' id='par_1_82' title="bbox 1883 3971 3538 4052">
     <span class='ocr_line' id='line_1_83' title="bbox 1883 3971 3538 4052; baseline 0.007 -26"><span class='ocrx_word' id='word_1_586' title='bbox 1883 3971 2217 4043; x_wconf 85' lang='lat' dir='ltr'><strong>principem</strong></span> <span class='ocrx_word' id='word_1_587' title='bbox 2230 3973 2409 4033; x_wconf 87' lang='lat' dir='ltr'><strong>etiam</strong></span> <span class='ocrx_word' id='word_1_588' title='bbox 2433 3974 2634 4046; x_wconf 86' lang='lat' dir='ltr'><strong>ipsum</strong></span> <span class='ocrx_word' id='word_1_589' title='bbox 2651 3976 2935 4047; x_wconf 86' lang='lat' dir='ltr'><strong>pervenit.</strong></span> <span class='ocrx_word' id='word_1_590' title='bbox 2961 3978 3328 4039; x_wconf 81' lang='lat' dir='ltr'><strong>Theotecnus</strong></span> <span class='ocrx_word' id='word_1_591' title='bbox 3356 3995 3538 4052; x_wconf 90' lang='lat' dir='ltr'><strong>porro</strong></span> 
     </span>
    </p>
   </div>
   <div class='ocr_carea' id='block_1_83' title="bbox 1887 4060 3541 4138">
    <p class='ocr_par' dir='ltr' id='par_1_83' title="bbox 1887 4060 3541 4138">
     <span class='ocr_line' id='line_1_84' title="bbox 1887 4060 3541 4138; baseline 0.007 -19"><span class='ocrx_word' id='word_1_592' title='bbox 1887 4077 1992 4134; x_wconf 86' lang='lat' dir='ltr'><strong>per</strong></span> <span class='ocrx_word' id='word_1_593' title='bbox 2047 4060 2403 4123; x_wconf 85' lang='lat' dir='ltr'><strong>illiberalem</strong></span> <span class='ocrx_word' id='word_1_594' title='bbox 2456 4063 2804 4138; x_wconf 72' lang='lat' dir='ltr'><strong>fcedamque</strong></span> <span class='ocrx_word' id='word_1_595' title='bbox 2844 4067 3317 4133; x_wconf 83' lang='lat' dir='ltr'><strong>assentationem</strong></span> <span class='ocrx_word' id='word_1_596' title='bbox 3358 4069 3541 4131; x_wconf 79' lang='lat' dir='ltr'><strong>veluti</strong></span> 
     </span>
    </p>
   </div>
   <div class='ocr_carea' id='block_1_84' title="bbox 1889 4150 3541 4229">
    <p class='ocr_par' dir='ltr' id='par_1_84' title="bbox 1889 4150 3541 4229">
     <span class='ocr_line' id='line_1_85' title="bbox 1889 4150 3541 4229; baseline 0.007 -24"><span class='ocrx_word' id='word_1_597' title='bbox 1889 4150 2325 4223; x_wconf 85' lang='lat' dir='ltr'><strong>speculatorem</strong></span> <span class='ocrx_word' id='word_1_598' title='bbox 2337 4152 2713 4224; x_wconf 86' lang='lat' dir='ltr'><strong>imperatoris</strong></span> <span class='ocrx_word' id='word_1_599' title='bbox 2733 4156 3092 4215; x_wconf 82' lang='lat' dir='ltr'><strong>constituere</strong></span> <span class='ocrx_word' id='word_1_600' title='bbox 3111 4157 3343 4229; x_wconf 89' lang='lat' dir='ltr'><strong>volens,</strong></span> <span class='ocrx_word' id='word_1_601' title='bbox 3358 4159 3541 4215; x_wconf 90' lang='lat' dir='ltr'><strong>simu-</strong></span> 
     </span>
    </p>
   </div>
   <div class='ocr_carea' id='block_1_85' title="bbox 1885 4240 3539 4313">
    <p class='ocr_par' dir='ltr' id='par_1_85' title="bbox 1885 4240 3539 4313">
     <span class='ocr_line' id='line_1_86' title="bbox 1885 4240 3539 4313; baseline 0.004 -19"><span class='ocrx_word' id='word_1_602' title='bbox 1885 4240 2114 4298; x_wconf 90' lang='lat' dir='ltr'><strong>lacrum</strong></span> <span class='ocrx_word' id='word_1_603' title='bbox 2174 4241 2375 4313; x_wconf 87' lang='lat' dir='ltr'><strong>ipsum</strong></span> <span class='ocrx_word' id='word_1_604' title='bbox 2424 4241 2713 4301; x_wconf 87' lang='lat' dir='ltr'><strong>adversus</strong></span> <span class='ocrx_word' id='word_1_605' title='bbox 2768 4243 3137 4303; x_wconf 86' lang='lat' dir='ltr'><strong>Christianos</strong></span> <span class='ocrx_word' id='word_1_606' title='bbox 3197 4247 3539 4307; x_wconf 87' lang='lat' dir='ltr'><strong>concitavit.</strong></span> 
     </span>
    </p>
   </div>
   <div class='ocr_carea' id='block_1_86' title="bbox 1890 4328 3541 4408">
    <p class='ocr_par' dir='ltr' id='par_1_86' title="bbox 1890 4328 3541 4408">
     <span class='ocr_line' id='line_1_87' title="bbox 1890 4328 3541 4408; baseline 0.006 -24"><span class='ocrx_word' id='word_1_607' title='bbox 1890 4328 2039 4385; x_wconf 84' lang='lat' dir='ltr'><strong>Dixit</strong></span> <span class='ocrx_word' id='word_1_608' title='bbox 2059 4330 2240 4397; x_wconf 88' lang='lat' dir='ltr'><strong>enim,</strong></span> <span class='ocrx_word' id='word_1_609' title='bbox 2264 4345 2405 4389; x_wconf 88' lang='lat' dir='ltr'><strong>eum</strong></span> <span class='ocrx_word' id='word_1_610' title='bbox 2436 4333 2622 4387; x_wconf 89' lang='lat' dir='ltr'><strong>Deum</strong></span> <span class='ocrx_word' id='word_1_611' title='bbox 2640 4333 2880 4401; x_wconf 86' lang='lat' dir='ltr'><strong>iratum,</strong></span> <span class='ocrx_word' id='word_1_612' title='bbox 2902 4334 3266 4408; x_wconf 84' lang='lat' dir='ltr'><strong>Christianos</strong></span> <span class='ocrx_word' id='word_1_613' title='bbox 3292 4337 3541 4408; x_wconf 90' lang='lat' dir='ltr'><strong>perinde</strong></span> 
     </span>
    </p>
   </div>
   <div class='ocr_carea' id='block_1_87' title="bbox 182 4417 1767 4513">
    <p class='ocr_par' dir='ltr' id='par_1_87' title="bbox 182 4417 1767 4499">
     <span class='ocr_line' id='line_1_88' title="bbox 182 4417 1767 4499; baseline -0.004 -20"><span class='ocrx_word' id='word_1_614' title='bbox 182 4431 326 4488; x_wconf 84' lang='grc' dir='ltr'>κὸοις</span> <span class='ocrx_word' id='word_1_615' title='bbox 375 4423 700 4499; x_wconf 77' lang='grc' dir='ltr'>διήγγελλον.</span> <span class='ocrx_word' id='word_1_616' title='bbox 752 4422 833 4477; x_wconf 89' lang='grc' dir='ltr'>Ἐν</span> <span class='ocrx_word' id='word_1_617' title='bbox 881 4425 940 4474; x_wconf 77' lang='grc' dir='ltr'>οὐ</span> <span class='ocrx_word' id='word_1_618' title='bbox 993 4420 1161 4495; x_wconf 79' lang='grc' dir='ltr'>πολλῷ</span> <span class='ocrx_word' id='word_1_619' title='bbox 1221 4417 1280 4472; x_wconf 67' lang='grc' dir='ltr'><strong>δὲ</strong></span> <span class='ocrx_word' id='word_1_620' title='bbox 1317 4425 1406 4473; x_wconf 84' lang='grc' dir='ltr'>καὶ</span> <span class='ocrx_word' id='word_1_621' title='bbox 1454 4419 1611 4471; x_wconf 74' lang='grc' dir='ltr'>αὑτοῦ</span> <span class='ocrx_word' id='word_1_622' title='bbox 1658 4439 1767 4477; x_wconf 68' lang='grc' dir='ltr'>συν-</span> 
     </span>
    </p>
   </div>
   <div class='ocr_carea' id='block_1_88' title="bbox 1877 4417 3540 4513">
    <p class='ocr_par' dir='ltr' id='par_1_88' title="bbox 1888 4421 3540 4493">
     <span class='ocr_line' id='line_1_89' title="bbox 1888 4421 3540 4493; baseline 0.005 -20"><span class='ocrx_word' id='word_1_623' title='bbox 1888 4424 2068 4487; x_wconf 89' lang='lat' dir='ltr'><strong>atque</strong></span> <span class='ocrx_word' id='word_1_624' title='bbox 2095 4424 2414 4493; x_wconf 84' lang='lat' dir='ltr'><strong>perpetuos</strong></span> <span class='ocrx_word' id='word_1_625' title='bbox 2443 4424 2501 4475; x_wconf 92' lang='lat' dir='ltr'><strong>et</strong></span> <span class='ocrx_word' id='word_1_626' title='bbox 2520 4421 3044 4479; x_wconf 88' lang='lat' dir='ltr'><strong>irreconciliahiles</strong></span> <span class='ocrx_word' id='word_1_627' title='bbox 3071 4424 3272 4481; x_wconf 89' lang='lat' dir='ltr'><strong>hostes</strong></span> <span class='ocrx_word' id='word_1_628' title='bbox 3288 4442 3360 4481; x_wconf 89' lang='lat' dir='ltr'><strong>ex</strong></span> <span class='ocrx_word' id='word_1_629' title='bbox 3391 4426 3540 4482; x_wconf 90' lang='lat' dir='ltr'><strong>urbe</strong></span> 
     </span>
    </p>
   </div>
   <div class='ocr_carea' id='block_1_89' title="bbox 184 4504 1779 4586">
    <p class='ocr_par' dir='ltr' id='par_1_89' title="bbox 184 4504 1779 4586">
     <span class='ocr_line' id='line_1_90' title="bbox 184 4504 1779 4586; baseline -0.005 -19"><span class='ocrx_word' id='word_1_630' title='bbox 184 4514 637 4586; x_wconf 78' lang='grc' dir='ltr'>επιψηφισαμένου</span> <span class='ocrx_word' id='word_1_631' title='bbox 700 4519 792 4568; x_wconf 74' lang='grc' dir='ltr'>τοῦ</span> <span class='ocrx_word' id='word_1_632' title='bbox 866 4511 1137 4584; x_wconf 75' lang='grc' dir='ltr'>τυράννου,</span> <span class='ocrx_word' id='word_1_633' title='bbox 1180 4504 1326 4571; x_wconf 75' lang='grc' dir='ltr'>αὖθις</span> <span class='ocrx_word' id='word_1_634' title='bbox 1379 4510 1404 4560; x_wconf 86' lang='grc' dir='ltr'>ὁ</span> <span class='ocrx_word' id='word_1_635' title='bbox 1461 4508 1577 4561; x_wconf 77' lang='grc' dir='ltr'>καθ’</span> <span class='ocrx_word' id='word_1_636' title='bbox 1632 4510 1779 4579; x_wconf 79' lang='grc' dir='ltr'>ἡμῶν</span> 
     </span>
    </p>
   </div>
   <div class='ocr_carea' id='block_1_90' title="bbox 185 4588 1776 4677">
    <p class='ocr_par' dir='ltr' id='par_1_90' title="bbox 185 4588 1776 4677">
     <span class='ocr_line' id='line_1_91' title="bbox 185 4588 1776 4677; baseline -0.003 -22"><span class='ocrx_word' id='word_1_637' title='bbox 185 4588 542 4677; x_wconf 76' lang='grc' dir='ltr'>ἀνερριπίζετο</span> <span class='ocrx_word' id='word_1_638' title='bbox 602 4597 856 4672; x_wconf 78' lang='grc' dir='ltr'>διωγμὸς.</span> <span class='ocrx_word' id='word_1_639' title='bbox 920 4604 1020 4657; x_wconf 83' lang='grc' dir='ltr'><strong>Καὶ</strong></span> <span class='ocrx_word' id='word_1_640' title='bbox 1078 4601 1222 4672; x_wconf 80' lang='grc' dir='ltr'>ἱερεῖς</span> <span class='ocrx_word' id='word_1_641' title='bbox 1274 4601 1364 4670; x_wconf 76' lang='grc' dir='ltr'><strong>μεν</strong></span> <span class='ocrx_word' id='word_1_642' title='bbox 1412 4599 1547 4649; x_wconf 88' lang='grc' dir='ltr'><strong>κατά</strong></span> <span class='ocrx_word' id='word_1_643' title='bbox 1584 4597 1776 4665; x_wconf 84' lang='grc' dir='ltr'>πόλεις,</span> 
     </span>
    </p>
   </div>
   <div class='ocr_carea' id='block_1_91' title="bbox 184 4685 1780 4761">
    <p class='ocr_par' dir='ltr' id='par_1_91' title="bbox 184 4685 1780 4761">
     <span class='ocr_line' id='line_1_92' title="bbox 184 4685 1780 4761; baseline -0.004 -17"><span class='ocrx_word' id='word_1_644' title='bbox 184 4692 233 4744; x_wconf 78' lang='grc' dir='ltr'>οἱ</span> <span class='ocrx_word' id='word_1_645' title='bbox 269 4700 368 4747; x_wconf 87' lang='grc' dir='ltr'><strong>τῶν</strong></span> <span class='ocrx_word' id='word_1_646' title='bbox 421 4690 701 4761; x_wconf 85' lang='grc' dir='ltr'>ἀνθρώπων</span> <span class='ocrx_word' id='word_1_647' title='bbox 748 4686 882 4746; x_wconf 75' lang='grc' dir='ltr'>ἦσαν</span> <span class='ocrx_word' id='word_1_648' title='bbox 934 4685 1215 4760; x_wconf 76' lang='grc' dir='ltr'>διάσημοι,</span> <span class='ocrx_word' id='word_1_649' title='bbox 1270 4685 1530 4761; x_wconf 77' lang='grc' dir='ltr'>ἀρχιερεῖς</span> <span class='ocrx_word' id='word_1_650' title='bbox 1569 4706 1621 4741; x_wconf 89' lang='grc' dir='ltr'><strong>τε</strong></span> <span class='ocrx_word' id='word_1_651' title='bbox 1656 4690 1780 4760; x_wconf 88' lang='grc' dir='ltr'>πρὸς</span> 
     </span>
    </p>
   </div>
   <div class='ocr_carea' id='block_1_92' title="bbox 184 4773 1776 4852">
    <p class='ocr_par' dir='ltr' id='par_1_92' title="bbox 184 4773 1776 4852">
     <span class='ocr_line' id='line_1_93' title="bbox 184 4773 1776 4852; baseline -0.006 -19"><span class='ocrx_word' id='word_1_652' title='bbox 184 4783 408 4845; x_wconf 85' lang='grc' dir='ltr'>τούτοις,</span> <span class='ocrx_word' id='word_1_653' title='bbox 460 4780 510 4831; x_wconf 86' lang='grc' dir='ltr'>οἶ</span> <span class='ocrx_word' id='word_1_654' title='bbox 558 4775 718 4840; x_wconf 74' lang='grc' dir='ltr'>δόξης</span> <span class='ocrx_word' id='word_1_655' title='bbox 761 4781 1003 4852; x_wconf 86' lang='grc' dir='ltr'>πρότερον</span> <span class='ocrx_word' id='word_1_656' title='bbox 1044 4796 1169 4835; x_wconf 85' lang='grc' dir='ltr'>ηκον</span> <span class='ocrx_word' id='word_1_657' title='bbox 1230 4774 1296 4835; x_wconf 84' lang='grc' dir='ltr'>εἰς</span> <span class='ocrx_word' id='word_1_658' title='bbox 1326 4778 1384 4827; x_wconf 87' lang='grc' dir='ltr'>τὸ</span> <span class='ocrx_word' id='word_1_659' title='bbox 1438 4773 1720 4850; x_wconf 82' lang='grc' dir='ltr'>ἀκρότατον</span> <span class='ocrx_word' id='word_1_660' title='bbox 1762 4794 1776 4808; x_wconf 80' lang='lat'><strong><em>-</em></strong></span> 
     </span>
    </p>
   </div>
   <div class='ocr_carea' id='block_1_93' title="bbox 152 4854 1780 4938">
    <p class='ocr_par' dir='ltr' id='par_1_93' title="bbox 152 4854 1780 4938">
     <span class='ocr_line' id='line_1_94' title="bbox 152 4854 1780 4938; baseline -0.005 -14"><span class='ocrx_word' id='word_1_661' title='bbox 152 4854 266 4934; x_wconf 54' lang='grc' dir='ltr'>ὀἷς</span> <span class='ocrx_word' id='word_1_662' title='bbox 302 4867 370 4928; x_wconf 79' lang='grc' dir='ltr'><strong>δὴ</strong></span> <span class='ocrx_word' id='word_1_663' title='bbox 423 4874 514 4921; x_wconf 84' lang='grc' dir='ltr'>καὶ</span> <span class='ocrx_word' id='word_1_664' title='bbox 562 4868 719 4926; x_wconf 80' lang='grc' dir='ltr'>πολλή</span> <span class='ocrx_word' id='word_1_665' title='bbox 776 4886 852 4929; x_wconf 89' lang='grc' dir='ltr'><strong>τις</strong></span> <span class='ocrx_word' id='word_1_666' title='bbox 912 4863 973 4924; x_wconf 76' lang='grc' dir='ltr'><strong>ἧν</strong></span> <span class='ocrx_word' id='word_1_667' title='bbox 1022 4868 1053 4925; x_wconf 83' lang='grc' dir='ltr'>ἡ</span> <span class='ocrx_word' id='word_1_668' title='bbox 1112 4862 1320 4923; x_wconf 77' lang='grc' dir='ltr'>σπουδὴ</span> <span class='ocrx_word' id='word_1_669' title='bbox 1366 4869 1484 4938; x_wconf 81' lang='grc' dir='ltr'>περὶ</span> <span class='ocrx_word' id='word_1_670' title='bbox 1532 4868 1624 4927; x_wconf 75' lang='grc' dir='ltr'>τὴν</span> <span class='ocrx_word' id='word_1_671' title='bbox 1658 4866 1780 4937; x_wconf 83' lang='grc' dir='ltr'>θρη-</span> 
     </span>
    </p>
   </div>
   <div class='ocr_carea' id='block_1_94' title="bbox 187 4951 1782 5029">
    <p class='ocr_par' dir='ltr' id='par_1_94' title="bbox 187 4951 1782 5029">
     <span class='ocr_line' id='line_1_95' title="bbox 187 4951 1782 5029; baseline -0.006 -17"><span class='ocrx_word' id='word_1_672' title='bbox 187 4963 385 5015; x_wconf 82' lang='grc' dir='ltr'>σκείαν.</span> <span class='ocrx_word' id='word_1_673' title='bbox 438 4961 539 5015; x_wconf 81' lang='grc' dir='ltr'><strong>Καὶ</strong></span> <span class='ocrx_word' id='word_1_674' title='bbox 593 4961 764 5008; x_wconf 86' lang='grc' dir='ltr'>τοίνυν</span> <span class='ocrx_word' id='word_1_675' title='bbox 813 4957 842 5014; x_wconf 84' lang='grc' dir='ltr'><em>ὴ</em></span> <span class='ocrx_word' id='word_1_676' title='bbox 878 4953 926 5017; x_wconf 84' lang='grc' dir='ltr'>ἐς</span> <span class='ocrx_word' id='word_1_677' title='bbox 982 4955 1139 5029; x_wconf 77' lang='grc' dir='ltr'>ἄκρον</span> <span class='ocrx_word' id='word_1_678' title='bbox 1178 4960 1270 5006; x_wconf 79' lang='grc' dir='ltr'>τοῦ</span> <span class='ocrx_word' id='word_1_679' title='bbox 1324 4954 1578 5025; x_wconf 75' lang='grc' dir='ltr'>ἄρχοντος</span> <span class='ocrx_word' id='word_1_680' title='bbox 1616 4951 1782 5004; x_wconf 75' lang='grc' dir='ltr'>δεισι-</span> 
     </span>
    </p>
   </div>
   <div class='ocr_carea' id='block_1_95' title="bbox 190 5038 1780 5121">
    <p class='ocr_par' dir='ltr' id='par_1_95' title="bbox 190 5038 1780 5121">
     <span class='ocr_line' id='line_1_96' title="bbox 190 5038 1780 5121; baseline -0.006 -20"><span class='ocrx_word' id='word_1_681' title='bbox 190 5045 443 5121; x_wconf 80' lang='grc' dir='ltr'>δαιμονία</span> <span class='ocrx_word' id='word_1_682' title='bbox 495 5049 617 5109; x_wconf 78' lang='grc' dir='ltr'>τοὺς</span> <span class='ocrx_word' id='word_1_683' title='bbox 661 5043 745 5096; x_wconf 79' lang='grc' dir='ltr'><strong>ὑπ’</strong></span> <span class='ocrx_word' id='word_1_684' title='bbox 793 5045 948 5097; x_wconf 80' lang='grc' dir='ltr'>αὑτὸν</span> <span class='ocrx_word' id='word_1_685' title='bbox 986 5044 1236 5111; x_wconf 78' lang='grc' dir='ltr'>ἅπαντας,</span> <span class='ocrx_word' id='word_1_686' title='bbox 1293 5043 1381 5095; x_wconf 82' lang='grc' dir='ltr'><strong>άτε</strong></span> <span class='ocrx_word' id='word_1_687' title='bbox 1432 5038 1552 5099; x_wconf 78' lang='grc' dir='ltr'><strong>δῆτ’</strong></span> <span class='ocrx_word' id='word_1_688' title='bbox 1609 5040 1780 5113; x_wconf 84' lang='grc' dir='ltr'>ἐκείνῳ</span> 
     </span>
    </p>
   </div>
   <div class='ocr_carea' id='block_1_96' title="bbox 190 5128 1783 5211">
    <p class='ocr_par' dir='ltr' id='par_1_96' title="bbox 190 5128 1783 5211">
     <span class='ocr_line' id='line_1_97' title="bbox 190 5128 1783 5211; baseline -0.004 -20"><span class='ocrx_word' id='word_1_689' title='bbox 190 5138 424 5199; x_wconf 65' lang='grc' dir='ltr'>θελοντας</span> <span class='ocrx_word' id='word_1_690' title='bbox 465 5138 626 5208; x_wconf 86' lang='grc' dir='ltr'>χάριν</span> <span class='ocrx_word' id='word_1_691' title='bbox 658 5135 925 5211; x_wconf 65' lang='grc' dir='ltr'>ἀφοσιόῡν,</span> <span class='ocrx_word' id='word_1_692' title='bbox 975 5133 1091 5199; x_wconf 77' lang='grc' dir='ltr'>καθ’</span> <span class='ocrx_word' id='word_1_693' title='bbox 1140 5135 1283 5207; x_wconf 76' lang='grc' dir='ltr'>ἡμῶν</span> <span class='ocrx_word' id='word_1_694' title='bbox 1330 5134 1484 5187; x_wconf 79' lang='grc' dir='ltr'>ἐκίνει</span> <span class='ocrx_word' id='word_1_695' title='bbox 1535 5134 1601 5184; x_wconf 82' lang='grc' dir='ltr'>τὰ</span> <span class='ocrx_word' id='word_1_696' title='bbox 1644 5128 1783 5205; x_wconf 62' lang='grc' dir='ltr'>μηδὲ</span> 
     </span>
    </p>
   </div>
   <div class='ocr_carea' id='block_1_97' title="bbox 187 5220 1785 5300">
    <p class='ocr_par' dir='ltr' id='par_1_97' title="bbox 187 5220 1785 5300">
     <span class='ocr_line' id='line_1_98' title="bbox 187 5220 1785 5300; baseline -0.004 -21"><span class='ocrx_word' id='word_1_697' title='bbox 187 5226 327 5300; x_wconf 81' lang='grc' dir='ltr'>λόγῳ</span> <span class='ocrx_word' id='word_1_698' title='bbox 379 5227 621 5299; x_wconf 87' lang='grc' dir='ltr'>πράττειν</span> <span class='ocrx_word' id='word_1_699' title='bbox 673 5225 828 5298; x_wconf 78' lang='grc' dir='ltr'>ῥητὰ,</span> <span class='ocrx_word' id='word_1_700' title='bbox 882 5228 1139 5295; x_wconf 86' lang='grc' dir='ltr'>μεγίστων</span> <span class='ocrx_word' id='word_1_701' title='bbox 1188 5222 1406 5294; x_wconf 81' lang='grc' dir='ltr'>οἰόμενοι</span> <span class='ocrx_word' id='word_1_702' title='bbox 1463 5220 1585 5293; x_wconf 79' lang='grc' dir='ltr'>παρ’</span> <span class='ocrx_word' id='word_1_703' title='bbox 1652 5223 1785 5277; x_wconf 80' lang='grc' dir='ltr'>ἐκεί-</span> 
     </span>
    </p>
   </div>
   <div class='ocr_carea' id='block_1_98' title="bbox 186 5310 1783 5388">
    <p class='ocr_par' dir='ltr' id='par_1_98' title="bbox 186 5310 1783 5388">
     <span class='ocr_line' id='line_1_99' title="bbox 186 5310 1783 5388; baseline -0.005 -20"><span class='ocrx_word' id='word_1_704' title='bbox 186 5335 277 5368; x_wconf 89' lang='grc' dir='ltr'><strong>νου</strong></span> <span class='ocrx_word' id='word_1_705' title='bbox 350 5316 767 5387; x_wconf 87' lang='grc' dir='ltr'>κατατυγχάνειν</span> <span class='ocrx_word' id='word_1_706' title='bbox 842 5321 1117 5388; x_wconf 85' lang='grc' dir='ltr'>χρηστῶν,</span> <span class='ocrx_word' id='word_1_707' title='bbox 1195 5313 1238 5367; x_wconf 85' lang='grc' dir='ltr'>εἷ</span> <span class='ocrx_word' id='word_1_708' title='bbox 1314 5329 1374 5382; x_wconf 83' lang='grc' dir='ltr'><strong>γε</strong></span> <span class='ocrx_word' id='word_1_709' title='bbox 1455 5310 1571 5362; x_wconf 81' lang='grc' dir='ltr'>καθ’</span> <span class='ocrx_word' id='word_1_710' title='bbox 1638 5310 1783 5382; x_wconf 81' lang='grc' dir='ltr'>ἡμῶν</span> 
     </span>
    </p>
   </div>
   <div class='ocr_carea' id='block_1_99' title="bbox 184 5400 1783 5479">
    <p class='ocr_par' dir='ltr' id='par_1_99' title="bbox 184 5400 1783 5479">
     <span class='ocr_line' id='line_1_100' title="bbox 184 5400 1783 5479; baseline -0.005 -20"><span class='ocrx_word' id='word_1_711' title='bbox 184 5407 497 5477; x_wconf 83' lang='grc' dir='ltr'>καινοτέρων</span> <span class='ocrx_word' id='word_1_712' title='bbox 550 5404 867 5461; x_wconf 80' lang='grc' dir='ltr'>κακοηθειῶν</span> <span class='ocrx_word' id='word_1_713' title='bbox 926 5400 1187 5479; x_wconf 71' lang='grc' dir='ltr'>ἐφευρεταὶ</span> <span class='ocrx_word' id='word_1_714' title='bbox 1241 5403 1331 5455; x_wconf 85' lang='grc' dir='ltr'>καὶ</span> <span class='ocrx_word' id='word_1_715' title='bbox 1399 5403 1650 5472; x_wconf 76' lang='grc' dir='ltr'>πορισταὶ</span> <span class='ocrx_word' id='word_1_716' title='bbox 1700 5402 1783 5470; x_wconf 79' lang='grc' dir='ltr'>γέ-</span> 
     </span>
    </p>
   </div>
   <div class='ocr_carea' id='block_1_100' title="bbox 186 5513 379 5548">
    <p class='ocr_par' dir='ltr' id='par_1_100' title="bbox 186 5513 379 5548">
     <span class='ocr_line' id='line_1_101' title="bbox 186 5513 379 5548; baseline 0 0"><span class='ocrx_word' id='word_1_717' title='bbox 186 5513 379 5548; x_wconf 79' lang='grc' dir='ltr'>νοιντο.</span> 
     </span>
    </p>
   </div>
   <div class='ocr_carea' id='block_1_101' title="bbox 266 5578 1383 5660">
    <p class='ocr_par' dir='ltr' id='par_1_101' title="bbox 266 5578 1383 5660">
     <span class='ocr_line' id='line_1_102' title="bbox 266 5578 1383 5660; baseline -0.004 -22"><span class='ocrx_word' id='word_1_718' title='bbox 266 5584 346 5660; x_wconf 76' lang='grc'><strong>(1)</strong></span> <span class='ocrx_word' id='word_1_719' title='bbox 379 5584 437 5638; x_wconf 91' lang='lat' dir='ltr'><strong>L.</strong></span> <span class='ocrx_word' id='word_1_720' title='bbox 468 5582 743 5639; x_wconf 78' lang='lat' dir='ltr'><strong>Curator.</strong></span> <span class='ocrx_word' id='word_1_721' title='bbox 776 5583 837 5638; x_wconf 78' lang='grc' dir='ltr'><strong>Ο.</strong></span> <span class='ocrx_word' id='word_1_722' title='bbox 872 5583 952 5637; x_wconf 91' lang='lat' dir='ltr'><strong>De</strong></span> <span class='ocrx_word' id='word_1_723' title='bbox 981 5580 1146 5637; x_wconf 92' lang='lat' dir='ltr'><strong>mod.</strong></span> <span class='ocrx_word' id='word_1_724' title='bbox 1175 5578 1383 5635; x_wconf 89' lang='lat' dir='ltr'><strong>mulet.</strong></span> 
     </span>
    </p>
   </div>
   <div class='ocr_carea' id='block_1_102' title="bbox 1888 4506 3542 4588">
    <p class='ocr_par' dir='ltr' id='par_1_102' title="bbox 1888 4506 3542 4588">
     <span class='ocr_line' id='line_1_103' title="bbox 1888 4506 3542 4588; baseline 0.006 -27"><span class='ocrx_word' id='word_1_725' title='bbox 1888 4510 1945 4562; x_wconf 88' lang='lat' dir='ltr'><strong>et</strong></span> <span class='ocrx_word' id='word_1_726' title='bbox 1968 4507 2126 4578; x_wconf 79' lang='lat' dir='ltr'><strong>agris</strong></span> <span class='ocrx_word' id='word_1_727' title='bbox 2152 4506 2712 4578; x_wconf 86' lang='lat' dir='ltr'><strong>circumjacentibus</strong></span> <span class='ocrx_word' id='word_1_728' title='bbox 2737 4526 2923 4582; x_wconf 84' lang='lat' dir='ltr'><strong>quam</strong></span> <span class='ocrx_word' id='word_1_729' title='bbox 2952 4512 3301 4582; x_wconf 85' lang='lat' dir='ltr'><strong>longissime</strong></span> <span class='ocrx_word' id='word_1_730' title='bbox 3325 4513 3542 4588; x_wconf 88' lang='lat' dir='ltr'><strong>expelli</strong></span> 
     </span>
    </p>
   </div>
   <div class='ocr_carea' id='block_1_103' title="bbox 1882 4595 3539 4674">
    <p class='ocr_par' dir='ltr' id='par_1_103' title="bbox 1882 4595 3539 4674">
     <span class='ocr_line' id='line_1_104' title="bbox 1882 4595 3539 4674; baseline 0.006 -25"><span class='ocrx_word' id='word_1_731' title='bbox 1882 4595 2115 4663; x_wconf 84' lang='lat' dir='ltr'><strong>jubere.</strong></span> <span class='ocrx_word' id='word_1_732' title='bbox 2147 4597 2541 4667; x_wconf 88' lang='lat' dir='ltr'><strong>Posteaquam</strong></span> <span class='ocrx_word' id='word_1_733' title='bbox 2571 4597 2700 4653; x_wconf 63' lang='lat' dir='ltr'><strong>haec</strong></span> <span class='ocrx_word' id='word_1_734' title='bbox 2747 4599 3093 4673; x_wconf 88' lang='lat' dir='ltr'><strong>imperatori</strong></span> <span class='ocrx_word' id='word_1_735' title='bbox 3129 4601 3539 4674; x_wconf 87' lang='lat' dir='ltr'><strong>perplacuere,</strong></span> 
     </span>
    </p>
   </div>
   <div class='ocr_carea' id='block_1_104' title="bbox 1889 4683 3543 4762">
    <p class='ocr_par' dir='ltr' id='par_1_104' title="bbox 1889 4683 3543 4762">
     <span class='ocr_line' id='line_1_105' title="bbox 1889 4683 3543 4762; baseline 0.005 -24"><span class='ocrx_word' id='word_1_736' title='bbox 1889 4683 2144 4740; x_wconf 90' lang='lat' dir='ltr'><strong>aliarum</strong></span> <span class='ocrx_word' id='word_1_737' title='bbox 2183 4699 2425 4759; x_wconf 92' lang='lat' dir='ltr'><strong>quoque</strong></span> <span class='ocrx_word' id='word_1_738' title='bbox 2458 4685 2698 4745; x_wconf 89' lang='lat' dir='ltr'><strong>urbium</strong></span> <span class='ocrx_word' id='word_1_739' title='bbox 2728 4686 2914 4745; x_wconf 87' lang='lat' dir='ltr'><strong>duces</strong></span> <span class='ocrx_word' id='word_1_740' title='bbox 2943 4695 2999 4745; x_wconf 88' lang='lat' dir='ltr'><strong>et</strong></span> <span class='ocrx_word' id='word_1_741' title='bbox 3028 4690 3290 4762; x_wconf 61' lang='lat' dir='ltr'><strong>praefecti</strong></span> <span class='ocrx_word' id='word_1_742' title='bbox 3323 4692 3543 4762; x_wconf 87' lang='lat' dir='ltr'><strong>gratiﬁ-</strong></span> 
     </span>
    </p>
   </div>
   <div class='ocr_carea' id='block_1_105' title="bbox 1889 4771 3542 4844">
    <p class='ocr_par' dir='ltr' id='par_1_105' title="bbox 1889 4771 3542 4844">
     <span class='ocr_line' id='line_1_106' title="bbox 1889 4771 3542 4844; baseline 0.005 -17"><span class='ocrx_word' id='word_1_743' title='bbox 1889 4772 2011 4829; x_wconf 86' lang='lat' dir='ltr'><strong>cari</strong></span> <span class='ocrx_word' id='word_1_744' title='bbox 2031 4772 2112 4828; x_wconf 88' lang='lat' dir='ltr'><strong>illi</strong></span> <span class='ocrx_word' id='word_1_745' title='bbox 2141 4771 2464 4844; x_wconf 88' lang='lat' dir='ltr'><strong>studentes,</strong></span> <span class='ocrx_word' id='word_1_746' title='bbox 2493 4775 2706 4831; x_wconf 89' lang='lat' dir='ltr'><strong>eadem</strong></span> <span class='ocrx_word' id='word_1_747' title='bbox 2732 4781 2942 4833; x_wconf 88' lang='lat' dir='ltr'><strong>contra</strong></span> <span class='ocrx_word' id='word_1_748' title='bbox 2969 4779 3542 4844; x_wconf 90' lang='lat' dir='ltr'><strong>nosconstituerunt,</strong></span> 
     </span>
    </p>
   </div>
   <div class='ocr_carea' id='block_1_106' title="bbox 1888 4861 3546 4934">
    <p class='ocr_par' dir='ltr' id='par_1_106' title="bbox 1888 4861 3546 4934">
     <span class='ocr_line' id='line_1_107' title="bbox 1888 4861 3546 4934; baseline 0.005 -18"><span class='ocrx_word' id='word_1_749' title='bbox 1888 4861 2248 4934; x_wconf 89' lang='lat' dir='ltr'><strong>populisque</strong></span> <span class='ocrx_word' id='word_1_750' title='bbox 2278 4866 2333 4918; x_wconf 91' lang='lat' dir='ltr'><strong>et</strong></span> <span class='ocrx_word' id='word_1_751' title='bbox 2375 4862 2605 4919; x_wconf 89' lang='lat' dir='ltr'><strong>civibus</strong></span> <span class='ocrx_word' id='word_1_752' title='bbox 2648 4864 2773 4919; x_wconf 88' lang='lat' dir='ltr'><strong>suis</strong></span> <span class='ocrx_word' id='word_1_753' title='bbox 2811 4864 3260 4927; x_wconf 79' lang='lat' dir='ltr'><strong>denuntiarunt.</strong></span> <span class='ocrx_word' id='word_1_754' title='bbox 3304 4872 3421 4929; x_wconf 85' lang='lat' dir='ltr'><strong>Nec</strong></span> <span class='ocrx_word' id='word_1_755' title='bbox 3462 4870 3546 4931; x_wconf 83' lang='lat' dir='ltr'><strong>ita</strong></span> 
     </span>
    </p>
   </div>
   <div class='ocr_carea' id='block_1_107' title="bbox 1890 4950 3542 5030">
    <p class='ocr_par' dir='ltr' id='par_1_107' title="bbox 1890 4950 3542 5030">
     <span class='ocr_line' id='line_1_108' title="bbox 1890 4950 3542 5030; baseline 0.005 -23"><span class='ocrx_word' id='word_1_756' title='bbox 1890 4950 2148 5007; x_wconf 92' lang='lat' dir='ltr'><strong>multum</strong></span> <span class='ocrx_word' id='word_1_757' title='bbox 2172 4952 2455 5022; x_wconf 88' lang='lat' dir='ltr'><strong>temporis</strong></span> <span class='ocrx_word' id='word_1_758' title='bbox 2477 4952 2825 5019; x_wconf 88' lang='lat' dir='ltr'><strong>intercessit,</strong></span> <span class='ocrx_word' id='word_1_759' title='bbox 2861 4958 2917 5010; x_wconf 89' lang='lat' dir='ltr'><strong>et</strong></span> <span class='ocrx_word' id='word_1_760' title='bbox 2942 4959 3232 5025; x_wconf 86' lang='lat' dir='ltr'><strong>tyrannus</strong></span> <span class='ocrx_word' id='word_1_761' title='bbox 3262 4957 3392 5030; x_wconf 85' lang='lat' dir='ltr'><strong>ipse</strong></span> <span class='ocrx_word' id='word_1_762' title='bbox 3421 4958 3542 5016; x_wconf 90' lang='lat' dir='ltr'><strong>cal-</strong></span> 
     </span>
    </p>
   </div>
   <div class='ocr_carea' id='block_1_108' title="bbox 1892 5039 3543 5114">
    <p class='ocr_par' dir='ltr' id='par_1_108' title="bbox 1892 5039 3543 5114">
     <span class='ocr_line' id='line_1_109' title="bbox 1892 5039 3543 5114; baseline 0.007 -20"><span class='ocrx_word' id='word_1_763' title='bbox 1892 5039 2094 5097; x_wconf 92' lang='lat' dir='ltr'><strong>culum</strong></span> <span class='ocrx_word' id='word_1_764' title='bbox 2127 5046 2182 5099; x_wconf 89' lang='lat' dir='ltr'><strong>et</strong></span> <span class='ocrx_word' id='word_1_765' title='bbox 2212 5041 2568 5099; x_wconf 89' lang='lat' dir='ltr'><strong>sententiam</strong></span> <span class='ocrx_word' id='word_1_766' title='bbox 2597 5056 2843 5114; x_wconf 90' lang='lat' dir='ltr'><strong>quoque</strong></span> <span class='ocrx_word' id='word_1_767' title='bbox 2889 5059 3061 5111; x_wconf 82' lang='lat' dir='ltr'><strong>suam</strong></span> <span class='ocrx_word' id='word_1_768' title='bbox 3109 5045 3188 5105; x_wconf 79' lang='lat' dir='ltr'><strong>ad</strong></span> <span class='ocrx_word' id='word_1_769' title='bbox 3234 5047 3543 5105; x_wconf 88' lang='lat' dir='ltr'><strong>decretum</strong></span> 
     </span>
    </p>
   </div>
   <div class='ocr_carea' id='block_1_109' title="bbox 1890 5128 3545 5205">
    <p class='ocr_par' dir='ltr' id='par_1_109' title="bbox 1890 5128 3545 5205">
     <span class='ocr_line' id='line_1_110' title="bbox 1890 5128 3545 5205; baseline 0.007 -20"><span class='ocrx_word' id='word_1_770' title='bbox 1890 5129 1993 5201; x_wconf 87' lang='lat' dir='ltr'><strong>huj</strong></span> <span class='ocrx_word' id='word_1_771' title='bbox 2005 5128 2237 5189; x_wconf 87' lang='lat' dir='ltr'><strong>usmodi</strong></span> <span class='ocrx_word' id='word_1_772' title='bbox 2269 5128 2506 5199; x_wconf 88' lang='lat' dir='ltr'><strong>adjecit.</strong></span> <span class='ocrx_word' id='word_1_773' title='bbox 2536 5132 2739 5205; x_wconf 88' lang='lat' dir='ltr'><strong>Itaque</strong></span> <span class='ocrx_word' id='word_1_774' title='bbox 2759 5130 2913 5187; x_wconf 88' lang='lat' dir='ltr'><strong>acris</strong></span> <span class='ocrx_word' id='word_1_775' title='bbox 2939 5133 3229 5195; x_wconf 86' lang='lat' dir='ltr'><strong>adversus</strong></span> <span class='ocrx_word' id='word_1_776' title='bbox 3255 5151 3367 5191; x_wconf 84' lang='lat' dir='ltr'><strong>nos</strong></span> <span class='ocrx_word' id='word_1_777' title='bbox 3390 5137 3545 5197; x_wconf 81' lang='lat' dir='ltr'><strong>exci-</strong></span> 
     </span>
    </p>
   </div>
   <div class='ocr_carea' id='block_1_110' title="bbox 1892 5218 3544 5289">
    <p class='ocr_par' dir='ltr' id='par_1_110' title="bbox 1892 5218 3544 5289">
     <span class='ocr_line' id='line_1_111' title="bbox 1892 5218 3544 5289; baseline 0.005 -15"><span class='ocrx_word' id='word_1_778' title='bbox 1892 5223 2014 5283; x_wconf 83' lang='lat' dir='ltr'><strong>tata</strong></span> <span class='ocrx_word' id='word_1_779' title='bbox 2038 5223 2128 5275; x_wconf 90' lang='lat' dir='ltr'><strong>est</strong></span> <span class='ocrx_word' id='word_1_780' title='bbox 2153 5218 2508 5289; x_wconf 88' lang='lat' dir='ltr'><strong>persecutio.</strong></span> <span class='ocrx_word' id='word_1_781' title='bbox 2537 5221 2603 5274; x_wconf 88' lang='lat' dir='ltr'><strong>Et</strong></span> <span class='ocrx_word' id='word_1_782' title='bbox 2633 5220 2974 5277; x_wconf 88' lang='lat' dir='ltr'><strong>sacerdotes</strong></span> <span class='ocrx_word' id='word_1_783' title='bbox 3016 5222 3147 5278; x_wconf 90' lang='lat' dir='ltr'><strong>aliis</strong></span> <span class='ocrx_word' id='word_1_784' title='bbox 3191 5223 3544 5289; x_wconf 80' lang='lat' dir='ltr'><strong>hominibus</strong></span> 
     </span>
    </p>
   </div>
   <div class='ocr_carea' id='block_1_111' title="bbox 1892 5306 3540 5385">
    <p class='ocr_par' dir='ltr' id='par_1_111' title="bbox 1892 5306 3540 5385">
     <span class='ocr_line' id='line_1_112' title="bbox 1892 5306 3540 5385; baseline 0.006 -22"><span class='ocrx_word' id='word_1_785' title='bbox 1892 5306 2243 5363; x_wconf 90' lang='lat' dir='ltr'><strong>celebriores</strong></span> <span class='ocrx_word' id='word_1_786' title='bbox 2287 5322 2391 5377; x_wconf 89' lang='lat' dir='ltr'><strong>per</strong></span> <span class='ocrx_word' id='word_1_787' title='bbox 2413 5307 2591 5364; x_wconf 90' lang='lat' dir='ltr'><strong>urbes</strong></span> <span class='ocrx_word' id='word_1_788' title='bbox 2616 5308 2864 5379; x_wconf 89' lang='lat' dir='ltr'><strong>passim,</strong></span> <span class='ocrx_word' id='word_1_789' title='bbox 2889 5310 3203 5381; x_wconf 79' lang='lat' dir='ltr'><strong>pontifices</strong></span> <span class='ocrx_word' id='word_1_790' title='bbox 3230 5319 3540 5385; x_wconf 74' lang='lat' dir='ltr'><strong>praeterea,</strong></span> 
     </span>
    </p>
   </div>
   <div class='ocr_carea' id='block_1_112' title="bbox 1892 5396 3548 5482">
    <p class='ocr_par' dir='ltr' id='par_1_112' title="bbox 1892 5396 3548 5482">
     <span class='ocr_line' id='line_1_113' title="bbox 1892 5396 3548 5482; baseline 0.005 -30"><span class='ocrx_word' id='word_1_791' title='bbox 1892 5398 1997 5469; x_wconf 89' lang='lat' dir='ltr'><strong>qui</strong></span> <span class='ocrx_word' id='word_1_792' title='bbox 2025 5396 2527 5453; x_wconf 89' lang='lat' dir='ltr'><strong>existimationem</strong></span> <span class='ocrx_word' id='word_1_793' title='bbox 2548 5403 2603 5454; x_wconf 93' lang='lat' dir='ltr'><strong>et</strong></span> <span class='ocrx_word' id='word_1_794' title='bbox 2635 5396 2887 5467; x_wconf 88' lang='lat' dir='ltr'><strong>gloriam</strong></span> <span class='ocrx_word' id='word_1_795' title='bbox 2909 5415 3223 5482; x_wconf 80' lang='lat' dir='ltr'><strong>summam</strong></span> <span class='ocrx_word' id='word_1_796' title='bbox 3245 5405 3548 5460; x_wconf 88' lang='lat' dir='ltr'><strong>consecuti</strong></span> 
     </span>
    </p>
   </div>
   <div class='ocr_carea' id='block_1_113' title="bbox 1891 5485 3548 5560">
    <p class='ocr_par' dir='ltr' id='par_1_113' title="bbox 1891 5485 3548 5560">
     <span class='ocr_line' id='line_1_114' title="bbox 1891 5485 3548 5560; baseline 0.007 -19"><span class='ocrx_word' id='word_1_797' title='bbox 1891 5486 2149 5553; x_wconf 84' lang='lat' dir='ltr'><strong>fuerant,</strong></span> <span class='ocrx_word' id='word_1_798' title='bbox 2172 5485 2546 5558; x_wconf 88' lang='lat' dir='ltr'><strong>deorumque</strong></span> <span class='ocrx_word' id='word_1_799' title='bbox 2575 5486 2762 5544; x_wconf 91' lang='lat' dir='ltr'><strong>cultui</strong></span> <span class='ocrx_word' id='word_1_800' title='bbox 2780 5488 3047 5546; x_wconf 87' lang='lat' dir='ltr'><strong>maxime</strong></span> <span class='ocrx_word' id='word_1_801' title='bbox 3071 5491 3412 5560; x_wconf 87' lang='lat' dir='ltr'><strong>studebant,</strong></span> <span class='ocrx_word' id='word_1_802' title='bbox 3435 5495 3548 5553; x_wconf 74' lang='lat' dir='ltr'><strong>Ma-</strong></span> 
     </span>
    </p>
   </div>
  </div>
