4028 6294
599 322 741 380 1263
1929 313 2317 375 NICEPHORI
2357 315 2680 378 CALLISTI
3714 328 3804 382 mi

597 452 862 507 ximinus
887 447 1189 505 constituit
1218 465 1231 502 :
1259 445 1431 519 477
1471 449 1648 518 atque
1665 445 1909 517 insuper
1939 445 2382 517 summaipsius
2406 447 2745 519 superstitio
2785 445 3057 503 subditos
3085 463 3228 502 suos
3261 447 3502 520 populos
3532 465 3707 514 omnes,
3744 452 3807 524 qui

599 539 919 610 gratiﬁcari
951 537 1028 592 illi
1061 535 1525 598 contendebant,
1553 536 1632 591 ita
1657 540 1866 590 contra
1889 550 2001 590 nos
2026 537 2368 602 commovit,
2401 543 2462 591 ut
2493 538 2780 592 saevitiam
2810 553 3019 592 eorum
3049 553 3231 608 quam
3268 539 3327 591 in
3384 553 3483 592 nos
3515 551 3808 604 exercuerunt,

598 629 797 684 verbis
818 626 1232 699 persequinon
1256 625 1450 680 liceat.
1479 625 1760 680 Maximas
1776 625 2000 695 quippe
2019 640 2080 678 se
2111 625 2188 678 ab
2221 640 2291 678 eo
2319 625 2598 680 utilitates
2621 633 3053 681 consecuturos
3086 627 3530 690 arbitrabantur,
3545 628 3586 680 si
3612 644 3810 684 novarum

595 723 804 772 contra
833 731 944 770 nos
979 730 1178 770 rerum
1232 713 1741 784 insolentiumque
1794 712 2149 783 injuriarum
2202 711 2540 769 inventores
2570 715 2931 770 exstitissent
2967 719 3023 770 et
3048 715 3404 770 administri.
3430 717 3543 780 Quo
3579 717 3746 786 majore
3765 719 3814 772 di-

593 804 838 877 ligentia
859 805 921 860 in
950 803 1012 859 id
1041 803 1328 869 studium,
1360 807 1425 858 ut
1457 803 1636 858 nobis
1664 801 2204 867 incommodarent,
2237 802 2582 859 incubuere.

1203 932 1426 987 CAPUT
1452 931 1635 987 XXVI.
2275 929 2320 982 A

2275 929 2320 982 A
2941 935 3180 983 ΚΕΦΑΛ.
3212 936 3345 1012 KC.

592 1023 680 1079 De
704 1021 964 1092 conﬁctis
1005 1026 1060 1076 et
1080 1020 1257 1088 falsis
1292 1020 1578 1102 adversus
1614 1019 1907 1075 Christum
1959 1032 2182 1074 comme

2228 1045 2247 1057 -
2357 1022 2508 1091 Περὶ
2580 1027 2696 1070 τῶν
2766 1022 2926 1070 κατὰ
2993 1026 3280 1092 Χριστοῦ
3341 1017 3698 1070 ἐπιπλάστων
3729 1020 3818 1070 ὑπι-

1321 1093 1516 1148 tariis.

2955 1093 3322 1163 μνημάτων.

664 1200 1020 1273 Compositis
1052 1214 1197 1255 sane
1228 1198 1473 1270 quidem
1504 1203 1560 1253 et
1587 1197 1877 1263 conﬁctis,
1908 1196 2013 1268 qui
2046 1211 2244 1251 rerum

2230 1212 2244 1251 ι
2426 1197 2528 1249 Οἴα
2568 1192 2616 1248 δ’
2664 1196 2830 1249 αὐτῶν
2871 1201 2961 1248 καὶ
3013 1199 3082 1249 τὰ
3123 1194 3511 1268 ἐπιτηδεύματα
3538 1216 3549 1228 ·
3577 1198 3821 1266 ὑποπνήρετι

589 1289 798 1345 talium
856 1289 1178 1344 architecto
1234 1293 1290 1342 et
1366 1289 1592 1342 auctori
1657 1303 1781 1342 non
1842 1285 2180 1357 displiceret

2228 1327 2240 1350 ,
2352 1289 2452 1357 γάρ
2484 1306 2601 1337 τινα
2649 1286 2971 1358 πλασάμενοι
3001 1287 3095 1337 οὐκ
3143 1288 3245 1338 ἄπο
3273 1292 3476 1357 γνώμης
3507 1293 3586 1336 τοῦ
3612 1289 3665 1335 τὰ
3686 1291 3819 1335 torris:

587 1377 1030 1450 blasphemiam
1063 1383 1118 1432 et
1149 1376 1629 1432 maledicentiam
1695 1391 1939 1431 omnem
1999 1391 2178 1445 exsup

2224 1403 2244 1416 ο
2353 1379 2706 1436 τεκταίνοντος
2781 1375 2960 1436 πασης
3013 1373 3356 1446 βλασφημίας
3431 1376 3651 1436 ἐπέκεινα,
3711 1373 3813 1444 ἐρετι-

587 1468 861 1523 rantibus
927 1466 1392 1530 commentariis,
1462 1465 1960 1534 interrogationes
2026 1463 2178 1518 scilic

2218 1470 2245 1519 :t
2355 1481 2462 1524 σεις
2517 1461 2672 1522 δῆθεν
2722 1463 2947 1516 Πιλάτου
2992 1470 3083 1516 καὶ
3136 1473 3226 1515 τοῦ
3269 1472 3500 1533 Σωτῆρος
3525 1465 3651 1534 ἡμῶν
3692 1464 3809 1532 ἕχσπις

587 1556 757 1612 Pilati
782 1562 838 1612 et
868 1555 1193 1612 Servatoris
1243 1555 1432 1610 nostri
1458 1555 1922 1618 continentibus,
1965 1553 2024 1607 in
2066 1553 2178 1607 diti

2222 1582 2241 1594 -
2352 1551 2435 1604 ἐπὶ
2480 1557 2571 1610 τήν
2620 1554 2720 1604 ὑπό
2774 1560 2932 1626 χεῖρα
2993 1561 3130 1624 σφῶν
3185 1550 3577 1624 διαπέμπονται.
3624 1555 3704 1603 Καὶ
3743 1569 3813 1599 τείρει

585 1661 693 1701 nes
748 1661 851 1701 eos
883 1661 1025 1700 suas
1069 1645 1361 1699 miserunt
1427 1661 1441 1699 :
1501 1643 1754 1714 epistola
1820 1641 2109 1714 quadam,

2229 1647 2242 1696 ἰ
2350 1645 2774 1715 προγραμμάτων
2839 1645 3262 1714 προηγουμένων,
3327 1643 3450 1694 ὥστ’
3518 1637 3687 1696 ἔκδηλα
3733 1646 3820 1689 τινα

589 1735 880 1806 scriptum
942 1734 1003 1789 id
1078 1733 1362 1788 omnibus
1415 1732 1840 1804 publicaretur,
1919 1732 2164 1804 praeﬁxa

2233 1747 2238 1785 τ
2350 1733 2602 1802 καθιστᾷν
2650 1730 2840 1793 ἅπασι,
2895 1736 2984 1783 καὶ
3035 1736 3192 1783 παισὶ
3250 1738 3401 1794 πᾶσι,
3443 1731 3712 1803 προκεῖσθαι
3746 1727 3824 1778 τινέ

588 1824 945 1880 mandatum
983 1823 1162 1878 etiam
1196 1823 1488 1886 additum,
1525 1827 1588 1877 ut
1627 1821 1977 1877 litteratores
2017 1820 2172 1875 libru

2238 1869 2240 1874 .
2350 1821 2418 1879 είς
2447 1819 2658 1890 μελέτην
2716 1827 2824 1880 τοῖς
2885 1826 3307 1892 γραμματισταίς
3364 1823 3656 1893 πρόσταγμα
3694 1813 3829 1885 £1,111

587 1912 762 1968 talem
791 1913 993 1985 pueris
1024 1911 1328 1976 omnibus,
1369 1911 1430 1966 in
1459 1927 1582 1982 quo
1633 1910 1843 1981 primis
1884 1910 2178 1964 rudiment

2240 1948 2242 1957 ν
2349 1913 2448 1980 πρὸ
2502 1911 2679 1968 πάσης
2709 1929 2916 1980 μνήμης
2966 1918 3134 1960 ταῦτα
3183 1914 3445 1979 κατέχειν.
3492 1911 3673 1960 Τούτων
3695 1902 3831 1957 δὀύτω

586 2017 648 2056 se
678 2007 1039 2068 exercerent,
1069 2007 1460 2072 teneramque
1487 2000 1844 2054 memoriam
1879 2015 2108 2053 veneno
2142 2006 2177 2052 ιε

2348 2001 2648 2068 γενομένων,
2693 1999 2861 2070 ἕτερός
2912 2017 2986 2057 τις
3040 2000 3092 2048 ὃν
3147 1993 3316 2049 δοῡκα
3368 1998 3727 2068 προσαγορεύειν
3765 1994 3833 2044 Ῥω·

583 2088 938 2154 imbuerent,
987 2089 1306 2158 legendum
1358 2094 1781 2160 proponerent.
1831 2090 1963 2142 Haec
1992 2086 2174 2141 cumi

2349 2093 2520 2158 μαίοις
2567 2089 2764 2160 ἔθιμον,
2825 2093 2940 2162 περὶ
2998 2091 3275 2159 Δαμασκόν
3325 2097 3422 2148 τῆς
3472 2093 3686 2146 Φοινίκῆς
3716 2085 3837 2152 γυναιέ

583 2177 809 2243 ﬁerent,
840 2177 993 2233 alius
1017 2177 1268 2249 quidam
1297 2192 1480 2249 quem
1503 2176 1754 2232 Romani
1785 2176 2002 2230 ducem
2025 2191 2173 2230 voca

2274 2222 2314 2274 Β
2348 2195 2464 2228 τινα
2513 2175 2736 2247 ἀγοραῖα
2785 2181 2876 2228 καὶ
2905 2175 3182 2248 ἐπίτριπτοι
3232 2175 3517 2239 συλλαϐὼν,
3559 2174 3723 2243 πληγὰς
3751 2173 3840 2226 ἐπεὶ·

582 2267 794 2332 solent,
815 2268 972 2322 circa
987 2270 1348 2322 Damascum
1373 2265 1709 2330 Phaenichae,
1733 2264 2097 2320 mulierculis
2113 2281 2173 2336 ql

2274 2262 2314 2274 ”
2347 2264 2418 2316 λει
2478 2265 2662 2325 πολλὰς
2711 2264 2962 2317 ἐπιθεῖναι
3037 2262 3157 2337 βίαν
3220 2263 3443 2336 ἐπάγων,
3503 2263 3730 2336 ἐγγράφως
3769 2263 3841 2329 ὀμι-

579 2354 840 2410 busdam
872 2354 1360 2411 circumforaneis
1374 2360 1432 2408 et
1453 2354 1762 2423 ﬂagitiosis
1784 2353 2170 2425 comprehens

2345 2353 2531 2424 λογεῖν,
2584 2357 2652 2416 ὡς
2700 2357 2765 2406 τὰ
2813 2362 3140 2427 Χριστιανῶν
3202 2357 3291 2426 μὶν
3351 2353 3512 2405 πάλαι
3559 2353 3840 2404 (lancinato-

578 2445 698 2499 vim
727 2445 1001 2509 afferens,
1030 2445 1242 2515 plagas
1273 2443 1581 2498 minitatus
1603 2449 1714 2508 est,
1742 2443 1857 2497 nisi
1891 2443 2169 2498 testimon

2347 2443 2614 2495 ἀκόλαστα
2667 2440 2726 2495 δέ
2779 2463 2894 2495 τινα
2944 2450 3318 2513 συνεγνωκέναι
3373 2447 3494 2504 τοὺς
3548 2441 3591 2493 ἐν
3637 2449 3724 2500 τοῖς
3758 2443 3843 2510 πρεὲν

579 2534 798 2605 scripto
821 2534 1262 2599 conﬁterentur,
1288 2549 1350 2587 se
1386 2532 1712 2604 aliquando
1762 2532 2167 2587 Christianoru

2344 2552 2452 2594 τοις
2510 2537 2687 2594 αὐτοῖς
2747 2536 3108 2604 τεταγμένους,
3168 2539 3258 2583 καὶ
3317 2531 3538 2604 ἀθέμιτα
3597 2537 3686 2585 τοῖς
3727 2546 3842 2598 κυριε-

579 2623 762 2678 sacris
781 2622 1040 2678 initiatas
1056 2623 1328 2677 conscias
1347 2637 1474 2676 esse
1500 2621 1788 2676 obscaena
1799 2621 2082 2693 qutedam
2106 2637 2168 2675 sc

2343 2629 2451 2681 κοῖς
2510 2624 2728 2694 ἐνεργεῖν
2758 2640 2772 2652 ·
2812 2627 2902 2673 καὶ
2950 2621 3058 2672 ἄλλ’
3104 2622 3240 2672 ἄττα
3294 2629 3522 2692 συγγενῆ
3575 2627 3668 2679 τοῖς
3712 2618 3842 2690 signai-

576 2711 702 2766 lera
715 2712 1003 2766 committi
1030 2711 1109 2766 ab
1135 2711 1203 2766 iis
1222 2710 1325 2782 qui
1350 2710 1558 2780 primae
1585 2717 1724 2766 sunt
1754 2710 2018 2765 intereos
2045 2709 2167 2779 dig:

2343 2730 2469 2778 νοις,
2523 2714 2590 2770 ὡς
2647 2709 2706 2761 ἆν
2759 2729 2817 2780 γε
2875 2714 2934 2761 τὸ
2962 2713 3084 2762 καθ’
3116 2713 3250 2780 ἡμᾶς
3281 2707 3577 2761 διαϐάλλειν
3606 2705 3766 2777 δόγμα.
3789 2708 3845 2759 Tir-2

575 2800 736 2865 tatis,
755 2799 1103 2871 nefariaque
1119 2799 1346 2868 ﬂagitia
1361 2799 1420 2853 in
1435 2799 1621 2855 sacris
1649 2798 1879 2854 aedibus
1895 2798 2017 2853 ﬁeri
2037 2799 2166 2853 solii

2343 2797 2411 2857 δή
2454 2803 2701 2860 τοιαύτας
2753 2802 2916 2871 φωνὰς
2966 2804 3055 2851 καὶ
3107 2799 3258 2860 αὐτὸς
3303 2801 3609 2870 γράμμασιν
3637 2796 3847 2850 irrumat:

577 2892 766 2960 Atque
797 2890 936 2944 item
960 2888 1078 2944 alla
1107 2888 1284 2959 plura
1302 2887 1465 2943 hisce
1495 2888 1732 2954 similia,
1765 2887 1988 2959 quibus
2018 2886 2168 2942 docti

2342 2888 2594 2960 ἀνέπεμπε
2649 2886 2857 2960 βασιλεῖ
2888 2903 2901 2918 ⁸
2935 2886 2970 2938 ἆ
3018 2885 3084 2945 δή
3144 2893 3232 2939 καὶ
3292 2885 3514 2960 βουλαῖς
3559 2890 3723 2938 ἐκείνου
3766 2886 3849 2932 κατὰ

577 2993 717 3033 nam
733 2977 1289 3049 professionemque
1302 2982 1570 3032 nostram
1589 2975 2119 3041 calumniarentur,
2137 2993 2165 3030 e

2339 2984 2513 3030 πᾶσαν
2569 2977 2714 3029 πόλιν
2779 2981 2862 3030 κοὶ
2917 2984 3099 3050 χώραν
3155 2974 3400 3050 δημοσία
3457 2977 3768 3049 προύτίθεντο.
3801 2970 3843 3020 0'5

576 3067 928 3136 cogitarunt.
971 3069 1154 3122 Voces
1196 3067 1374 3121 etiam
1420 3065 1791 3136 ejuscemodi
1834 3066 1894 3119 in
1943 3064 2162 3136 scriptu

2337 3067 2466 3118 πολὺ
2513 3070 2573 3118 τὸ
2618 3069 2665 3118 ἓν
2709 3070 2871 3138 μέσῳ,
2922 3071 3012 3118 καὶ
3053 3068 3078 3117 ὁ
3131 3069 3221 3136 μὲν
3274 3075 3374 3117 τῶν
3426 3070 3661 3119 τοιούτων
3707 3066 3840 3130 αὐτοῖς·

574 3155 792 3210 relatas
836 3155 932 3210 ille
988 3155 1067 3210 ad
1105 3155 1461 3226 principem,
1490 3154 1671 3218 misit,
1726 3169 1861 3225 quae
1903 3153 2119 3208 deinde
2154 3171 2165 3206 ‹

2337 3159 2431 3226 γός
2468 3155 2592 3218 ἄξια
2647 3164 2745 3207 τῶν
2793 3157 2929 3206 κατὰ
2968 3163 3203 3230 Χριστοῦ
3256 3155 3454 3229 ὕϐρεων
3521 3158 3583 3207 τὰ
3629 3158 3739 3224 γέρα
3758 3152 3840 3220 ιεμί·

573 3244 820 3300 consilio
850 3245 980 3315 ejus
1011 3244 1072 3298 in
1110 3242 1448 3299 civitatibus
1495 3248 1553 3299 et
1595 3241 1740 3297 locis
1789 3242 2075 3297 omnibus
2116 3259 2156 3314 p

2340 3247 2500 3308 ζεται,
2582 3243 2831 3318 αὗτὸχειρ
2879 3249 3140 3316 γενόμενος
3195 3245 3382 3296 ἑαυτοῦ
3419 3260 3433 3274 ·
3490 3245 3606 3296 καθ’
3667 3246 3778 3314 ἡμῶν
3816 3234 3849 3288 is

570 3333 725 3388 blice
755 3339 894 3388 sunt
931 3333 1276 3404 propositte.
1316 3333 1388 3388 At
1417 3347 1541 3387 non
1585 3331 1772 3387 multo
1803 3331 2161 3387 intervenien

2337 3330 2584 3404 διωγμοὶ,
2633 3339 2723 3384 καὶ
2773 3339 2953 3405 φυγαὶ,
2994 3339 3082 3385 καὶ
3145 3331 3329 3406 δήμων
3393 3334 3758 3394 ἐπαναστάσεις,
3799 3333 3853 3376 καὶ

568 3428 855 3493 tempore,
881 3421 1326 3477 calumniarum
1357 3421 1570 3477 talium
1604 3420 1811 3476 artifex
1841 3420 1967 3476 dux
1993 3420 2109 3489 ille,
2133 3424 2159 3474 d

2334 3423 2436 3473 ὃσα
2464 3429 2573 3483 τοῖς
2625 3427 2890 3496 προτέροις
2931 3421 3185 3494 ἐφάμιλλα
3220 3440 3234 3454 ⁸
3291 3427 3360 3484 ὡς
3403 3428 3496 3475 καί
3545 3441 3675 3480 τινας
3706 3429 3782 3471 τῶν
3801 3423 3855 3485 γὲ-

569 3513 1052 3584 gnainjuriarum
1072 3512 1300 3567 Christo
1312 3510 1747 3566 contumeliose
1761 3510 2084 3576 illatarum,
2109 3511 2156 3566 si

2262 3528 2294 3584 [ς
2332 3530 2405 3563 νει
2469 3507 2758 3585 περιδόξων
2833 3530 2886 3563 τε
2964 3516 3053 3564 καὶ
3111 3512 3358 3584 λαμπρῶν
3447 3517 3567 3564 εἵσω
3627 3513 3853 3580 γενομένους

568 3602 680 3672 ipsi
697 3617 912 3656 manus
927 3599 1256 3664 aﬂ'erendo,
1280 3600 1531 3672 praemia
1557 3600 1708 3656 tulit.
1736 3599 1916 3655 Nobis
1944 3616 2086 3656 vero
2109 3617 2159 3654 s1

2331 3609 2545 3674 χειρῶν,
2623 3599 2994 3673 ἀπαραιτήτως
3058 3603 3314 3672 ὑποσχεῖν
3393 3604 3623 3674 ἐσχάτην
3676 3601 3851 3671 τιμωρίη

569 3705 642 3746 eo
655 3696 876 3761 paratae
890 3690 1350 3762 persecutiones,
1367 3689 1521 3758 fugae
1536 3689 2016 3761 populorumque
2042 3689 2223 3744 insul-
2332 3694 2419 3741 τὸν
2447 3692 2686 3742 θάνατον.

570 3781 844 3842 tationes,
874 3785 931 3834 et
954 3779 1070 3834 alia
1099 3778 1395 3850 prioribus
1429 3778 1544 3833 illis
1569 3782 1994 3844 consentanea,
2029 3779 2181 3834 adeo
2211 3781 2276 3834 ut
2307 3777 2581 3834 nonnulli
2607 3777 2769 3835 claro
2800 3778 2930 3835 loco
2979 3779 3157 3851 geniti
3200 3781 3410 3850 magni
3443 3779 3548 3836 viri
3587 3777 3744 3850 capti,
3764 3773 3854 3829 citra

569 3868 1009 3924 recusationem
1035 3883 1158 3923 non
1187 3873 1432 3938 gravate
1456 3866 1666 3924 ultima
1695 3867 1905 3922 mortis
1934 3867 2281 3938 pertulerint
2318 3866 2634 3939 supplicia.

1033 4009 1212 4082 478
1273 4010 1492 4066 CAPUT
1541 4009 1755 4065 XXVII.

1741 4051 1755 4065 .
2928 4014 3145 4065 ΚΕΦΑΛ
3161 4051 3173 4063 .
3219 4010 3331 4065 ΚΖ.

571 4117 791 4188 Deejus
821 4117 1100 4191 temporis
1115 4116 1501 4185 martyribus,
1528 4122 1584 4172 et
1613 4116 1817 4191 edictis
1846 4117 1909 4191 in
1941 4116 2107 4172 aereis
2127 4132 2162 4172 ct

2331 4122 2488 4191 Περὶ
2533 4125 2662 4191 -τῶν
2711 4123 2853 4191 τότε
2907 4121 3496 4191 μαρτυρησάντων,
3558 4123 3660 4170 καὶ
3706 4110 3851 4166 nini?

851 4189 1071 4244 lamnis
1108 4195 1322 4245 contra
1357 4203 1460 4243 nos
1512 4187 1929 4257 promulgatis.
2401 4187 2434 4240 ά

2401 4187 2673 4251 στήλαις
2705 4187 3158 4261 χαλκαῐς’καθ’
3193 4192 3367 4262 ἡμῶν
3393 4190 3850 4262 προσταγμάτων.

638 4297 785 4350 Tum
832 4295 1080 4366 quidem
1109 4295 1186 4366 (1)
1221 4296 1468 4358 Emesae,
1500 4309 1636 4364 qua:
1660 4293 1978 4349 thnicite
2006 4294 2213 4350 civitas

2397 4297 2497 4350 Καὶ
2545 4291 2612 4353 δή
2674 4315 2806 4356 τινες
2871 4294 2919 4347 ἐν
2977 4298 3191 4370 Ἐμέση,
3248 4306 3342 4358 τῆς
3404 4303 3645 4357 Φοινίκης
3695 4291 3849 4346 δἀύτξ

566 4391 670 4448 est,
705 4390 822 4440 tres
846 4384 1140 4440 Christum
1161 4381 1507 4454 proﬁtentes
1540 4382 1743 4438 bestiis
1784 4387 1922 4437 sunt
1951 4383 2157 4452 objecti

2321 4383 2484 4449 πόλις,
2569 4393 2708 4457 τριῐς
2784 4389 2871 4436 τὸν
2932 4391 3164 4460 Χριστὸν
3228 4387 3662 4458 ὁμολογήσαντες,
3729 4383 3849 4452 horia

561 4489 820 4545 quorum
852 4488 1009 4527 unus
1038 4471 1339 4542 Sylvanus
1355 4471 1673 4542 episcopus
1704 4469 1833 4536 fuit,
1846 4470 1976 4540 jam
2007 4471 2152 4526 decrl

2322 4471 2723 4548 ἀπερρίφησαν·
2806 4475 2873 4525 ὧν
2947 4475 3020 4536 εἰς
3102 4475 3386 4537 ἐπίσκοπος
3469 4476 3698 4534 Σιλϐανός
3748 4475 3850 4536 ᾰνῦξιί

558 4564 739 4634 pitus,
773 4566 836 4618 ut
863 4578 967 4633 qui
1006 4560 1408 4634 quadraginta
1432 4575 1624 4616 annos
1655 4560 1954 4632 pastorale
1980 4575 2149 4614 mum

2320 4559 2401 4629 ἦν’
2453 4561 2503 4622 ἐς
2556 4561 2696 4634 βαθὺ
2749 4567 2928 4634 Ἱήρως
2983 4563 3259 4628 ἐληλακὼς,
3319 4567 3384 4624 ὡς
3451 4570 3544 4617 καὶ
3603 4563 3653 4636 μ’
3701 4565 3770 4615 ἔτη
3808 4562 3848 4620 τῗῦ

557 4651 820 4709 obiisset.
876 4651 1100 4707 Eodem
1131 4655 1400 4722 tempore
1437 4655 1493 4706 et
1523 4650 1725 4706 Petrus
1764 4649 2148 4704 Alexandrini

2316 4649 2724 4723 λειτουργήματι
2793 4649 3070 4709 διανύσαι.
3111 4657 3226 4706 Ἐπὶ
3274 4650 3340 4712 δή
3393 4658 3566 4725 τούτῳ
3618 4661 3683 4720 τῷ
3732 4664 3844 4720 χρειω

554 4743 819 4807 antistes,
839 4740 1110 4796 divinum
1125 4755 1366 4810 prorsus
1384 4737 1742 4810 episcopalis
1772 4737 2095 4794 {unctionis
2113 4755 2143 4792 e

2265 4807 2269 4810 γ
2315 4743 2400 4791 καὶ
2454 4745 2644 4814 Πέτρος
2696 4743 2722 4792 ὁ
2778 4749 2871 4803 τῆς
2931 4739 3327 4816 Ἀλεξανδρείας
3376 4749 3582 4815 ποιμήν
3618 4743 3661 4794 ἐν
3702 4743 3846 4792 ἐπισκε-

551 4831 801 4900 emplar,
828 4829 1053 4884 virtutis
1079 4844 1282 4893 causa,
1316 4832 1374 4882 et
1401 4828 1558 4898 quod
1579 4826 1658 4883 ab
1687 4828 1924 4882 ineunte
1944 4833 2116 4882 aetate

2257 4825 2430 4919 )ποις
2489 4832 2620 4882 θεῖον
2700 4830 2859 4892 ὄντως
2907 4829 3206 4904 ἀρχέτυπον
3266 4832 3454 4907 ἀρετῆς
3509 4853 3565 4884 τε
3611 4834 3749 4903 χάριν
3792 4826 3848 4872 ιιι

549 4921 892 4976 divinorum
941 4917 1322 4974 oraculorum
1359 4916 1564 4972 litteris
1591 4917 1946 4972 exercitatus
1986 4916 2140 4971 fuere

2258 4916 2268 4919 V
2313 4925 2407 4980 τῆς
2439 4928 2539 4971 τῶν
2573 4921 2715 4971 θείων
2744 4919 2908 4991 λόγων
2957 4919 3011 4972 ἐκ
3065 4926 3178 4973 νέου
3234 4921 3537 4988 ἀσκήσεως,
3593 4921 3849 4993 ἀναρπαστθς

548 5016 876 5080 correptus,
904 5007 1070 5063 nulla
1089 5007 1139 5062 ei
1156 5007 1322 5076 justa
1342 5005 1578 5076 objecta
1598 5021 1783 5060 causa
1797 5005 1964 5077 (nam
1998 5005 2058 5059 id
2075 5005 2139 5059 Mi

2310 5013 2552 5078 γεγονὼς,
2604 5015 2676 5080 μή
2732 5028 2870 5070 τινος
2929 5009 3140 5079 εὐλόγου
3210 5015 3659 5082 προηγησαμένης
3718 5006 3846 5058 αἰτίοις.

544 5099 807 5154 ximinus
833 5098 913 5152 ita
943 5095 1472 5166 statuerat)capitis
1499 5093 1859 5166 supplicium
1888 5094 2068 5150 subiit
2101 5111 2114 5148 :

2309 5103 2462 5148 τοῦτο
2522 5093 2589 5154 δὴ
2654 5096 2948 5169 Μαξιμίνου
2996 5099 3400 5170 προστάξαντοςΙΙ
3461 5099 3596 5172 ξίφει
3635 5101 3717 5155 τήν
3750 5107 3848 5160 κεῖθι·

544 5203 680 5244 cum
713 5204 783 5242 eo
814 5187 911 5242 alii
941 5191 1229 5258 praeterea
1266 5184 1519 5255 [Egyptii
1551 5183 1816 5254 episcOpi
1847 5183 2039 5239 multi.
2081 5184 2135 5237 LI

2306 5183 2400 5242 λὴν
2449 5185 2786 5258 ἀποτέμνεται
2816 5201 2829 5214 '
2894 5191 2988 5238 σὺν
3042 5187 3181 5239 αὖτώ
3243 5185 3303 5240 δὲ
3354 5193 3444 5240 καὶ
3487 5189 3632 5240 ἄλλοι
3667 5194 3750 5238 τῶν
3772 5176 3845 5230 καί

543 5278 750 5333 cianus
779 5291 1022 5349 quoque
1049 5273 1382 5346 presbyter,
1422 5274 1526 5344 qui
1567 5277 1810 5344 propter
1840 5273 1974 5328 vitae
2005 5278 2134 5327 conl

2306 5277 2570 5345 Αἷγυπτον
2625 5275 2921 5327 ἐπισκόπων
2979 5275 3159 5328 πολλοί
3189 5292 3202 5305 '
3288 5283 3377 5330 καί
3451 5278 3728 5334 Λουκιανὸς
3767 5283 3843 5341 πρε·

543 5367 829 5431 nentiam,
846 5372 900 5421 et
915 5380 1223 5421 sacrarum
1250 5363 1596 5418 Litterarum
1613 5362 1911 5434 peritiam,
1925 5361 2128 5417 Nicom

2308 5362 2552 5437 σϐύτερος
2609 5367 2656 5416 ἑν
2703 5365 2945 5436 ἐγκρατεῖ
2995 5363 3092 5438 βίῳ
3141 5371 3229 5418 καὶ
3257 5367 3418 5438 λόγων
3472 5371 3619 5440 ἱερῶν
3645 5370 3841 5424 intra}?

542 5454 707 5510 diam
735 5456 951 5510 ductus
991 5455 1202 5510 fuerat.
1225 5452 1311 5508 lbi
1343 5452 1461 5519 ille,
1492 5457 1669 5523 prout
1695 5455 1982 5522 praesente
2007 5451 2130 5523 imp

2304 5451 2390 5503 ἐπὶ
2417 5458 2509 5510 τὴν
2541 5451 2881 5526 Νικομήδους
2932 5452 3138 5525 ἀχθεὶς,
3197 5460 3286 5508 καὶ
3339 5455 3605 5528 βασιλέως
3651 5448 3840 5525 sitpoqu

3831 5808 3867 6033 l
3948 5991 3949 6033 χ

613 5578 690 5651 (1)
736 5579 816 5635 Cf.
867 5594 1052 5651 supra
1091 5594 1222 5649 cap.
1283 5578 1377 5632 16.
