4028 6294
201 290 336 349 1265

1256 286 1832 346 ECCLESIASTIC/E
1870 284 2235 344 HISTORIA?)
2270 287 2406 345 LIB.
2447 286 2567 344 VH.

3422 281 3565 347 1266

191 426 287 480 τὴν
343 418 638 477 ἀνήκουσαν
684 416 811 490 ὑπὲρ
868 416 928 478 ἧς
999 416 1283 489 ἠγωνίζετο
1335 422 1561 480 πίστεως
1609 414 1764 470 ἀπολο

1900 419 2093 472 ratore
2114 416 2529 483 conveniebat,
2549 415 2732 473 ﬁdem
2753 431 2865 489 pro
2880 430 3004 489 qua
3022 414 3387 481 decertabat,
3410 416 3564 471 mira

189 515 310 580 γίαν
361 512 676 581 παρασχὼν,
735 510 912 560 ἔπειτα
959 504 1306 581 δεσμωτηρίῳ
1349 508 1559 579 σχεθεὶς
1587 512 1785 558 κτίννυ-

187 619 296 652 ται.
352 605 579 651 Τοιαῦτα
636 597 849 659 ἐξάπινα
908 604 980 667 τῷ
1037 592 1288 648 δυσσεϐεῖ
1339 595 1613 667 Μαξιμίνῳ
1668 591 1789 647 καθ’

188 691 336 759 ἡμῶν
389 684 693 761 διεπράχθη
729 703 743 716 ⁸
777 689 841 747 ὡς
878 690 969 737 καὶ
1020 681 1191 738 δοκεῖν
1240 693 1333 737 τοῦ
1373 689 1625 759 προτέρου
1666 681 1789 736 διω-

183 785 324 847 γμοῦ
382 780 599 849 χείρονα
664 782 845 827 τοῦτον
907 777 1030 847 ἡμῖν
1110 776 1487 847 ἐπεγείρεσθαι.
1544 775 1786 831 Τοσαύτη

186 863 240 918 δ’
272 862 332 924 ἦν
388 867 419 923 ἠ
472 870 652 937 μανία,
708 868 778 924 ὡς
841 865 962 935 ὅπερ
1016 860 1134 915 οὐδ’
1181 863 1360 915 ἄλλοτέ
1408 882 1530 915 ποτε
1574 865 1788 934 γεγονὸς

181 957 581 1027 μνημονεύεται,
646 958 759 1005 τότε
844 955 1155 1024 πραχθῆναι
1184 973 1197 984 θ
1278 952 1599 1023 ψηφίσματα
1681 954 1783 1024 γάρ

178 1044 376 1096 πόλεων
450 1048 540 1095 καὶ
608 1041 895 1116 βασιλικῶν
938 1041 1227 1115 ἀντίγραφα
1291 1037 1598 1106 διατάξεων,
1649 1041 1785 1111 χαλ·

177 1140 301 1194 καίς
357 1152 469 1185 τισι
522 1131 741 1193 στήλαις
810 1130 1239 1203 έγχαραττόμενα
1293 1133 1429 1182 κατά
1475 1133 1636 1200 μέσας
1690 1131 1785 1191 τάς

176 1221 355 1283 πόλεις
408 1222 480 1283 εἰς
533 1223 778 1294 ἡμέτερον
820 1220 1064 1282 ἑξανίστα
1117 1216 1248 1279 δέος.
1297 1226 1419 1280 Τοῖς
1457 1215 1506 1271 δ’
1538 1217 1588 1280 ές
1625 1214 1781 1270 διδα-

179 1310 378 1363 σκάλου
438 1319 685 1381 φοιτῶσιν
763 1309 958 1361 άπασιν
1038 1308 1135 1359 ἀνὰ
1197 1314 1371 1361 πᾶσαν
1440 1310 1636 1379 ἡμέραν
1687 1308 1782 1359 οὐκ

174 1400 303 1451 ἄλλο
332 1419 391 1471 γε
429 1397 490 1458 ἧν
523 1397 617 1451 διὰ
661 1403 916 1470 στόματος
950 1402 979 1457 ἦ
1018 1398 1234 1457 Πιλᾶτος
1290 1402 1380 1449 καὶ
1412 1397 1640 1461 Ἰησοῦς,
1692 1401 1781 1448 καὶ

176 1494 244 1540 τὰ
296 1489 367 1550 εἰς
414 1487 561 1561 ὕϐριν
606 1490 752 1559 ἡμῶν
783 1488 1159 1559 νεουργηθέντα
1214 1486 1499 1557 πλάσματα
1534 1501 1546 1513 ⁸
1596 1483 1670 1537 δι’
1712 1488 1780 1537 ὧν

173 1583 237 1630 τό
297 1581 532 1650 θεομισὲς
583 1582 672 1629 καὶ
736 1578 996 1649 ὑπέροφρυ
1054 1584 1146 1637 τῆς
1216 1575 1517 1646 Μαξιμίνου
1586 1580 1778 1648 μιαρᾶς

170 1665 363 1738 ψυχῆς
419 1666 586 1729 ἔξεστι
632 1662 939 1736 διαγνῶναι,
995 1669 1084 1716 καὶ
1131 1668 1222 1722 την
1277 1666 1414 1736 ἱεράν
1458 1663 1779 1735 ἐκπλαγῆναι

1900 520 2038 561 cum
2059 505 2329 562 libertate
2348 506 2635 572 defendit,
2653 507 2714 562 in
2734 521 3035 563 carcerem
3056 505 3362 577 conjectus
3382 511 3562 578 atque

1899 600 2145 650 necatus
2182 598 2287 651 est.
2319 597 2463 652 Tam
2488 596 2697 666 gravia
2724 596 2787 651 in
2817 611 2929 651 nos
2957 594 3175 667 impius
3201 594 3559 649 Maximinus

1897 683 2164 741 facinora
2192 683 2399 749 edidit,
2430 689 2495 740 ut
2521 685 2687 740 visus
2717 685 2792 741 sit
2828 685 3122 756 majorem
3153 683 3332 739 etiam
3362 683 3559 755 priore

1898 773 2306 844 persecutione
2331 778 2539 830 contra
2566 789 2680 830 nos
2720 775 3056 831 concitasse
3083 776 3337 829 motum.
3370 773 3554 842 Cujus

1895 863 2074 917 etiam
2097 867 2262 919 tanta
2284 861 2397 920 fuit
2415 864 2635 919 mentis
2655 864 2960 931 vecordia,
2983 867 3214 934 quanta
3237 876 3550 933 nunquam

1894 954 2074 1006 antea
2093 951 2385 1007 exstitisse
2408 951 2715 1007 memoria
2734 952 2974 1022 prodita
2995 956 3102 1007 est.
3124 953 3365 1007 Decreta
3388 950 3548 1006 enim

1895 1037 2156 1105 urbium,
2198 1044 2254 1095 et
2290 1040 2692 1112 imperialium
2732 1040 3224 1097 constitutionum
3265 1040 3553 1112 rescripta

1893 1128 2061 1182 aereis
2088 1128 2391 1200 insculpta
2410 1128 2728 1198 columnis,
2754 1128 3166 1185 terrendorum
3196 1128 3551 1186 Christiano-

1891 1232 2026 1271 rum
2047 1233 2238 1273 causa
2257 1218 2321 1273 in
2351 1217 2566 1273 mediis
2595 1216 2849 1274 urbibus
2880 1217 3189 1290 publicata
3222 1237 3235 1276 :
3265 1222 3323 1273 et
3346 1216 3552 1289 pueris

1891 1305 1952 1360 in
1981 1305 2192 1362 ludum
2222 1306 2572 1363 litterarium
2604 1306 2683 1362 ad
2716 1308 3037 1377 magistros
3064 1305 3367 1371 euntibus,
3398 1305 3550 1362 nihil

1891 1393 2051 1449 aliud
2097 1399 2215 1451 toto
2252 1394 2350 1450 die
2393 1396 2455 1450 in
2491 1410 2593 1452 ore
2624 1399 2752 1452 erat
2786 1411 2969 1468 quam
3010 1394 3225 1451 Pilatus
3265 1399 3321 1449 et
3356 1395 3546 1460 Jcsus,

1889 1483 2127 1555 aliaque
2151 1484 2282 1555 ejus
2309 1485 2544 1554 generis
2563 1484 2643 1541 ad
2669 1483 3097 1540 contumeliam
3122 1487 3395 1540 nostram
3419 1487 3546 1538 tum

1888 1573 2151 1644 primum
2194 1573 2450 1630 conﬁcta
2493 1578 2552 1629 et
2595 1573 2929 1643 excogitata
2963 1592 2977 1632 :
3028 1588 3129 1645 per
3168 1589 3306 1646 quae
3336 1573 3542 1627 omnia

1886 1677 2191 1718 summum
2219 1662 2520 1719 Maximini
2549 1662 2611 1718 in
2636 1666 2824 1719 Deum
2865 1662 3094 1728 odium,
3124 1661 3542 1734 arrogantissi-

173 1752 336 1813 δίκην
390 1757 652 1827 ἄγρυπνον
703 1752 864 1806 οὖσαν
918 1760 1035 1815 ταῖς
1080 1762 1180 1805 τῶν
1238 1752 1436 1806 ἀσεϐῶν
1480 1758 1764 1825 πονηρίαιςε

1887 1767 2176 1823 mumque
2197 1751 2504 1808 scelerosa
2526 1752 2577 1823 ej
2587 1768 2656 1807 us
2676 1752 2894 1808 animae
2916 1751 3301 1823 supercilium
3322 1750 3545 1822 perspi-

170 1850 264 1897 διαὶ
290 1848 425 1897 κατά
458 1841 632 1905 πόδας
689 1842 992 1906 ἐπεξιούσαν
1026 1860 1039 1872 ⁶
1081 1842 1165 1914 ὑφ’
1218 1844 1280 1902 ἧς
1325 1843 1672 1913 ἐλαυνόμενος,
1715 1842 1773 1893 οὐ

162 1935 308 1985 πάνυ
386 1934 562 2007 πόρρω
641 1938 729 1984 καὶ
795 1933 951 1994 αὐτὸς
1035 1932 1278 1984 τάναντία
1342 1933 1579 2005 ἓγγράφῳ
1635 1935 1773 2002 νόμῳ

162 2024 295 2095 ὑπὲρ
347 2024 492 2092 ἡμῶν
523 2020 831 2075 ἐϐουλεύετο.
890 2022 1021 2091 Ἐγώ
1070 2017 1129 2072 δι
1185 2020 1253 2080 εἰς
1313 2016 1531 2081 ἔνδειξιν
1577 2023 1666 2070 καί
1719 2038 1772 2070 τι

158 2116 320 2183 μέρος
370 2118 469 2162 τῶν
531 2109 579 2161 ἐν
650 2110 864 2170 στήλαις
912 2108 1086 2180 ἐκείνῳ
1135 2113 1502 2183 γεγραμμένων
1569 2107 1772 2165 ἐνθήσω

153 2207 223 2273 τῇ
285 2200 509 2272 ἱστορίᾳ.
571 2197 699 2270 Εἶχε
759 2197 817 2251 δὲ
857 2199 1036 2258 οὕτως.
1093 2195 1289 2255 «Ἤδη
1322 2201 1445 2250 ποτε
1484 2199 1513 2254 ἠ
1548 2196 1772 2258 ἀσθενὴς

158 2292 429 2360 θρασύτης
507 2297 597 2349 τῆς
656 2289 984 2360 ἀνθρωπίνης
1062 2284 1300 2347 διανοίας
1358 2290 1557 2357 ἴσχυσε
1594 2291 1768 2338 πᾶσαν

156 2379 362 2439 πλάνης
439 2376 785 2449 ἀμαυρότητα
869 2382 957 2429 καὶ
1037 2377 1269 2448 ὀμίχλην
1353 2375 1763 2447 ἀποστησαμένη

156 2472 253 2518 καὶ
298 2463 660 2518 ἀνασκεδάσαι
695 2482 709 2494 ·
765 2469 882 2526 ἣτις
936 2469 1034 2539 πρὸ
1087 2468 1275 2517 τούτου
1307 2468 1366 2517 οὗ
1397 2472 1642 2517 τοσοῦτον
1668 2471 1766 2515 τῶν

157 2554 381 2618 etas-36w,
438 2557 559 2608 ὅσον
596 2564 696 2606 τῶν
754 2553 942 2606 ἀθλίων
1000 2552 1280 2627 ἀνθρώπων
1335 2556 1429 2614 τὰς
1490 2552 1766 2613 αἰσθήσεις

157 2644 375 2716 ὀλεθρίῳ
425 2643 636 2714 ἀγνοίας
684 2647 851 2711 σκότῳ
905 2641 1247 2702 ἑνειληθείσας
1303 2640 1597 2714 ἐπολιόρκει
1656 2640 1765 2691 ἐπι-

157 2742 347 2804 γνῶναι
382 2748 396 2760 ’
462 2736 595 2785 ὥστε
646 2741 745 2783 τῶν
801 2730 1068 2783 ἀθανάτων
1124 2732 1247 2782 θεῶν
1304 2730 1572 2802 φιλαγάθῳ
1632 2749 1757 2802 προ-

162 2828 277 2893 νοίᾳ
326 2818 600 2874 διοικεῖται
657 2827 746 2873 καὶ
826 2823 1274 2893 σταθεροποιεῖται
1347 2821 1468 2890 ὅπερ
1543 2822 1763 2890 γράμμα

161 2912 381 2964 ἄπιστόν
438 2911 578 2963 ἐστιν
615 2912 773 2963 εἰπεῖν
806 2927 817 2938 '
874 2911 1010 2972 ὅπως
1064 2913 1468 2983 κεχαρισμένον,
1523 2909 1656 2969 ὅπως
1707 2929 1762 2962 τε

158 2998 382 3059 ἣδιστον
440 3006 529 3052 καὶ
577 2998 855 3073 προσφιλὲς
904 3000 1027 3070 ἡμῖν
1083 3003 1287 3069 γέγονεν
1328 3015 1340 3028 ·
1396 3000 1467 3058 ὡς
1516 3002 1759 3068 μέγιστον

151 3084 354 3159 δεῖγμα
410 3096 500 3147 τῆς
547 3086 810 3158 θεοφιλοῦς
860 3087 1006 3157 ἡμῶν
1060 3089 1407 3159 προαιρέσεως
1464 3081 1761 3142 δεδηλωκέ-

337 3178 466 3228 ὃπου
518 3194 571 3227 τε
623 3178 709 3226 καὶ
751 3177 849 3248 πρὸ
904 3176 1088 3226 τούτου
1151 3170 1322 3226 οὐδενὶ
1376 3175 1642 3238 ἄγνωστον
1696 3170 1756 3231 ἦν

1795 3120 1837 3177 C

148 3196 242 3227 ναι
269 3191 282 3205 ⁸

149 3267 342 3324 ὁποίας
421 3269 832 3338 παρατηρήσεως
906 3269 997 3315 καὶ
1073 3261 1361 3323 θεοσεϐείας
1416 3266 1546 3336 πρός
1637 3266 1757 3325 τοὺς

151 3355 449 3414 ἀθανάτους
502 3354 808 3425 ἐτυγχάνετε
848 3356 981 3413 ὄντες
1012 3369 1025 3383 °
1072 3353 1162 3413 οὖς
1209 3352 1268 3404 οὐ
1301 3351 1465 3421 ψιλῶν
1501 3356 1592 3403 καὶ
1621 3353 1753 3403 {nro-

147 3448 307 3496 κένων
348 3444 597 3517 ῥημάτων
651 3447 851 3505 πίστις,
904 3440 1033 3493 ἀλλὰ
1085 3446 1172 3493 καὶ
1215 3449 1410 3512 συνεχῆ
1446 3444 1535 3492 καὶ
1581 3443 1750 3513 παρά-

151 3531 290 3595 δοξα
344 3532 504 3605 ἔργων
569 3530 842 3602 ἐπισήμων
901 3530 1230 3601 γνωρίζεται.
1292 3531 1474 3599 Διόπερ
1537 3528 1753 3591 ἐπαξίως

148 3625 179 3679 ἡ
246 3623 464 3693 ὑμετέρα
510 3619 659 3681 πόλις
730 3622 852 3672 θεῶν
922 3617 1189 3671 ἀθανάτων
1244 3617 1396 3689 φόϐον
1456 3614 1657 3687 ἰδρυμά
1700 3637 1753 3671 τε

145 3713 241 3762 καὶ
286 3709 584 3784 οἰκητήριον
637 3708 953 3761 ὲπικαλοῖτο.
1032 3706 1243 3769 Πολλοῖς
1283 3714 1408 3778 γοῦν
1464 3702 1751 3780 παραδείγ-

144 3818 286 3872 μασι
336 3803 706 3870 καταφαίνεται
770 3805 829 3869 τῇ
911 3805 1010 3848 τῶν
1062 3796 1311 3867 οὐρανίων
1397 3796 1519 3847 θεῶν
1587 3794 1749 3852 αὐτὴν

144 3884 408 3959 ἐπιδημίᾳ
470 3887 663 3942 ἀνθεῖν.
738 3882 881 3939 Ἰδοὺ
967 3890 1139 3937 τοίνυν
1219 3886 1250 3942 η
1304 3886 1527 3957 ὑμετέρα
1578 3883 1746 3948 πόλις,

143 3978 353 4030 πάντων
411 3985 510 4029 τῶν
567 3974 681 4048 ἰδία
773 3972 1118 4048 διαφερόντων
1196 3974 1359 4034 αὐτῆς
1416 3972 1745 4041 ἀμελήσασα,

144 4070 241 4117 καὶ
293 4068 381 4125 τὰς
426 4069 674 4138 πρότερον
722 4073 819 4115 τῶν
882 4065 1009 4137 ὑπὲρ
1054 4063 1217 4125 αὐτῆς
1252 4065 1570 4134 πραγμάτων
1622 4058 1750 4119 δεή-

141 4172 258 4213 σεις
313 4151 639 4228 παριδοῦσα,
691 4155 773 4205 ὅτε
808 4152 959 4205 πάλιν
988 4153 1180 4209 ἣσθετο
1219 4160 1315 4213 τῆς
1352 4159 1444 4203 τοῦ
1487 4150 1745 4223 έπαράτου

143 4246 492 4314 ματαιότητος
569 4247 844 4312 γεγονότας
908 4242 1076 4313 ἕρπειν
1134 4245 1230 4319 ,καὶ
1309 4242 1582 4315 ἔρχεσθαι,
1657 4245 1746 4292 καὶ

143 4333 323 4405 ὥσπερ
386 4330 729 4403 ἀμεληθεῖσαν
795 4335 885 4383 καὶ
962 4334 1335 4402 κεκοιμημένην
1408 4334 1570 4401 αὔραν
1622 4328 1746 4381 ἀνα-

1149 4424 1405 4492 μεγίστην
1485 4422 1746 4491 πυρκαῐάν

1124 4514 1216 4567 τὴν
1297 4511 1549 4580 ἡμετέραν
1604 4512 1744 4560 εὐσέ-

142 4422 182 4482 ζ
185 4440 396 4495 ωπυρου
401 4425 561 4491 μένων
643 4430 742 4472 τῶν
819 4428 1055 4495 πυρσῶν,

649 4509 832 4570 εὐθέως
912 4512 1042 4581 πρὸς

830 4598 1151 4671 μητρόπολιν
1238 4597 1378 4649 ἰασίν
1460 4616 1577 4649 τινα
1654 4600 1744 4648 καὶ

144 4508 347 4569 ἁναπλη
355 4518 570 4582 ροῦσαν,

142 4598 309 4664 ϐειαν,
379 4600 552 4669 ὥσπερ
622 4601 747 4669 πρὸς

139 4692 316 4760 χωρὶς
347 4687 610 4758 μελήσεὼς
661 4705 798 4749 τινος
859 4690 1166 4758 κακέφυγεν,
1203 4695 1384 4738 πασῶν
1426 4683 1739 4748 θεοσεϐειών,

142 4775 392 4850 βοήθειαν
433 4774 732 4827 ἀπαιτοῦσα
761 4792 773 4804 '
810 4798 836 4823 »
864 4780 955 4826 καὶ
1013 4777 1078 4827 τὰ
1119 4774 1233 4836 ἑξῆς
1271 4783 1365 4835 τῆς
1393 4775 1575 4845 ὁμοίας
1614 4770 1744 4826 δυσ-

140 4863 352 4925 σεϐείας
398 4863 640 4935 ἐχόμενα,
690 4863 881 4921 πολλὴν
933 4861 1274 4935 καταδρομὴν
1328 4859 1461 4921 ἦσαν
1486 4862 1738 4933 λέγοντα·

141 4956 217 5014 ὡς
267 4950 339 5005 δι’
389 4954 525 5023 ἡμᾶς
575 4955 633 5003 τὸ
667 4953 797 5003 θεῖον
838 4948 1104 5022 δυσμενῶς
1156 4954 1302 5022 ἔχον,
1338 4956 1438 5004 πᾶν
1473 4954 1517 5003 εἶ
1558 4970 1609 5002 τι
1640 4947 1744 5002 δει-

139 5046 229 5093 νόν
260 5042 310 5093 ἐν
343 5042 454 5114 ἀέρι
484 5046 572 5093 καὶ
601 5048 668 5112 γῇ
703 5048 793 5093 καί
818 5037 1012 5093 ὕδασιν
1050 5040 1270 5111 ἐμποιεῖ.

1883 1856 2015 1897 cere
2053 1840 2235 1906 licuit,
2266 1846 2325 1896 et
2360 1841 2625 1898 divinam
2657 1840 2859 1897 mirari
2886 1840 3238 1904 vindictam,
3271 1855 3407 1912 qum
3437 1854 3541 1894 ex-

1881 1929 2103 1986 cubare
2141 1930 2426 1986 continua
2454 1930 2724 2002 quadam
2756 1928 2965 2000 vigilia
3000 1944 3183 2001 super
3214 1928 3541 2000 impiorum

1885 2019 2134 2083 malitia,
2166 2018 2533 2090 eosdemque
2558 2019 2621 2073 in
2648 2019 2893 2089 vestigio
2923 2018 3207 2090 consequi
3246 2016 3414 2073 solet.
3451 2017 3540 2071 Ab

1877 2107 1993 2163 hac
2044 2107 2141 2163 ille
2175 2107 2509 2180 perculsus,
2538 2122 2660 2164 non
2707 2107 2899 2164 multo
2945 2112 3088 2181 post
3122 2107 3253 2175 lege
3294 2106 3536 2177 scripta,

1878 2196 2060 2268 priori
2106 2196 2511 2268 paciﬁcationi
2549 2196 2920 2253 contrarium
2959 2211 3206 2267 prorsus
3243 2193 3319 2250 de
3363 2193 3541 2249 nobis

1877 2286 2098 2340 statuit.
2126 2287 2192 2341 Ut
2213 2289 2413 2341 autem
2437 2284 2714 2357 impietas
2734 2285 2863 2356 ejus
2883 2284 3206 2341 manifesto
3229 2283 3538 2355 probetur,

1875 2379 2108 2444 partem
2136 2373 2473 2445 quamdam
2504 2374 2941 2430 constitutionis
2972 2374 3103 2445 ejus
3130 2387 3316 2445 quam
3348 2372 3408 2426 in
3444 2387 3541 2427 co-

1872 2462 2147 2518 lumnam
2175 2462 2358 2519 incidi
2397 2463 2648 2534 curavit,
2680 2462 2938 2519 historias
2976 2462 3116 2518 huic
3154 2462 3415 2516 inserere
3453 2463 3543 2516 est

1873 2552 2092 2607 visum.
2122 2554 2233 2608 Res
2274 2552 2360 2608 sic
2394 2568 2457 2608 se
2495 2551 2695 2617 habet,
2728 2571 2759 2603 (ι
2791 2554 2921 2608 lam
2957 2551 3198 2607 tandem
3240 2548 3540 2606 imbecilla

1870 2639 2153 2696 humanm
2175 2640 2392 2697 mentis
2411 2640 2669 2696 audacia
2690 2640 3053 2697 seductionis
3078 2640 3409 2710 errorisque
3434 2638 3541 2694 ob-

1870 2734 2214 2785 scuritatem
2235 2735 2414 2801 atque
2434 2729 2753 2799 caliginem
2774 2729 3004 2801 depulit
3019 2734 3077 2784 et
3094 2728 3406 2783 discussit:
3431 2726 3537 2798 qui

1867 2817 2110 2889 quidem
2129 2819 2382 2875 antehac
2403 2818 2760 2890 perniciosis
2776 2818 3128 2888 ignorantia:
3150 2816 3434 2885 tenebris,
3457 2816 3538 2872 ita

1869 2922 1993 2964 non
2014 2914 2137 2964 tam
2162 2908 2485 2979 impiorum
2505 2924 2692 2979 quam
2716 2907 3197 2963 miserandorum
3216 2906 3535 2962 hominum

1869 3012 2084 3052 sensus
2112 2996 2374 3063 involvit,
2407 2995 2588 3069 479
2615 3001 2681 3053 ut
2713 3012 2837 3052 rem
2869 2997 3299 3067 veritatemque
3334 2995 3535 3066 ipsam

1868 3099 2227 3154 cognoscere
2267 3100 2391 3141 non
2423 3086 2741 3157 potuerint.
2775 3084 2890 3142 Sed
2930 3083 3219 3154 singulari
3250 3082 3536 3152 benigna-

1865 3188 1984 3246 que
2009 3174 2262 3229 deorum
2282 3173 2717 3231 immortalium
2739 3173 3135 3246 providentia,
3162 3171 3418 3228 infidum
3449 3175 3533 3227 at-

1863 3278 1982 3335 que
2010 3262 2283 3335 iniquum
2315 3263 2406 3335 (ut
2438 3263 2521 3319 ita
2562 3262 2791 3335 dicam)
2829 3263 3001 3319 librae
3029 3267 3423 3327 momentum,
3455 3262 3535 3317 ad

1857 3352 2084 3422 justam
2123 3356 2468 3424 rectamque
2506 3356 2792 3408 stateram
2826 3357 2920 3408 est
2956 3351 3292 3416 reductum,
3337 3357 3402 3406 ut
3434 3366 3532 3406 res

1860 3456 2074 3496 omnes
2115 3440 2288 3497 nobis
2317 3446 2524 3510 gratae,
2554 3456 2770 3497 suaves
2808 3446 2865 3498 et
2897 3440 3181 3513 jucundas
3220 3440 3526 3495 eveniant,

1860 3538 1918 3585 et
1941 3538 1999 3585 ut
2020 3530 2145 3601 jam
2173 3530 2506 3586 maximum
2529 3530 3054 3603 certissimumque
3075 3535 3296 3585 nostra!
3318 3527 3392 3583 de
3413 3527 3529 3583 diis

1859 3619 2005 3689 ipsis
2034 3618 2338 3689 opinionis
2367 3635 2440 3674 ac
2465 3618 2702 3691 pietatis
2731 3624 2920 3675 exstet
2948 3619 3259 3674 indicium.
3290 3618 3403 3674 Sed
3429 3632 3527 3671 ne-

1858 3724 1976 3780 que
2015 3707 2267 3762 antehac
2296 3707 2582 3779 cuiquam
2612 3707 2885 3777 ignotum
2914 3707 3045 3774 fuit,
3075 3706 3297 3780 quibus
3336 3719 3526 3761 caere-

1857 3796 2077 3853 moniis
2101 3801 2159 3851 et
2188 3796 2376 3851 sacris
2404 3796 2487 3851 dii
2532 3795 2905 3853 immortales
2934 3812 2970 3853 a
2999 3796 3175 3853 vobis
3208 3795 3326 3850 sint
3362 3792 3519 3858 culti,

1857 3901 2013 3959 quos
2036 3900 2158 3940 non
2180 3884 2360 3941 nudis
2381 3889 2562 3957 atque
2585 3886 2870 3943 inanibus
2892 3885 3034 3942 ﬂdei
3055 3885 3275 3948 verbis,
3315 3898 3523 3938 verum

1856 3972 2223 4030 admirandis
2261 3974 2683 4047 praeclarisque
2711 3974 2996 4045 operibus
3020 3978 3309 4045 perpetuo
3348 3986 3526 4027 vene-

1853 4062 1971 4118 rari
1996 4067 2053 4117 et
2078 4061 2465 4130 magniﬁcare
2490 4062 2789 4118 convenit.
2820 4065 2991 4119 Recte
3018 4064 3284 4134 profecto
3312 4060 3521 4116 civitas

1856 4157 2052 4207 vestra
2076 4150 2325 4206 deorum
2354 4150 2803 4215 immortalium.
2833 4158 3076 4224 propter
3096 4152 3322 4207 cultum
3346 4149 3525 4204 timo-

1853 4255 2102 4312 remque
2145 4255 2376 4306 eorum,
2421 4240 2749 4297 sacrarium
2797 4248 2853 4297 et
2898 4241 3271 4297 domicilium
3311 4238 3518 4294 vocari

1854 4337 2035 4401 queat
2061 4344 2074 4383 :
2110 4333 2165 4383 et
2197 4328 2400 4384 multis
2437 4327 2672 4384 indiciis
2701 4329 2847 4385 satis
2891 4333 3147 4399 constat,
3176 4344 3310 4385 eam
3342 4326 3520 4384 cmle-

1854 4419 2030 4473 stium
2054 4418 2307 4473 deorum
2330 4417 2649 4488 prmsentia
2667 4416 2899 4475 ﬂorere.
2922 4420 3127 4492 Itaque
3151 4418 3293 4473 urbs
3325 4424 3521 4475 vestra

1852 4522 1992 4563 cum
2012 4506 2192 4561 rebus
2222 4506 2505 4562 omnibus
2536 4505 2616 4562 illi
2646 4506 3018 4578 peculiariter
3038 4507 3521 4564 conducibilibus

1851 4594 2235 4667 posthabitis,
2268 4600 2394 4651 tum
2424 4594 2605 4651 etiam
2635 4599 2695 4650 et
2731 4596 3116 4668 petitionibus
3145 4596 3369 4668 quibus
3411 4610 3521 4668 pro

1852 4700 1966 4739 suo
2003 4684 2194 4755 ipsius
2225 4688 2381 4739 statu
2428 4685 2594 4755 prius
2633 4684 2717 4739 uti
2756 4684 3005 4751 solebat,
3039 4684 3299 4749 omissis,
3333 4700 3520 4757 quam

1852 4772 2112 4843 primum
2134 4787 2341 4828 rursus
2364 4772 2642 4829 homines
2665 4773 3047 4829 exsecranda
3078 4773 3323 4829 vanitati
3349 4773 3517 4829 dedi-

1853 4866 1944 4917 tos
1976 4861 2089 4916 late
2122 4876 2356 4932 serpere
2394 4868 2451 4917 et
2480 4862 2829 4933 propagari,
2861 4878 2933 4919 ac
2962 4862 3142 4918 veluti
3182 4863 3515 4932 neglectam

1851 4955 2033 5022 atque
2061 4949 2321 5020 sopitam
2343 4966 2555 5007 auram
2580 4950 2814 5005 facibus
2840 4951 2962 5007 vim
2989 4951 3311 5024 ignemque
3336 4966 3517 5005 suum

1853 5054 1960 5108 per
1988 5054 2124 5093 eam
2149 5038 2593 5109 recipientibus,
2623 5042 2862 5094 vastum
2893 5039 3239 5095 incendium
3270 5038 3515 5095 differre

135 5146 213 5187 ac
238 5130 486 5185 dilatare
518 5130 724 5196 sensit,
757 5128 920 5184 nulla
949 5131 1299 5200 interposita
1327 5144 1496 5183 mora
1526 5126 1839 5184 confestim
1870 5127 1946 5182 ad
1979 5128 2260 5197 pietatem
2290 5132 2581 5195 nostram,
2608 5127 2856 5198 perinde
2884 5133 3064 5200 atque
3094 5127 3174 5184 ad
3204 5143 3514 5183 sacrorum

136 5218 459 5290 cultusque
489 5218 744 5274 deorum
774 5219 972 5273 omnis
1006 5217 1380 5289 metropolim
1414 5217 1745 5288 urbemque
1778 5216 2114 5288 principem
2149 5215 2438 5284 confugit,
2469 5231 2650 5288 opem
2681 5220 2740 5270 et
2769 5216 3062 5272 auxilium
3099 5216 3453 5287 implorans.
3490 5238 3511 5265 ι

141 5310 211 5363 Et
246 5312 462 5362 caetera
500 5323 634 5378 quae
676 5312 1028 5378 sequuntur,
1060 5305 1389 5361 consimilis
1425 5305 1742 5377 impietatis
1778 5305 1977 5376 plena,
2012 5303 2562 5377 professionemque
2588 5311 2860 5361 nostram
2891 5306 3352 5377 perstringentia
3385 5306 3464 5377 (ι)
3502 5324 3516 5361 :

142 5402 438 5469 tanquam
459 5395 731 5451 divinum
754 5398 982 5451 Numen
1008 5401 1250 5467 propter
1268 5411 1379 5451 nos
1400 5396 1642 5459 iratum,
1665 5394 1959 5467 quidquid
1982 5399 2072 5449 est
2093 5393 2154 5449 in
2180 5408 2334 5460 aere,
2358 5393 2421 5449 in
2450 5398 2610 5450 terra
2631 5396 2688 5449 et
2707 5392 2769 5449 in
2790 5394 2964 5465 aquis
2985 5393 3150 5462 mali,
3172 5393 3521 5452 hominibus

145 5484 455 5541 immittat.

219 5591 297 5663 (t)
325 5590 616 5650 Eusebius
653 5590 759 5649 lib.
794 5606 879 5657 tx,
910 5605 1044 5664 cap.
1072 5596 1127 5657 7,
1159 5591 1262 5663 qui
1290 5590 1585 5663 scriptum
1612 5590 1728 5651 hoc
1755 5591 1887 5665 Tyri
1913 5590 2293 5669 propositum
2320 5588 2488 5646 vidit.
