  <div class='ocr_page' id='page_1' title='image "/cluster/home/n/w/nwhite01/storage/ocr_20150623/145/mdp.39015061167048/641.png"; bbox 0 0 4028 6294; ppageno 0'>
   <div class='ocr_carea' id='block_1_1' title="bbox 570 256 715 316">
    <p class='ocr_par' dir='ltr' id='par_1_1' title="bbox 570 256 715 316">
     <span class='ocr_line' id='line_1_1' title="bbox 570 256 715 316; baseline 0.014 -2"><span class='ocrx_word' id='word_1_1' title='bbox 570 256 715 316; x_wconf 73' lang='grc'>4267</span> 
     </span>
    </p>
   </div>
   <div class='ocr_carea' id='block_1_2' title="bbox 1153 386 1640 446">
    <p class='ocr_par' dir='ltr' id='par_1_2' title="bbox 1153 386 1640 446">
     <span class='ocr_line' id='line_1_2' title="bbox 1153 386 1640 446; baseline -0.014 0"><span class='ocrx_word' id='word_1_2' title='bbox 1153 389 1378 446; x_wconf 78' lang='lat' dir='ltr'>CAPUT</span> <span class='ocrx_word' id='word_1_3' title='bbox 1408 386 1640 444; x_wconf 86' lang='lat' dir='ltr'>XXVIII.</span> 
     </span>
    </p>
   </div>
   <div class='ocr_carea' id='block_1_3' title="bbox 571 475 2227 552">
    <p class='ocr_par' dir='ltr' id='par_1_3' title="bbox 571 475 2227 552">
     <span class='ocr_line' id='line_1_3' title="bbox 571 475 2227 552; baseline -0.003 -17"><span class='ocrx_word' id='word_1_4' title='bbox 571 479 661 536; x_wconf 81' lang='lat' dir='ltr'>De</span> <span class='ocrx_word' id='word_1_5' title='bbox 696 493 871 546; x_wconf 63' lang='lat' dir='ltr'>sava,</span> <span class='ocrx_word' id='word_1_6' title='bbox 918 495 1051 552; x_wconf 72' lang='lat' dir='ltr'>qua!</span> <span class='ocrx_word' id='word_1_7' title='bbox 1080 494 1144 537; x_wconf 78' lang='lat' dir='ltr'>eo</span> <span class='ocrx_word' id='word_1_8' title='bbox 1185 487 1441 552; x_wconf 73' lang='lat' dir='ltr'>tempore</span> <span class='ocrx_word' id='word_1_9' title='bbox 1477 481 1754 552; x_wconf 59' lang='lat' dir='ltr'>grassata</span> <span class='ocrx_word' id='word_1_10' title='bbox 1801 478 1906 540; x_wconf 85' lang='lat' dir='ltr'>est,</span> <span class='ocrx_word' id='word_1_11' title='bbox 1957 475 2121 543; x_wconf 87' lang='lat' dir='ltr'>fame</span> <span class='ocrx_word' id='word_1_12' title='bbox 2171 482 2227 531; x_wconf 81' lang='lat' dir='ltr'>et</span> 
     </span>
    </p>
   </div>
   <div class='ocr_carea' id='block_1_4' title="bbox 1208 548 1579 621">
    <p class='ocr_par' dir='ltr' id='par_1_4' title="bbox 1208 548 1579 621">
     <span class='ocr_line' id='line_1_4' title="bbox 1208 548 1579 621; baseline -0.016 -15"><span class='ocrx_word' id='word_1_13' title='bbox 1208 548 1579 621; x_wconf 79' lang='lat' dir='ltr'>pestilentia.</span> 
     </span>
    </p>
   </div>
   <div class='ocr_carea' id='block_1_5' title="bbox 646 652 2227 728">
    <p class='ocr_par' dir='ltr' id='par_1_5' title="bbox 646 652 2227 728">
     <span class='ocr_line' id='line_1_5' title="bbox 646 652 2227 728; baseline -0.004 -16"><span class='ocrx_word' id='word_1_14' title='bbox 646 658 1025 728; x_wconf 88' lang='lat' dir='ltr'>Ejuscemodi</span> <span class='ocrx_word' id='word_1_15' title='bbox 1063 658 1268 714; x_wconf 82' lang='lat' dir='ltr'>litteris</span> <span class='ocrx_word' id='word_1_16' title='bbox 1306 660 1517 713; x_wconf 91' lang='lat' dir='ltr'>contra</span> <span class='ocrx_word' id='word_1_17' title='bbox 1553 671 1665 711; x_wconf 90' lang='lat' dir='ltr'>nos</span> <span class='ocrx_word' id='word_1_18' title='bbox 1704 652 2050 726; x_wconf 84' lang='lat' dir='ltr'>publicatis,</span> <span class='ocrx_word' id='word_1_19' title='bbox 2090 667 2227 724; x_wconf 89' lang='lat' dir='ltr'>spes</span> 
     </span>
    </p>
   </div>
   <div class='ocr_carea' id='block_1_6' title="bbox 569 743 2228 818">
    <p class='ocr_par' dir='ltr' id='par_1_6' title="bbox 569 743 2228 818">
     <span class='ocr_line' id='line_1_6' title="bbox 569 743 2228 818; baseline -0.004 -16"><span class='ocrx_word' id='word_1_20' title='bbox 569 762 773 803; x_wconf 89' lang='lat' dir='ltr'>rerum</span> <span class='ocrx_word' id='word_1_21' title='bbox 803 748 1118 804; x_wconf 84' lang='lat' dir='ltr'>meliorum</span> <span class='ocrx_word' id='word_1_22' title='bbox 1153 747 1374 811; x_wconf 88' lang='lat' dir='ltr'>omnis,</span> <span class='ocrx_word' id='word_1_23' title='bbox 1405 750 1700 818; x_wconf 89' lang='lat' dir='ltr'>quantum</span> <span class='ocrx_word' id='word_1_24' title='bbox 1734 745 1794 798; x_wconf 91' lang='lat' dir='ltr'>in</span> <span class='ocrx_word' id='word_1_25' title='bbox 1834 743 2009 798; x_wconf 91' lang='lat' dir='ltr'>nobis</span> <span class='ocrx_word' id='word_1_26' title='bbox 2051 743 2228 797; x_wconf 87' lang='lat' dir='ltr'>situm</span> 
     </span>
    </p>
   </div>
   <div class='ocr_carea' id='block_1_7' title="bbox 571 833 2232 908">
    <p class='ocr_par' dir='ltr' id='par_1_7' title="bbox 571 833 2232 908">
     <span class='ocr_line' id='line_1_7' title="bbox 571 833 2232 908; baseline -0.004 -16"><span class='ocrx_word' id='word_1_27' title='bbox 571 843 680 902; x_wconf 87' lang='lat' dir='ltr'>est,</span> <span class='ocrx_word' id='word_1_28' title='bbox 713 837 1194 908; x_wconf 67' lang='lat' dir='ltr'>prmcludebatur</span> <span class='ocrx_word' id='word_1_29' title='bbox 1225 855 1240 892; x_wconf 87' lang='lat'><strong>:</strong></span> <span class='ocrx_word' id='word_1_30' title='bbox 1267 840 1324 891; x_wconf 89' lang='lat' dir='ltr'>et</span> <span class='ocrx_word' id='word_1_31' title='bbox 1352 834 1516 890; x_wconf 88' lang='lat' dir='ltr'>electi</span> <span class='ocrx_word' id='word_1_32' title='bbox 1548 849 1790 906; x_wconf 92' lang='lat' dir='ltr'>quoque</span> <span class='ocrx_word' id='word_1_33' title='bbox 1829 833 1980 887; x_wconf 89' lang='lat' dir='ltr'>inter</span> <span class='ocrx_word' id='word_1_34' title='bbox 2009 847 2140 896; x_wconf 88' lang='lat' dir='ltr'>nos,</span> <span class='ocrx_word' id='word_1_35' title='bbox 2170 836 2232 885; x_wconf 91' lang='lat' dir='ltr'>ut</span> 
     </span>
    </p>
   </div>
   <div class='ocr_carea' id='block_1_8' title="bbox 571 921 2233 994">
    <p class='ocr_par' dir='ltr' id='par_1_8' title="bbox 571 921 2233 994">
     <span class='ocr_line' id='line_1_8' title="bbox 571 921 2233 994; baseline -0.004 -14"><span class='ocrx_word' id='word_1_36' title='bbox 571 930 662 981; x_wconf 87' lang='lat' dir='ltr'>est</span> <span class='ocrx_word' id='word_1_37' title='bbox 679 927 740 981; x_wconf 92' lang='lat' dir='ltr'>in</span> <span class='ocrx_word' id='word_1_38' title='bbox 762 942 932 982; x_wconf 85' lang='lat' dir='ltr'>sacro</span> <span class='ocrx_word' id='word_1_39' title='bbox 952 925 1220 994; x_wconf 88' lang='lat' dir='ltr'>oraculo,</span> <span class='ocrx_word' id='word_1_40' title='bbox 1243 941 1366 980; x_wconf 92' lang='lat' dir='ltr'>non</span> <span class='ocrx_word' id='word_1_41' title='bbox 1389 924 1450 979; x_wconf 90' lang='lat' dir='ltr'>in</span> <span class='ocrx_word' id='word_1_42' title='bbox 1472 922 1773 979; x_wconf 81' lang='lat' dir='ltr'>mediocre</span> <span class='ocrx_word' id='word_1_43' title='bbox 1795 921 2233 977; x_wconf 90' lang='lat' dir='ltr'>delabebantur</span> 
     </span>
    </p>
   </div>
   <div class='ocr_carea' id='block_1_9' title="bbox 573 1011 2232 1071">
    <p class='ocr_par' dir='ltr' id='par_1_9' title="bbox 573 1011 2232 1071">
     <span class='ocr_line' id='line_1_9' title="bbox 573 1011 2232 1071; baseline -0.004 -1"><span class='ocrx_word' id='word_1_44' title='bbox 573 1015 931 1071; x_wconf 80' lang='lat' dir='ltr'>scandalum</span> <span class='ocrx_word' id='word_1_45' title='bbox 945 1020 1002 1070; x_wconf 91' lang='lat' dir='ltr'>et</span> <span class='ocrx_word' id='word_1_46' title='bbox 1016 1015 1471 1071; x_wconf 78' lang='lat' dir='ltr'>oﬁendiculum.</span> <span class='ocrx_word' id='word_1_47' title='bbox 1489 1015 1702 1068; x_wconf 91' lang='lat' dir='ltr'>Verum</span> <span class='ocrx_word' id='word_1_48' title='bbox 1720 1012 2026 1066; x_wconf 83' lang='lat' dir='ltr'>enimvero</span> <span class='ocrx_word' id='word_1_49' title='bbox 2043 1011 2232 1066; x_wconf 89' lang='lat' dir='ltr'>omni-</span> 
     </span>
    </p>
   </div>
   <div class='ocr_carea' id='block_1_10' title="bbox 569 1101 2234 1176">
    <p class='ocr_par' dir='ltr' id='par_1_10' title="bbox 569 1101 2234 1176">
     <span class='ocr_line' id='line_1_10' title="bbox 569 1101 2234 1176; baseline -0.004 -16"><span class='ocrx_word' id='word_1_50' title='bbox 569 1103 689 1160; x_wconf 88' lang='lat' dir='ltr'>bus</span> <span class='ocrx_word' id='word_1_51' title='bbox 714 1110 834 1160; x_wconf 86' lang='lat' dir='ltr'>tam</span> <span class='ocrx_word' id='word_1_52' title='bbox 859 1105 1271 1176; x_wconf 81' lang='lat' dir='ltr'>inexspectata</span> <span class='ocrx_word' id='word_1_53' title='bbox 1303 1103 1483 1175; x_wconf 58' lang='lat'>5.80</span> <span class='ocrx_word' id='word_1_54' title='bbox 1512 1117 1713 1156; x_wconf 90' lang='lat' dir='ltr'>rerum</span> <span class='ocrx_word' id='word_1_55' title='bbox 1740 1101 2069 1156; x_wconf 84' lang='lat' dir='ltr'>mutatione</span> <span class='ocrx_word' id='word_1_56' title='bbox 2095 1115 2234 1154; x_wconf 91' lang='lat' dir='ltr'>con-</span> 
     </span>
    </p>
   </div>
   <div class='ocr_carea' id='block_1_11' title="bbox 572 1189 2236 1264">
    <p class='ocr_par' dir='ltr' id='par_1_11' title="bbox 572 1189 2236 1264">
     <span class='ocr_line' id='line_1_11' title="bbox 572 1189 2236 1264; baseline -0.002 -17"><span class='ocrx_word' id='word_1_57' title='bbox 572 1194 874 1263; x_wconf 89' lang='lat' dir='ltr'>sternatis,</span> <span class='ocrx_word' id='word_1_58' title='bbox 897 1209 1034 1249; x_wconf 88' lang='lat' dir='ltr'>cum</span> <span class='ocrx_word' id='word_1_59' title='bbox 1065 1192 1263 1249; x_wconf 87' lang='lat' dir='ltr'>adhuc</span> <span class='ocrx_word' id='word_1_60' title='bbox 1291 1192 1520 1264; x_wconf 85' lang='lat' dir='ltr'>passim</span> <span class='ocrx_word' id='word_1_61' title='bbox 1551 1191 1612 1246; x_wconf 90' lang='lat' dir='ltr'>in</span> <span class='ocrx_word' id='word_1_62' title='bbox 1644 1189 1970 1246; x_wconf 90' lang='lat' dir='ltr'>iteneribus</span> <span class='ocrx_word' id='word_1_63' title='bbox 1995 1189 2236 1244; x_wconf 88' lang='lat' dir='ltr'>decreta</span> 
     </span>
    </p>
   </div>
   <div class='ocr_carea' id='block_1_12' title="bbox 571 1278 2235 1350">
    <p class='ocr_par' dir='ltr' id='par_1_12' title="bbox 571 1278 2235 1350">
     <span class='ocr_line' id='line_1_12' title="bbox 571 1278 2235 1350; baseline -0.004 -11"><span class='ocrx_word' id='word_1_64' title='bbox 571 1299 643 1340; x_wconf 89' lang='lat' dir='ltr'>ea</span> <span class='ocrx_word' id='word_1_65' title='bbox 667 1290 887 1349; x_wconf 90' lang='lat' dir='ltr'>essent,</span> <span class='ocrx_word' id='word_1_66' title='bbox 916 1289 972 1339; x_wconf 91' lang='lat' dir='ltr'>et</span> <span class='ocrx_word' id='word_1_67' title='bbox 995 1283 1074 1339; x_wconf 89' lang='lat' dir='ltr'>ad</span> <span class='ocrx_word' id='word_1_68' title='bbox 1098 1282 1322 1339; x_wconf 88' lang='lat' dir='ltr'>multas</span> <span class='ocrx_word' id='word_1_69' title='bbox 1345 1281 1524 1337; x_wconf 86' lang='lat' dir='ltr'>urbes</span> <span class='ocrx_word' id='word_1_70' title='bbox 1545 1279 1818 1336; x_wconf 91' lang='lat' dir='ltr'>nondum</span> <span class='ocrx_word' id='word_1_71' title='bbox 1841 1278 2071 1350; x_wconf 89' lang='lat' dir='ltr'>perlata</span> <span class='ocrx_word' id='word_1_72' title='bbox 2092 1278 2235 1332; x_wconf 91' lang='lat' dir='ltr'>fuis-</span> 
     </span>
    </p>
   </div>
   <div class='ocr_carea' id='block_1_13' title="bbox 571 1368 2236 1444">
    <p class='ocr_par' dir='ltr' id='par_1_13' title="bbox 571 1368 2236 1444">
     <span class='ocr_line' id='line_1_13' title="bbox 571 1368 2236 1444; baseline -0.004 -16"><span class='ocrx_word' id='word_1_73' title='bbox 571 1379 722 1440; x_wconf 82' lang='lat' dir='ltr'>sent,</span> <span class='ocrx_word' id='word_1_74' title='bbox 754 1373 856 1444; x_wconf 89' lang='lat' dir='ltr'>qui</span> <span class='ocrx_word' id='word_1_75' title='bbox 887 1373 1094 1428; x_wconf 80' lang='lat' dir='ltr'>omnia</span> <span class='ocrx_word' id='word_1_76' title='bbox 1124 1372 1253 1428; x_wconf 91' lang='lat' dir='ltr'>solo</span> <span class='ocrx_word' id='word_1_77' title='bbox 1278 1375 1429 1426; x_wconf 91' lang='lat' dir='ltr'>nutu</span> <span class='ocrx_word' id='word_1_78' title='bbox 1459 1375 1517 1426; x_wconf 92' lang='lat' dir='ltr'>et</span> <span class='ocrx_word' id='word_1_79' title='bbox 1541 1369 1844 1425; x_wconf 80' lang='lat' dir='ltr'>voluntate</span> <span class='ocrx_word' id='word_1_80' title='bbox 1871 1385 1980 1423; x_wconf 89' lang='lat' dir='ltr'>sua</span> <span class='ocrx_word' id='word_1_81' title='bbox 2009 1368 2151 1423; x_wconf 83' lang='lat' dir='ltr'>facit</span> <span class='ocrx_word' id='word_1_82' title='bbox 2180 1372 2236 1422; x_wconf 93' lang='lat' dir='ltr'>et</span> 
     </span>
    </p>
   </div>
   <div class='ocr_carea' id='block_1_14' title="bbox 571 1458 2235 1532">
    <p class='ocr_par' dir='ltr' id='par_1_14' title="bbox 571 1458 2235 1532">
     <span class='ocr_line' id='line_1_14' title="bbox 571 1458 2235 1532; baseline -0.004 -15"><span class='ocrx_word' id='word_1_83' title='bbox 571 1467 768 1517; x_wconf 85' lang='lat' dir='ltr'>mutat</span> <span class='ocrx_word' id='word_1_84' title='bbox 799 1462 1109 1527; x_wconf 86' lang='lat' dir='ltr'>DOminus,</span> <span class='ocrx_word' id='word_1_85' title='bbox 1139 1461 1462 1532; x_wconf 81' lang='lat' dir='ltr'>gloriosam</span> <span class='ocrx_word' id='word_1_86' title='bbox 1493 1459 1732 1530; x_wconf 87' lang='lat' dir='ltr'>tyranni</span> <span class='ocrx_word' id='word_1_87' title='bbox 1763 1458 2112 1529; x_wconf 86' lang='lat' dir='ltr'>superbiam</span> <span class='ocrx_word' id='word_1_88' title='bbox 2143 1474 2235 1512; x_wconf 91' lang='lat' dir='ltr'>ve-</span> 
     </span>
    </p>
   </div>
   <div class='ocr_carea' id='block_1_15' title="bbox 569 1546 2230 1620">
    <p class='ocr_par' dir='ltr' id='par_1_15' title="bbox 569 1546 2230 1620">
     <span class='ocr_line' id='line_1_15' title="bbox 569 1546 2230 1620; baseline -0.004 -13"><span class='ocrx_word' id='word_1_89' title='bbox 569 1551 679 1607; x_wconf 89' lang='lat' dir='ltr'>luti</span> <span class='ocrx_word' id='word_1_90' title='bbox 709 1551 1120 1620; x_wconf 85' lang='lat' dir='ltr'>strangulans,</span> <span class='ocrx_word' id='word_1_91' title='bbox 1149 1550 1471 1620; x_wconf 86' lang='lat' dir='ltr'>derepente</span> <span class='ocrx_word' id='word_1_92' title='bbox 1503 1547 1794 1604; x_wconf 80' lang='lat' dir='ltr'>auxilium</span> <span class='ocrx_word' id='word_1_93' title='bbox 1826 1547 2056 1602; x_wconf 69' lang='lat' dir='ltr'>caelitus</span> <span class='ocrx_word' id='word_1_94' title='bbox 2081 1546 2230 1602; x_wconf 89' lang='lat' dir='ltr'>tulit.</span> 
     </span>
    </p>
   </div>
   <div class='ocr_carea' id='block_1_16' title="bbox 575 1636 2234 1711">
    <p class='ocr_par' dir='ltr' id='par_1_16' title="bbox 575 1636 2234 1711">
     <span class='ocr_line' id='line_1_16' title="bbox 575 1636 2234 1711; baseline -0.003 -15"><span class='ocrx_word' id='word_1_95' title='bbox 575 1640 783 1696; x_wconf 86' lang='lat' dir='ltr'>Statim</span> <span class='ocrx_word' id='word_1_96' title='bbox 815 1641 974 1695; x_wconf 89' lang='lat' dir='ltr'>enim</span> <span class='ocrx_word' id='word_1_97' title='bbox 1008 1639 1195 1696; x_wconf 73' lang='lat' dir='ltr'>solitaa</span> <span class='ocrx_word' id='word_1_98' title='bbox 1226 1638 1442 1711; x_wconf 65' lang='lat' dir='ltr'>pluvias</span> <span class='ocrx_word' id='word_1_99' title='bbox 1471 1636 1724 1692; x_wconf 90' lang='lat' dir='ltr'>hiberno</span> <span class='ocrx_word' id='word_1_100' title='bbox 1754 1637 1933 1692; x_wconf 86' lang='lat' dir='ltr'>etiam</span> <span class='ocrx_word' id='word_1_101' title='bbox 1966 1640 2234 1707; x_wconf 90' lang='lat' dir='ltr'>tempore</span> 
     </span>
    </p>
   </div>
   <div class='ocr_carea' id='block_1_17' title="bbox 1867 255 3807 336">
    <p class='ocr_par' dir='ltr' id='par_1_17' title="bbox 1867 255 3807 336">
     <span class='ocr_line' id='line_1_17' title="bbox 1867 255 3807 336; baseline 0.012 -24"><span class='ocrx_word' id='word_1_102' title='bbox 1867 255 2257 313; x_wconf 77' lang='lat' dir='ltr'>NICEPHORI</span> <span class='ocrx_word' id='word_1_103' title='bbox 2296 258 2610 318; x_wconf 85' lang='lat' dir='ltr'>CALLIS&#39;I‘I</span> <span class='ocrx_word' id='word_1_104' title='bbox 3714 280 3807 336; x_wconf 68' lang='lat'>{268</span> 
     </span>
    </p>
   </div>
   <div class='ocr_carea' id='block_1_18' title="bbox 2254 388 2302 440">
    <p class='ocr_par' dir='ltr' id='par_1_18' title="bbox 2254 388 2302 440">
     <span class='ocr_line' id='line_1_18' title="bbox 2254 388 2302 440; baseline 0 0"><span class='ocrx_word' id='word_1_105' title='bbox 2254 388 2302 440; x_wconf 84' lang='lat' dir='ltr'>A</span> 
     </span>
    </p>
   </div>
   <div class='ocr_carea' id='block_1_19' title="bbox 2922 397 3346 452">
    <p class='ocr_par' dir='ltr' id='par_1_19' title="bbox 2922 397 3346 452">
     <span class='ocr_line' id='line_1_19' title="bbox 2922 397 3346 452; baseline 0.012 -7"><span class='ocrx_word' id='word_1_106' title='bbox 2922 398 3169 452; x_wconf 76' lang='grc' dir='ltr'>ΚΕΦΑΛ.</span> <span class='ocrx_word' id='word_1_107' title='bbox 3219 397 3346 450; x_wconf 73' lang='grc' dir='ltr'>κη’.</span> 
     </span>
    </p>
   </div>
   <div class='ocr_carea' id='block_1_20' title="bbox 2337 479 3808 563">
    <p class='ocr_par' dir='ltr' id='par_1_20' title="bbox 2337 479 3808 563">
     <span class='ocr_line' id='line_1_20' title="bbox 2337 479 3808 563; baseline 0.013 -37"><span class='ocrx_word' id='word_1_108' title='bbox 2337 479 2489 550; x_wconf 85' lang='grc' dir='ltr'>Περὶ</span> <span class='ocrx_word' id='word_1_109' title='bbox 2529 483 2639 528; x_wconf 87' lang='grc' dir='ltr'>τοῦ</span> <span class='ocrx_word' id='word_1_110' title='bbox 2696 487 3060 563; x_wconf 68' lang='grc' dir='ltr'>τηνικαῦτα</span> <span class='ocrx_word' id='word_1_111' title='bbox 3109 487 3619 557; x_wconf 72' lang='grc' dir='ltr'>κατασκήψαντος</span> <span class='ocrx_word' id='word_1_112' title='bbox 3650 500 3808 563; x_wconf 61' lang='grc' dir='ltr'>ἀγρίου</span> 
     </span>
    </p>
   </div>
   <div class='ocr_carea' id='block_1_21' title="bbox 2824 551 3442 629">
    <p class='ocr_par' dir='ltr' id='par_1_21' title="bbox 2824 551 3442 629">
     <span class='ocr_line' id='line_1_21' title="bbox 2824 551 3442 629; baseline 0.015 -27"><span class='ocrx_word' id='word_1_113' title='bbox 2824 551 3014 623; x_wconf 83' lang='grc' dir='ltr'>λιμοῦ</span> <span class='ocrx_word' id='word_1_114' title='bbox 3053 559 3158 608; x_wconf 77' lang='grc' dir='ltr'>καὶ</span> <span class='ocrx_word' id='word_1_115' title='bbox 3196 551 3442 629; x_wconf 53' lang='grc' dir='ltr'>λοιμοῦξ</span> 
     </span>
    </p>
   </div>
   <div class='ocr_carea' id='block_1_22' title="bbox 2407 653 3814 738">
    <p class='ocr_par' dir='ltr' id='par_1_22' title="bbox 2407 653 3814 738">
     <span class='ocr_line' id='line_1_22' title="bbox 2407 653 3814 738; baseline 0.01 -31"><span class='ocrx_word' id='word_1_116' title='bbox 2407 657 2664 707; x_wconf 79' lang='grc' dir='ltr'>Τοιούτων</span> <span class='ocrx_word' id='word_1_117' title='bbox 2715 653 2773 708; x_wconf 77' lang='grc' dir='ltr'>δὲ</span> <span class='ocrx_word' id='word_1_118' title='bbox 2823 663 3145 731; x_wconf 72' lang='grc' dir='ltr'>γραμμάτων</span> <span class='ocrx_word' id='word_1_119' title='bbox 3211 666 3327 716; x_wconf 88' lang='grc' dir='ltr'>καθ’</span> <span class='ocrx_word' id='word_1_120' title='bbox 3383 668 3518 736; x_wconf 71' lang='grc' dir='ltr'>ἡμῶν</span> <span class='ocrx_word' id='word_1_121' title='bbox 3558 675 3814 738; x_wconf 64' lang='grc' dir='ltr'>πεμπομένων,</span> 
     </span>
    </p>
   </div>
   <div class='ocr_carea' id='block_1_23' title="bbox 2337 745 3817 826">
    <p class='ocr_par' dir='ltr' id='par_1_23' title="bbox 2337 745 3817 826">
     <span class='ocr_line' id='line_1_23' title="bbox 2337 745 3817 826; baseline 0.009 -30"><span class='ocrx_word' id='word_1_122' title='bbox 2337 750 2488 797; x_wconf 81' lang='grc' dir='ltr'>πᾶσα</span> <span class='ocrx_word' id='word_1_123' title='bbox 2535 747 2623 815; x_wconf 79' lang='grc' dir='ltr'>μὲν</span> <span class='ocrx_word' id='word_1_124' title='bbox 2678 745 2820 808; x_wconf 82' lang='grc' dir='ltr'>ἐλπὶς</span> <span class='ocrx_word' id='word_1_125' title='bbox 2871 749 2994 800; x_wconf 83' lang='grc' dir='ltr'>ὅσον</span> <span class='ocrx_word' id='word_1_126' title='bbox 3037 753 3094 801; x_wconf 87' lang='grc' dir='ltr'>τὸ</span> <span class='ocrx_word' id='word_1_127' title='bbox 3148 751 3223 824; x_wconf 67' lang='grc' dir='ltr'>ἐφ’</span> <span class='ocrx_word' id='word_1_128' title='bbox 3266 755 3388 825; x_wconf 79' lang='grc' dir='ltr'>ἡμῖν</span> <span class='ocrx_word' id='word_1_129' title='bbox 3416 753 3719 808; x_wconf 69' lang='grc' dir='ltr'>ἀπεκέκλειστο</span> <span class='ocrx_word' id='word_1_130' title='bbox 3741 758 3817 826; x_wconf 70' lang='grc' dir='ltr'>ἆγε-</span> 
     </span>
    </p>
   </div>
   <div class='ocr_carea' id='block_1_24' title="bbox 2343 835 3818 918">
    <p class='ocr_par' dir='ltr' id='par_1_24' title="bbox 2343 835 3818 918">
     <span class='ocr_line' id='line_1_24' title="bbox 2343 835 3818 918; baseline 0.008 -32"><span class='ocrx_word' id='word_1_131' title='bbox 2343 836 2462 899; x_wconf 84' lang='grc' dir='ltr'>θῶν,</span> <span class='ocrx_word' id='word_1_132' title='bbox 2523 839 2612 886; x_wconf 84' lang='grc' dir='ltr'>καὶ</span> <span class='ocrx_word' id='word_1_133' title='bbox 2663 837 2712 886; x_wconf 85' lang='grc' dir='ltr'><strong>οἰ</strong></span> <span class='ocrx_word' id='word_1_134' title='bbox 2764 835 2988 890; x_wconf 81' lang='grc' dir='ltr'>ἐκλεκτοὶ</span> <span class='ocrx_word' id='word_1_135' title='bbox 3020 836 3078 892; x_wconf 70' lang='grc' dir='ltr'>δὲ</span> <span class='ocrx_word' id='word_1_136' title='bbox 3108 842 3276 910; x_wconf 79' lang='grc' dir='ltr'>ἡμῶν,</span> <span class='ocrx_word' id='word_1_137' title='bbox 3321 847 3453 896; x_wconf 78' lang='grc' dir='ltr'>κατὰ</span> <span class='ocrx_word' id='word_1_138' title='bbox 3480 849 3531 896; x_wconf 84' lang='grc' dir='ltr'>τό</span> <span class='ocrx_word' id='word_1_139' title='bbox 3566 847 3818 918; x_wconf 47' lang='lat' dir='ltr'>tegeritis).</span> 
     </span>
    </p>
   </div>
   <div class='ocr_carea' id='block_1_25' title="bbox 2340 921 3822 1001">
    <p class='ocr_par' dir='ltr' id='par_1_25' title="bbox 2340 921 3822 1001">
     <span class='ocr_line' id='line_1_25' title="bbox 2340 921 3822 1001; baseline 0.009 -28"><span class='ocrx_word' id='word_1_140' title='bbox 2340 925 2390 975; x_wconf 79' lang='grc' dir='ltr'>ἓν</span> <span class='ocrx_word' id='word_1_141' title='bbox 2420 923 2478 974; x_wconf 82' lang='grc' dir='ltr'>οῦ</span> <span class='ocrx_word' id='word_1_142' title='bbox 2518 929 2710 997; x_wconf 83' lang='grc' dir='ltr'>μετρίῳ</span> <span class='ocrx_word' id='word_1_143' title='bbox 2759 921 2892 982; x_wconf 77' lang='grc' dir='ltr'>ἦσαν</span> <span class='ocrx_word' id='word_1_144' title='bbox 2935 925 3232 1001; x_wconf 83' lang='grc' dir='ltr'>σκανδαλῳ.</span> <span class='ocrx_word' id='word_1_145' title='bbox 3291 938 3390 985; x_wconf 80' lang='grc' dir='ltr'>Καὶ</span> <span class='ocrx_word' id='word_1_146' title='bbox 3437 930 3497 991; x_wconf 80' lang='grc' dir='ltr'>δη</span> <span class='ocrx_word' id='word_1_147' title='bbox 3554 937 3719 986; x_wconf 77' lang='grc' dir='ltr'>πάντων</span> <span class='ocrx_word' id='word_1_148' title='bbox 3757 946 3822 996; x_wconf 68' lang='lat' dir='ltr'>tsi;</span> 
     </span>
    </p>
   </div>
   <div class='ocr_carea' id='block_1_26' title="bbox 2344 1012 3823 1094">
    <p class='ocr_par' dir='ltr' id='par_1_26' title="bbox 2344 1012 3823 1094">
     <span class='ocr_line' id='line_1_26' title="bbox 2344 1012 3823 1094; baseline 0.007 -30"><span class='ocrx_word' id='word_1_149' title='bbox 2344 1012 2767 1085; x_wconf 76' lang='grc' dir='ltr'>ἀπροσδοκήτοις</span> <span class='ocrx_word' id='word_1_150' title='bbox 2839 1015 3244 1089; x_wconf 65' lang='grc' dir='ltr'>ἀποψυχόντων,</span> <span class='ocrx_word' id='word_1_151' title='bbox 3318 1025 3391 1074; x_wconf 78' lang='grc' dir='ltr'>ἔτι</span> <span class='ocrx_word' id='word_1_152' title='bbox 3452 1032 3541 1074; x_wconf 79' lang='grc' dir='ltr'>τῶν</span> <span class='ocrx_word' id='word_1_153' title='bbox 3587 1026 3684 1075; x_wconf 83' lang='grc' dir='ltr'>καθ’</span> <span class='ocrx_word' id='word_1_154' title='bbox 3735 1028 3823 1094; x_wconf 59' lang='grc' dir='ltr'>ἐμοῦ</span> 
     </span>
    </p>
   </div>
   <div class='ocr_carea' id='block_1_27' title="bbox 2342 1101 3826 1174">
    <p class='ocr_par' dir='ltr' id='par_1_27' title="bbox 2342 1101 3826 1174">
     <span class='ocr_line' id='line_1_27' title="bbox 2342 1101 3826 1174; baseline 0.009 -22"><span class='ocrx_word' id='word_1_155' title='bbox 2342 1102 2696 1174; x_wconf 59' lang='grc' dir='ltr'>ψηφισμάτων</span> <span class='ocrx_word' id='word_1_156' title='bbox 2745 1101 2954 1156; x_wconf 76' lang='grc' dir='ltr'>ένοδίων</span> <span class='ocrx_word' id='word_1_157' title='bbox 3006 1111 3160 1159; x_wconf 84' lang='grc' dir='ltr'>ὅντων</span> <span class='ocrx_word' id='word_1_158' title='bbox 3217 1108 3310 1160; x_wconf 73' lang='grc' dir='ltr'>κὰν</span> <span class='ocrx_word' id='word_1_159' title='bbox 3357 1111 3561 1173; x_wconf 80' lang='grc' dir='ltr'>πολλαῖς</span> <span class='ocrx_word' id='word_1_160' title='bbox 3598 1109 3648 1164; x_wconf 70' lang='grc' dir='ltr'>δε</span> <span class='ocrx_word' id='word_1_161' title='bbox 3685 1124 3756 1164; x_wconf 65' lang='grc' dir='ltr'>τόν</span> <span class='ocrx_word' id='word_1_162' title='bbox 3774 1120 3826 1165; x_wconf 69' lang='grc' dir='ltr'>πό-</span> 
     </span>
    </p>
   </div>
   <div class='ocr_carea' id='block_1_28' title="bbox 2342 1190 3828 1272">
    <p class='ocr_par' dir='ltr' id='par_1_28' title="bbox 2342 1190 3828 1272">
     <span class='ocr_line' id='line_1_28' title="bbox 2342 1190 3828 1272; baseline 0.007 -30"><span class='ocrx_word' id='word_1_163' title='bbox 2342 1190 2464 1243; x_wconf 84' lang='grc' dir='ltr'>λεων</span> <span class='ocrx_word' id='word_1_164' title='bbox 2519 1197 2677 1263; x_wconf 79' lang='grc' dir='ltr'>μήπω</span> <span class='ocrx_word' id='word_1_165' title='bbox 2734 1200 3140 1266; x_wconf 72' lang='grc' dir='ltr'>πεφοιτηκότων,</span> <span class='ocrx_word' id='word_1_166' title='bbox 3191 1200 3216 1249; x_wconf 90' lang='grc' dir='ltr'>ό</span> <span class='ocrx_word' id='word_1_167' title='bbox 3273 1201 3442 1252; x_wconf 88' lang='grc' dir='ltr'>πάντα</span> <span class='ocrx_word' id='word_1_168' title='bbox 3489 1211 3631 1252; x_wconf 75' lang='grc' dir='ltr'>ποιῶν</span> <span class='ocrx_word' id='word_1_169' title='bbox 3677 1209 3744 1253; x_wconf 75' lang='grc' dir='ltr'>καὶ</span> <span class='ocrx_word' id='word_1_170' title='bbox 3776 1223 3828 1272; x_wconf 58' lang='grc' dir='ltr'>ῳ-</span> 
     </span>
    </p>
   </div>
   <div class='ocr_carea' id='block_1_29' title="bbox 2343 1283 3825 1361">
    <p class='ocr_par' dir='ltr' id='par_1_29' title="bbox 2343 1283 3825 1361">
     <span class='ocr_line' id='line_1_29' title="bbox 2343 1283 3825 1361; baseline 0.007 -30"><span class='ocrx_word' id='word_1_171' title='bbox 2343 1283 2679 1342; x_wconf 80' lang='grc' dir='ltr'>τασκευάζων</span> <span class='ocrx_word' id='word_1_172' title='bbox 2725 1286 2863 1354; x_wconf 82' lang='grc' dir='ltr'>μόνῳ</span> <span class='ocrx_word' id='word_1_173' title='bbox 2917 1293 2989 1354; x_wconf 80' lang='grc' dir='ltr'>τῷ</span> <span class='ocrx_word' id='word_1_174' title='bbox 3041 1284 3325 1356; x_wconf 86' lang='grc' dir='ltr'>βούλεσθαι</span> <span class='ocrx_word' id='word_1_175' title='bbox 3370 1291 3567 1361; x_wconf 82' lang='grc' dir='ltr'>Κύριος,</span> <span class='ocrx_word' id='word_1_176' title='bbox 3608 1295 3658 1342; x_wconf 85' lang='grc' dir='ltr'>τό</span> <span class='ocrx_word' id='word_1_177' title='bbox 3686 1298 3751 1342; x_wconf 71' lang='grc' dir='ltr'>τοῦ</span> <span class='ocrx_word' id='word_1_178' title='bbox 3777 1312 3825 1342; x_wconf 65' lang='grc' dir='ltr'>τν-</span> 
     </span>
    </p>
   </div>
   <div class='ocr_carea' id='block_1_30' title="bbox 2342 1371 3819 1451">
    <p class='ocr_par' dir='ltr' id='par_1_30' title="bbox 2342 1371 3819 1451">
     <span class='ocr_line' id='line_1_30' title="bbox 2342 1371 3819 1451; baseline 0.006 -30"><span class='ocrx_word' id='word_1_179' title='bbox 2342 1372 2526 1445; x_wconf 88' lang='grc' dir='ltr'>ράννου</span> <span class='ocrx_word' id='word_1_180' title='bbox 2580 1371 2915 1444; x_wconf 73' lang='grc' dir='ltr'>μεγάλαυχον</span> <span class='ocrx_word' id='word_1_181' title='bbox 2982 1376 3154 1450; x_wconf 79' lang='grc' dir='ltr'>ὥσπερ</span> <span class='ocrx_word' id='word_1_182' title='bbox 3228 1377 3434 1447; x_wconf 75' lang='grc' dir='ltr'>ἄγχων,</span> <span class='ocrx_word' id='word_1_183' title='bbox 3493 1378 3662 1451; x_wconf 81' lang='grc' dir='ltr'>ἁθρόαν</span> <span class='ocrx_word' id='word_1_184' title='bbox 3721 1379 3819 1445; x_wconf 59' lang='lat' dir='ltr'>tario</span> 
     </span>
    </p>
   </div>
   <div class='ocr_carea' id='block_1_31' title="bbox 2344 1459 3820 1539">
    <p class='ocr_par' dir='ltr' id='par_1_31' title="bbox 2344 1459 3820 1539">
     <span class='ocr_line' id='line_1_31' title="bbox 2344 1459 3820 1539; baseline -0.001 -20"><span class='ocrx_word' id='word_1_185' title='bbox 2344 1459 2617 1530; x_wconf 72' lang='grc' dir='ltr'>οὐρανόθεν</span> <span class='ocrx_word' id='word_1_186' title='bbox 2660 1464 2752 1518; x_wconf 76' lang='grc' dir='ltr'>τὴν</span> <span class='ocrx_word' id='word_1_187' title='bbox 2797 1461 3025 1534; x_wconf 78' lang='grc' dir='ltr'>ἀρωγήν.</span> <span class='ocrx_word' id='word_1_188' title='bbox 3079 1465 3282 1517; x_wconf 73' lang='grc' dir='ltr'>Αὐτίκα</span> <span class='ocrx_word' id='word_1_189' title='bbox 3329 1470 3433 1538; x_wconf 80' lang='grc' dir='ltr'>γὰρ</span> <span class='ocrx_word' id='word_1_190' title='bbox 3479 1470 3523 1518; x_wconf 82' lang='grc' dir='ltr'>οἱ</span> <span class='ocrx_word' id='word_1_191' title='bbox 3560 1472 3639 1539; x_wconf 81' lang='grc' dir='ltr'>μεν</span> <span class='ocrx_word' id='word_1_192' title='bbox 3675 1471 3820 1528; x_wconf 64' lang='lat' dir='ltr'>rutis;</span> 
     </span>
    </p>
   </div>
   <div class='ocr_carea' id='block_1_32' title="bbox 2346 1547 3823 1628">
    <p class='ocr_par' dir='ltr' id='par_1_32' title="bbox 2346 1547 3823 1628">
     <span class='ocr_line' id='line_1_32' title="bbox 2346 1547 3823 1628; baseline 0.005 -30"><span class='ocrx_word' id='word_1_193' title='bbox 2346 1547 2550 1622; x_wconf 73' lang='grc' dir='ltr'>ὀμϐροι,</span> <span class='ocrx_word' id='word_1_194' title='bbox 2605 1553 2790 1624; x_wconf 83' lang='grc' dir='ltr'>καίπερ</span> <span class='ocrx_word' id='word_1_195' title='bbox 2843 1557 3118 1625; x_wconf 82' lang='grc' dir='ltr'>χειμερίου</span> <span class='ocrx_word' id='word_1_196' title='bbox 3179 1562 3272 1616; x_wconf 84' lang='grc' dir='ltr'>τῆς</span> <span class='ocrx_word' id='word_1_197' title='bbox 3321 1558 3461 1628; x_wconf 85' lang='grc' dir='ltr'>ὧρας</span> <span class='ocrx_word' id='word_1_198' title='bbox 3510 1561 3674 1620; x_wconf 73' lang='grc' dir='ltr'>οὔσης,</span> <span class='ocrx_word' id='word_1_199' title='bbox 3705 1555 3823 1607; x_wconf 61' lang='grc' dir='ltr'>ον’-’νεόε-</span> 
     </span>
    </p>
   </div>
   <div class='ocr_carea' id='block_1_33' title="bbox 2347 1641 3829 1715">
    <p class='ocr_par' dir='ltr' id='par_1_33' title="bbox 2347 1641 3829 1715">
     <span class='ocr_line' id='line_1_33' title="bbox 2347 1641 3829 1715; baseline 0.003 -26"><span class='ocrx_word' id='word_1_200' title='bbox 2347 1645 2569 1708; x_wconf 81' lang='grc' dir='ltr'>σμοῦντο</span> <span class='ocrx_word' id='word_1_201' title='bbox 2608 1646 2713 1699; x_wconf 89' lang='grc' dir='ltr'>τοῖς</span> <span class='ocrx_word' id='word_1_202' title='bbox 2760 1643 2956 1710; x_wconf 66' lang='grc' dir='ltr'>νέφεσιν</span> <span class='ocrx_word' id='word_1_203' title='bbox 2986 1657 2998 1668; x_wconf 78' lang='grc'><strong><em>⁸</em></strong></span> <span class='ocrx_word' id='word_1_204' title='bbox 3048 1644 3336 1700; x_wconf 75' lang='grc' dir='ltr'>ἐπέσκηπτε</span> <span class='ocrx_word' id='word_1_205' title='bbox 3391 1641 3450 1696; x_wconf 70' lang='grc' dir='ltr'>δὲ</span> <span class='ocrx_word' id='word_1_206' title='bbox 3496 1644 3648 1715; x_wconf 81' lang='grc' dir='ltr'>λιμὸς,</span> <span class='ocrx_word' id='word_1_207' title='bbox 3689 1651 3756 1696; x_wconf 77' lang='grc' dir='ltr'>καὶ</span> <span class='ocrx_word' id='word_1_208' title='bbox 3773 1645 3829 1694; x_wconf 63' lang='grc' dir='ltr'>λιι-</span> 
     </span>
    </p>
   </div>
   <div class='ocr_carea' id='block_1_34' title="bbox 569 1725 2240 1804">
    <p class='ocr_par' dir='ltr' id='par_1_34' title="bbox 569 1725 2232 1800">
     <span class='ocr_line' id='line_1_34' title="bbox 569 1725 2232 1800; baseline -0.002 -15"><span class='ocrx_word' id='word_1_209' title='bbox 569 1729 632 1785; x_wconf 89' lang='lat' dir='ltr'>in</span> <span class='ocrx_word' id='word_1_210' title='bbox 671 1727 937 1784; x_wconf 91' lang='lat' dir='ltr'>nubibus</span> <span class='ocrx_word' id='word_1_211' title='bbox 979 1729 1128 1800; x_wconf 86' lang='lat' dir='ltr'>ipsis</span> <span class='ocrx_word' id='word_1_212' title='bbox 1176 1729 1389 1783; x_wconf 71' lang='lat' dir='ltr'>vincta:</span> <span class='ocrx_word' id='word_1_213' title='bbox 1438 1732 1576 1781; x_wconf 90' lang='lat' dir='ltr'>sunt</span> <span class='ocrx_word' id='word_1_214' title='bbox 1605 1730 1660 1782; x_wconf 92' lang='lat' dir='ltr'>et</span> <span class='ocrx_word' id='word_1_215' title='bbox 1705 1729 1948 1781; x_wconf 66' lang='lat' dir='ltr'>retentae</span> <span class='ocrx_word' id='word_1_216' title='bbox 1991 1745 2003 1783; x_wconf 90' lang='lat'>:</span> <span class='ocrx_word' id='word_1_217' title='bbox 2041 1725 2232 1782; x_wconf 87' lang='lat' dir='ltr'>fames</span> 
     </span>
    </p>
   </div>
   <div class='ocr_carea' id='block_1_35' title="bbox 2353 1725 3834 1804">
    <p class='ocr_par' dir='ltr' id='par_1_35' title="bbox 2353 1725 3834 1804">
     <span class='ocr_line' id='line_1_35' title="bbox 2353 1725 3834 1804; baseline 0.007 -28"><span class='ocrx_word' id='word_1_218' title='bbox 2353 1730 2435 1786; x_wconf 74' lang='grc' dir='ltr'>αὸς</span> <span class='ocrx_word' id='word_1_219' title='bbox 2482 1725 2566 1778; x_wconf 76' lang='grc' dir='ltr'>ἐπὶ</span> <span class='ocrx_word' id='word_1_220' title='bbox 2615 1730 2816 1789; x_wconf 84' lang='grc' dir='ltr'>τούτοις</span> <span class='ocrx_word' id='word_1_221' title='bbox 2873 1728 3120 1800; x_wconf 76' lang='grc' dir='ltr'>ἐφείπετο.</span> <span class='ocrx_word' id='word_1_222' title='bbox 3147 1736 3376 1804; x_wconf 84' lang='grc' dir='ltr'>Νόσημα</span> <span class='ocrx_word' id='word_1_223' title='bbox 3417 1731 3477 1785; x_wconf 71' lang='grc' dir='ltr'>δέ</span> <span class='ocrx_word' id='word_1_224' title='bbox 3513 1754 3561 1786; x_wconf 91' lang='grc' dir='ltr'>τι</span> <span class='ocrx_word' id='word_1_225' title='bbox 3603 1736 3732 1793; x_wconf 79' lang='grc' dir='ltr'>ἄηθες</span> <span class='ocrx_word' id='word_1_226' title='bbox 3767 1737 3834 1790; x_wconf 66' lang='grc' dir='ltr'>ἡκε-</span> 
     </span>
    </p>
   </div>
   <div class='ocr_carea' id='block_1_36' title="bbox 571 1815 2233 1887">
    <p class='ocr_par' dir='ltr' id='par_1_36' title="bbox 571 1815 2233 1887">
     <span class='ocr_line' id='line_1_36' title="bbox 571 1815 2233 1887; baseline -0.001 -14"><span class='ocrx_word' id='word_1_227' title='bbox 571 1834 716 1874; x_wconf 79' lang='lat' dir='ltr'>mox</span> <span class='ocrx_word' id='word_1_228' title='bbox 753 1823 1096 1882; x_wconf 86' lang='lat' dir='ltr'>consecuta,</span> <span class='ocrx_word' id='word_1_229' title='bbox 1129 1821 1186 1872; x_wconf 91' lang='lat' dir='ltr'>et</span> <span class='ocrx_word' id='word_1_230' title='bbox 1215 1815 1431 1872; x_wconf 90' lang='lat' dir='ltr'>deinde</span> <span class='ocrx_word' id='word_1_231' title='bbox 1460 1815 1815 1887; x_wconf 89' lang='lat' dir='ltr'>pestilentia.</span> <span class='ocrx_word' id='word_1_232' title='bbox 1855 1815 2116 1870; x_wconf 82' lang='lat' dir='ltr'>Accessit</span> <span class='ocrx_word' id='word_1_233' title='bbox 2155 1816 2233 1871; x_wconf 88' lang='lat' dir='ltr'>ad</span> 
     </span>
    </p>
   </div>
   <div class='ocr_carea' id='block_1_37' title="bbox 573 1903 2234 1979">
    <p class='ocr_par' dir='ltr' id='par_1_37' title="bbox 573 1903 2234 1979">
     <span class='ocr_line' id='line_1_37' title="bbox 573 1903 2234 1979; baseline -0.002 -17"><span class='ocrx_word' id='word_1_234' title='bbox 573 1923 675 1963; x_wconf 89' lang='lat' dir='ltr'>eas</span> <span class='ocrx_word' id='word_1_235' title='bbox 701 1905 923 1972; x_wconf 90' lang='lat' dir='ltr'>clades,</span> <span class='ocrx_word' id='word_1_236' title='bbox 947 1908 1049 1979; x_wconf 90' lang='lat' dir='ltr'>qui</span> <span class='ocrx_word' id='word_1_237' title='bbox 1078 1911 1322 1978; x_wconf 89' lang='lat' dir='ltr'>propter</span> <span class='ocrx_word' id='word_1_238' title='bbox 1346 1906 1608 1962; x_wconf 91' lang='lat' dir='ltr'>colorem</span> <span class='ocrx_word' id='word_1_239' title='bbox 1632 1905 1878 1973; x_wconf 87' lang='lat' dir='ltr'>igneum</span> <span class='ocrx_word' id='word_1_240' title='bbox 1905 1903 2234 1960; x_wconf 89' lang='lat' dir='ltr'>carbuncu-</span> 
     </span>
    </p>
   </div>
   <div class='ocr_carea' id='block_1_38' title="bbox 570 1994 2234 2066">
    <p class='ocr_par' dir='ltr' id='par_1_38' title="bbox 570 1994 2234 2066">
     <span class='ocr_line' id='line_1_38' title="bbox 570 1994 2234 2066; baseline -0.002 -14"><span class='ocrx_word' id='word_1_241' title='bbox 570 1997 665 2053; x_wconf 89' lang='lat' dir='ltr'>lus</span> <span class='ocrx_word' id='word_1_242' title='bbox 686 2001 955 2062; x_wconf 87' lang='lat' dir='ltr'>vocatur,</span> <span class='ocrx_word' id='word_1_243' title='bbox 978 1997 1147 2052; x_wconf 89' lang='lat' dir='ltr'>ulcus</span> <span class='ocrx_word' id='word_1_244' title='bbox 1170 1996 1372 2051; x_wconf 89' lang='lat' dir='ltr'>odoris</span> <span class='ocrx_word' id='word_1_245' title='bbox 1389 1995 1637 2066; x_wconf 89' lang='lat' dir='ltr'>pessimi</span> <span class='ocrx_word' id='word_1_246' title='bbox 1663 1994 1939 2049; x_wconf 89' lang='lat' dir='ltr'>membra</span> <span class='ocrx_word' id='word_1_247' title='bbox 1965 1995 2234 2065; x_wconf 88' lang='lat' dir='ltr'>corporis</span> 
     </span>
    </p>
   </div>
   <div class='ocr_carea' id='block_1_39' title="bbox 572 2083 2232 2156">
    <p class='ocr_par' dir='ltr' id='par_1_39' title="bbox 572 2083 2232 2156">
     <span class='ocr_line' id='line_1_39' title="bbox 572 2083 2232 2156; baseline -0.002 -14"><span class='ocrx_word' id='word_1_248' title='bbox 572 2086 909 2142; x_wconf 88' lang='lat' dir='ltr'>admodum</span> <span class='ocrx_word' id='word_1_249' title='bbox 922 2086 1302 2153; x_wconf 89' lang='lat' dir='ltr'>contrahens,</span> <span class='ocrx_word' id='word_1_250' title='bbox 1316 2084 1548 2156; x_wconf 90' lang='lat' dir='ltr'>etquod</span> <span class='ocrx_word' id='word_1_251' title='bbox 1562 2083 1739 2138; x_wconf 89' lang='lat' dir='ltr'>latius</span> <span class='ocrx_word' id='word_1_252' title='bbox 1757 2099 2002 2153; x_wconf 87' lang='lat' dir='ltr'>serpens</span> <span class='ocrx_word' id='word_1_253' title='bbox 2020 2084 2232 2152; x_wconf 89' lang='lat' dir='ltr'>ingens</span> 
     </span>
    </p>
   </div>
   <div class='ocr_carea' id='block_1_40' title="bbox 573 2171 2232 2246">
    <p class='ocr_par' dir='ltr' id='par_1_40' title="bbox 573 2171 2232 2246">
     <span class='ocr_line' id='line_1_40' title="bbox 573 2171 2232 2246; baseline -0.001 -16"><span class='ocrx_word' id='word_1_254' title='bbox 573 2180 797 2231; x_wconf 85' lang='lat' dir='ltr'>crearet</span> <span class='ocrx_word' id='word_1_255' title='bbox 827 2175 1178 2246; x_wconf 91' lang='lat' dir='ltr'>periculum,</span> <span class='ocrx_word' id='word_1_256' title='bbox 1201 2174 1629 2245; x_wconf 89' lang='lat' dir='ltr'>occupatique</span> <span class='ocrx_word' id='word_1_257' title='bbox 1649 2171 1964 2228; x_wconf 89' lang='lat' dir='ltr'>oculorum</span> <span class='ocrx_word' id='word_1_258' title='bbox 1995 2173 2232 2241; x_wconf 84' lang='lat' dir='ltr'>angulis</span> 
     </span>
    </p>
   </div>
   <div class='ocr_carea' id='block_1_41' title="bbox 570 2261 2234 2334">
    <p class='ocr_par' dir='ltr' id='par_1_41' title="bbox 570 2261 2234 2334">
     <span class='ocr_line' id='line_1_41' title="bbox 570 2261 2234 2334; baseline -0.001 -15"><span class='ocrx_word' id='word_1_259' title='bbox 570 2264 734 2320; x_wconf 90' lang='lat' dir='ltr'>viros</span> <span class='ocrx_word' id='word_1_260' title='bbox 765 2264 944 2319; x_wconf 90' lang='lat' dir='ltr'>simul</span> <span class='ocrx_word' id='word_1_261' title='bbox 971 2269 1028 2320; x_wconf 91' lang='lat' dir='ltr'>et</span> <span class='ocrx_word' id='word_1_262' title='bbox 1047 2264 1327 2320; x_wconf 89' lang='lat' dir='ltr'>mulieres</span> <span class='ocrx_word' id='word_1_263' title='bbox 1347 2278 1503 2334; x_wconf 89' lang='lat' dir='ltr'>quas</span> <span class='ocrx_word' id='word_1_264' title='bbox 1527 2267 1882 2334; x_wconf 86' lang='lat' dir='ltr'>occupasset</span> <span class='ocrx_word' id='word_1_265' title='bbox 1904 2261 2234 2318; x_wconf 87' lang='lat' dir='ltr'>luminibus</span> 
     </span>
    </p>
   </div>
   <div class='ocr_carea' id='block_1_42' title="bbox 574 2351 2234 2424">
    <p class='ocr_par' dir='ltr' id='par_1_42' title="bbox 574 2351 2234 2424">
     <span class='ocr_line' id='line_1_42' title="bbox 574 2351 2234 2424; baseline -0.001 -14"><span class='ocrx_word' id='word_1_266' title='bbox 574 2354 834 2410; x_wconf 88' lang='lat' dir='ltr'>orbaret.</span> <span class='ocrx_word' id='word_1_267' title='bbox 879 2353 1102 2408; x_wconf 90' lang='lat' dir='ltr'>Bellum</span> <span class='ocrx_word' id='word_1_268' title='bbox 1156 2353 1400 2424; x_wconf 90' lang='lat' dir='ltr'>insuper</span> <span class='ocrx_word' id='word_1_269' title='bbox 1442 2351 1760 2408; x_wconf 82' lang='lat' dir='ltr'>Maximino</span> <span class='ocrx_word' id='word_1_270' title='bbox 1809 2351 1888 2406; x_wconf 89' lang='lat' dir='ltr'>ab</span> <span class='ocrx_word' id='word_1_271' title='bbox 1940 2353 2234 2408; x_wconf 85' lang='lat' dir='ltr'>Armeniis</span> 
     </span>
    </p>
   </div>
   <div class='ocr_carea' id='block_1_43' title="bbox 572 2440 2237 2514">
    <p class='ocr_par' dir='ltr' id='par_1_43' title="bbox 572 2440 2237 2514">
     <span class='ocr_line' id='line_1_43' title="bbox 572 2440 2237 2514; baseline -0.001 -15"><span class='ocrx_word' id='word_1_272' title='bbox 572 2442 823 2511; x_wconf 89' lang='lat' dir='ltr'>illatum,</span> <span class='ocrx_word' id='word_1_273' title='bbox 849 2444 952 2514; x_wconf 89' lang='lat' dir='ltr'>qui</span> <span class='ocrx_word' id='word_1_274' title='bbox 983 2447 1163 2498; x_wconf 90' lang='lat' dir='ltr'>antea</span> <span class='ocrx_word' id='word_1_275' title='bbox 1189 2441 1336 2497; x_wconf 85' lang='lat' dir='ltr'>socii</span> <span class='ocrx_word' id='word_1_276' title='bbox 1368 2441 1780 2496; x_wconf 86' lang='lat' dir='ltr'>Romanorum</span> <span class='ocrx_word' id='word_1_277' title='bbox 1810 2440 2063 2496; x_wconf 85' lang='lat' dir='ltr'>fuerant.</span> <span class='ocrx_word' id='word_1_278' title='bbox 2097 2442 2237 2498; x_wconf 89' lang='lat' dir='ltr'>Belli</span> 
     </span>
    </p>
   </div>
   <div class='ocr_carea' id='block_1_44' title="bbox 580 2528 2234 2598">
    <p class='ocr_par' dir='ltr' id='par_1_44' title="bbox 580 2528 2234 2598">
     <span class='ocr_line' id='line_1_44' title="bbox 580 2528 2234 2598; baseline 0 -13"><span class='ocrx_word' id='word_1_279' title='bbox 580 2547 762 2588; x_wconf 91' lang='lat' dir='ltr'>causa</span> <span class='ocrx_word' id='word_1_280' title='bbox 793 2537 920 2587; x_wconf 90' lang='lat' dir='ltr'>erat</span> <span class='ocrx_word' id='word_1_281' title='bbox 957 2531 1288 2587; x_wconf 88' lang='lat' dir='ltr'>Christiana</span> <span class='ocrx_word' id='word_1_282' title='bbox 1319 2530 1471 2585; x_wconf 86' lang='lat' dir='ltr'>ﬁdes</span> <span class='ocrx_word' id='word_1_283' title='bbox 1511 2534 1567 2584; x_wconf 92' lang='lat' dir='ltr'>et</span> <span class='ocrx_word' id='word_1_284' title='bbox 1603 2528 1829 2598; x_wconf 85' lang='lat' dir='ltr'>religio.</span> <span class='ocrx_word' id='word_1_285' title='bbox 1873 2531 2046 2595; x_wconf 85' lang='lat' dir='ltr'>Quod</span> <span class='ocrx_word' id='word_1_286' title='bbox 2075 2531 2234 2586; x_wconf 90' lang='lat' dir='ltr'>enim</span> 
     </span>
    </p>
   </div>
   <div class='ocr_carea' id='block_1_45' title="bbox 578 2619 2238 2692">
    <p class='ocr_par' dir='ltr' id='par_1_45' title="bbox 578 2619 2238 2692">
     <span class='ocr_line' id='line_1_45' title="bbox 578 2619 2238 2692; baseline 0.001 -16"><span class='ocrx_word' id='word_1_287' title='bbox 578 2621 856 2676; x_wconf 89' lang='lat' dir='ltr'>homines</span> <span class='ocrx_word' id='word_1_288' title='bbox 889 2621 1169 2676; x_wconf 88' lang='lat' dir='ltr'>inducere</span> <span class='ocrx_word' id='word_1_289' title='bbox 1201 2624 1382 2692; x_wconf 88' lang='lat' dir='ltr'>atque</span> <span class='ocrx_word' id='word_1_290' title='bbox 1410 2619 1773 2690; x_wconf 87' lang='lat' dir='ltr'>persuadere</span> <span class='ocrx_word' id='word_1_291' title='bbox 1799 2619 1910 2673; x_wconf 91' lang='lat' dir='ltr'>illis</span> <span class='ocrx_word' id='word_1_292' title='bbox 1944 2621 2145 2685; x_wconf 86' lang='lat' dir='ltr'>voluit,</span> <span class='ocrx_word' id='word_1_293' title='bbox 2177 2625 2238 2678; x_wconf 89' lang='lat' dir='ltr'>ut</span> 
     </span>
    </p>
   </div>
   <div class='ocr_carea' id='block_1_46' title="bbox 579 2707 2236 2782">
    <p class='ocr_par' dir='ltr' id='par_1_46' title="bbox 579 2707 2236 2782">
     <span class='ocr_line' id='line_1_46' title="bbox 579 2707 2236 2782; baseline -0.001 -17"><span class='ocrx_word' id='word_1_294' title='bbox 579 2726 762 2782; x_wconf 88' lang='lat' dir='ltr'>quem</span> <span class='ocrx_word' id='word_1_295' title='bbox 795 2710 1024 2766; x_wconf 89' lang='lat' dir='ltr'>Christo</span> <span class='ocrx_word' id='word_1_296' title='bbox 1048 2708 1439 2781; x_wconf 75' lang='lat' dir='ltr'>praestabant,</span> <span class='ocrx_word' id='word_1_297' title='bbox 1470 2707 1646 2764; x_wconf 90' lang='lat' dir='ltr'>idolis</span> <span class='ocrx_word' id='word_1_298' title='bbox 1676 2707 1956 2764; x_wconf 82' lang='lat' dir='ltr'>offerrent</span> <span class='ocrx_word' id='word_1_299' title='bbox 1988 2709 2236 2774; x_wconf 88' lang='lat' dir='ltr'>cultum,</span> 
     </span>
    </p>
   </div>
   <div class='ocr_carea' id='block_1_47' title="bbox 582 2797 2236 2870">
    <p class='ocr_par' dir='ltr' id='par_1_47' title="bbox 582 2797 2236 2870">
     <span class='ocr_line' id='line_1_47' title="bbox 582 2797 2236 2870; baseline 0 -16"><span class='ocrx_word' id='word_1_300' title='bbox 582 2816 654 2855; x_wconf 84' lang='lat' dir='ltr'>ex</span> <span class='ocrx_word' id='word_1_301' title='bbox 684 2799 894 2854; x_wconf 89' lang='lat' dir='ltr'>amicis</span> <span class='ocrx_word' id='word_1_302' title='bbox 922 2799 1124 2870; x_wconf 84' lang='lat' dir='ltr'>hostes</span> <span class='ocrx_word' id='word_1_303' title='bbox 1152 2813 1255 2854; x_wconf 88' lang='lat' dir='ltr'>eos</span> <span class='ocrx_word' id='word_1_304' title='bbox 1282 2797 1512 2853; x_wconf 88' lang='lat' dir='ltr'>habuit.</span> <span class='ocrx_word' id='word_1_305' title='bbox 1548 2799 1691 2862; x_wconf 71' lang='lat' dir='ltr'>Quae</span> <span class='ocrx_word' id='word_1_306' title='bbox 1722 2798 1882 2853; x_wconf 90' lang='lat' dir='ltr'>mala</span> <span class='ocrx_word' id='word_1_307' title='bbox 1910 2799 2116 2853; x_wconf 90' lang='lat' dir='ltr'>omnia</span> <span class='ocrx_word' id='word_1_308' title='bbox 2142 2815 2236 2854; x_wconf 53' lang='lat' dir='ltr'>eo.</span> 
     </span>
    </p>
   </div>
   <div class='ocr_carea' id='block_1_48' title="bbox 581 2887 2239 2960">
    <p class='ocr_par' dir='ltr' id='par_1_48' title="bbox 581 2887 2239 2960">
     <span class='ocr_line' id='line_1_48' title="bbox 581 2887 2239 2960; baseline -0.001 -16"><span class='ocrx_word' id='word_1_309' title='bbox 581 2889 720 2944; x_wconf 92' lang='lat' dir='ltr'>dem</span> <span class='ocrx_word' id='word_1_310' title='bbox 752 2893 1018 2960; x_wconf 91' lang='lat' dir='ltr'>tempore</span> <span class='ocrx_word' id='word_1_311' title='bbox 1057 2892 1427 2954; x_wconf 89' lang='lat' dir='ltr'>coacervata,</span> <span class='ocrx_word' id='word_1_312' title='bbox 1460 2887 1700 2958; x_wconf 88' lang='lat' dir='ltr'>tyranni</span> <span class='ocrx_word' id='word_1_313' title='bbox 1729 2887 2050 2943; x_wconf 89' lang='lat' dir='ltr'>audaciam</span> <span class='ocrx_word' id='word_1_314' title='bbox 2084 2888 2239 2944; x_wconf 85' lang='lat' dir='ltr'>furo-</span> 
     </span>
    </p>
   </div>
   <div class='ocr_carea' id='block_1_49' title="bbox 581 2975 2240 3050">
    <p class='ocr_par' dir='ltr' id='par_1_49' title="bbox 581 2975 2240 3050">
     <span class='ocr_line' id='line_1_49' title="bbox 581 2975 2240 3050; baseline 0.001 -18"><span class='ocrx_word' id='word_1_315' title='bbox 581 2991 831 3050; x_wconf 88' lang='lat' dir='ltr'>remque</span> <span class='ocrx_word' id='word_1_316' title='bbox 872 2982 1080 3032; x_wconf 91' lang='lat' dir='ltr'>contra</span> <span class='ocrx_word' id='word_1_317' title='bbox 1108 2976 1380 3031; x_wconf 91' lang='lat' dir='ltr'>divinum</span> <span class='ocrx_word' id='word_1_318' title='bbox 1418 2975 1652 3031; x_wconf 90' lang='lat' dir='ltr'>Numen</span> <span class='ocrx_word' id='word_1_319' title='bbox 1683 2981 2056 3046; x_wconf 90' lang='lat' dir='ltr'>conceptum,</span> <span class='ocrx_word' id='word_1_320' title='bbox 2098 2979 2240 3033; x_wconf 83' lang='lat' dir='ltr'>satis</span> 
     </span>
    </p>
   </div>
   <div class='ocr_carea' id='block_1_50' title="bbox 2341 1815 3835 1894">
    <p class='ocr_par' dir='ltr' id='par_1_50' title="bbox 2341 1815 3835 1894">
     <span class='ocr_line' id='line_1_50' title="bbox 2341 1815 3835 1894; baseline 0.004 -27"><span class='ocrx_word' id='word_1_321' title='bbox 2341 1815 2513 1868; x_wconf 83' lang='grc' dir='ltr'>λούθει</span> <span class='ocrx_word' id='word_1_322' title='bbox 2546 1837 2558 1848; x_wconf 76' lang='grc' dir='ltr'><strong>ο</strong></span> <span class='ocrx_word' id='word_1_323' title='bbox 2588 1816 2786 1890; x_wconf 80' lang='grc' dir='ltr'>ἄνθραξ</span> <span class='ocrx_word' id='word_1_324' title='bbox 2821 1825 2893 1887; x_wconf 81' lang='grc' dir='ltr'>τῷ</span> <span class='ocrx_word' id='word_1_325' title='bbox 2923 1817 3155 1890; x_wconf 71' lang='grc' dir='ltr'>πυρώδει</span> <span class='ocrx_word' id='word_1_326' title='bbox 3184 1828 3275 1872; x_wconf 87' lang='grc' dir='ltr'>τοῦ</span> <span class='ocrx_word' id='word_1_327' title='bbox 3305 1828 3583 1894; x_wconf 81' lang='grc' dir='ltr'>χρώματος</span> <span class='ocrx_word' id='word_1_328' title='bbox 3601 1824 3835 1894; x_wconf 69' lang='grc' dir='ltr'>ὠνομάζετε·</span> 
     </span>
    </p>
   </div>
   <div class='ocr_carea' id='block_1_51' title="bbox 2342 1902 3251 1980">
    <p class='ocr_par' dir='ltr' id='par_1_51' title="bbox 2342 1902 3251 1980">
     <span class='ocr_line' id='line_1_51' title="bbox 2342 1902 3251 1980; baseline 0.007 -25"><span class='ocrx_word' id='word_1_329' title='bbox 2342 1905 2485 1965; x_wconf 76' lang='grc' dir='ltr'>ἕλκος</span> <span class='ocrx_word' id='word_1_330' title='bbox 2543 1902 2783 1966; x_wconf 73' lang='grc' dir='ltr'>δυσῶδες</span> <span class='ocrx_word' id='word_1_331' title='bbox 2839 1905 3251 1980; x_wconf 76' lang='grc' dir='ltr'>ἐπισυρόμενον·</span> 
     </span>
    </p>
   </div>
   <div class='ocr_carea' id='block_1_52' title="bbox 2341 1997 2618 2066">
    <p class='ocr_par' dir='ltr' id='par_1_52' title="bbox 2341 1997 2618 2066">
     <span class='ocr_line' id='line_1_52' title="bbox 2341 1997 2618 2066; baseline 0.004 -21"><span class='ocrx_word' id='word_1_332' title='bbox 2341 1997 2618 2066; x_wconf 87' lang='grc' dir='ltr'>καθέρπον,</span> 
     </span>
    </p>
   </div>
   <div class='ocr_carea' id='block_1_53' title="bbox 3310 1913 3841 1982">
    <p class='ocr_par' dir='ltr' id='par_1_53' title="bbox 3310 1913 3841 1982">
     <span class='ocr_line' id='line_1_53' title="bbox 3310 1913 3841 1982; baseline -0.002 -20"><span class='ocrx_word' id='word_1_333' title='bbox 3310 1913 3336 1962; x_wconf 84' lang='grc' dir='ltr'><em>ὅ</em></span> <span class='ocrx_word' id='word_1_334' title='bbox 3394 1917 3486 1963; x_wconf 82' lang='grc' dir='ltr'>καὶ</span> <span class='ocrx_word' id='word_1_335' title='bbox 3534 1921 3626 1964; x_wconf 81' lang='grc' dir='ltr'>τῶν</span> <span class='ocrx_word' id='word_1_336' title='bbox 3669 1915 3841 1982; x_wconf 64' lang='grc' dir='ltr'>σωμάτων</span> 
     </span>
    </p>
   </div>
   <div class='ocr_carea' id='block_1_54' title="bbox 2711 1995 2996 2069">
    <p class='ocr_par' dir='ltr' id='par_1_54' title="bbox 2711 1995 2996 2069">
     <span class='ocr_line' id='line_1_54' title="bbox 2711 1995 2996 2069; baseline 0.007 -23"><span class='ocrx_word' id='word_1_337' title='bbox 2711 1995 2996 2069; x_wconf 72' lang='grc' dir='ltr'>σφαλερούς</span> 
     </span>
    </p>
   </div>
   <div class='ocr_carea' id='block_1_55' title="bbox 2341 2083 2982 2147">
    <p class='ocr_par' dir='ltr' id='par_1_55' title="bbox 2341 2083 2982 2147">
     <span class='ocr_line' id='line_1_55' title="bbox 2341 2083 2982 2147; baseline 0.002 -10"><span class='ocrx_word' id='word_1_338' title='bbox 2341 2083 2558 2137; x_wconf 76' lang='grc' dir='ltr'>Ἔπειτα</span> <span class='ocrx_word' id='word_1_339' title='bbox 2604 2093 2714 2146; x_wconf 91' lang='grc' dir='ltr'>τοῖς</span> <span class='ocrx_word' id='word_1_340' title='bbox 2775 2088 2982 2147; x_wconf 91' lang='grc' dir='ltr'>κανθοῖς</span> 
     </span>
    </p>
   </div>
   <div class='ocr_carea' id='block_1_56' title="bbox 3088 1997 3844 2073">
    <p class='ocr_par' dir='ltr' id='par_1_56' title="bbox 3088 1997 3844 2073">
     <span class='ocr_line' id='line_1_56' title="bbox 3088 1997 3844 2073; baseline 0.007 -25"><span class='ocrx_word' id='word_1_341' title='bbox 3088 1997 3272 2073; x_wconf 81' lang='grc' dir='ltr'>ἀθρόον</span> <span class='ocrx_word' id='word_1_342' title='bbox 3351 2004 3565 2054; x_wconf 71' lang='grc' dir='ltr'>ἱνεποίει</span> <span class='ocrx_word' id='word_1_343' title='bbox 3637 1998 3844 2053; x_wconf 70' lang='grc' dir='ltr'>κινδύνους.</span> 
     </span>
    </p>
   </div>
   <div class='ocr_carea' id='block_1_57' title="bbox 3056 2089 3847 2162">
    <p class='ocr_par' dir='ltr' id='par_1_57' title="bbox 3056 2089 3847 2162">
     <span class='ocr_line' id='line_1_57' title="bbox 3056 2089 3847 2162; baseline 0 -24"><span class='ocrx_word' id='word_1_344' title='bbox 3056 2097 3156 2139; x_wconf 81' lang='grc' dir='ltr'>τῶν</span> <span class='ocrx_word' id='word_1_345' title='bbox 3241 2089 3518 2162; x_wconf 76' lang='grc' dir='ltr'>ὀφθαλμῶν</span> <span class='ocrx_word' id='word_1_346' title='bbox 3592 2096 3847 2152; x_wconf 54' lang='lat' dir='ltr'>smnia-.57,</span> 
     </span>
    </p>
   </div>
   <div class='ocr_carea' id='block_1_58' title="bbox 2341 2174 3850 2250">
    <p class='ocr_par' dir='ltr' id='par_1_58' title="bbox 2341 2174 3850 2250">
     <span class='ocr_line' id='line_1_58' title="bbox 2341 2174 3850 2250; baseline 0.001 -24"><span class='ocrx_word' id='word_1_347' title='bbox 2341 2177 2536 2245; x_wconf 83' lang='grc' dir='ltr'>πηρούς</span> <span class='ocrx_word' id='word_1_348' title='bbox 2593 2175 2710 2225; x_wconf 85' lang='grc' dir='ltr'>καθ’</span> <span class='ocrx_word' id='word_1_349' title='bbox 2765 2175 2830 2224; x_wconf 83' lang='grc' dir='ltr'>ὧν</span> <span class='ocrx_word' id='word_1_350' title='bbox 2875 2177 3017 2246; x_wconf 67' lang='grc' dir='ltr'>ἐπῄει</span> <span class='ocrx_word' id='word_1_351' title='bbox 3070 2174 3262 2250; x_wconf 76' lang='grc' dir='ltr'>ἄνδρας</span> <span class='ocrx_word' id='word_1_352' title='bbox 3313 2197 3365 2230; x_wconf 90' lang='grc' dir='ltr'>τε</span> <span class='ocrx_word' id='word_1_353' title='bbox 3425 2185 3515 2231; x_wconf 81' lang='grc' dir='ltr'>καὶ</span> <span class='ocrx_word' id='word_1_354' title='bbox 3559 2179 3850 2250; x_wconf 71' lang='grc' dir='ltr'>γυναῖκαςεὶρ·</span> 
     </span>
    </p>
   </div>
   <div class='ocr_carea' id='block_1_59' title="bbox 2342 2259 3852 2340">
    <p class='ocr_par' dir='ltr' id='par_1_59' title="bbox 2342 2259 3852 2340">
     <span class='ocr_line' id='line_1_59' title="bbox 2342 2259 3852 2340; baseline -0.003 -26"><span class='ocrx_word' id='word_1_355' title='bbox 2342 2265 2551 2333; x_wconf 82' lang='grc' dir='ltr'>γάζετο.</span> <span class='ocrx_word' id='word_1_356' title='bbox 2610 2263 2728 2314; x_wconf 83' lang='grc' dir='ltr'>Ἐπὶ</span> <span class='ocrx_word' id='word_1_357' title='bbox 2771 2259 2839 2320; x_wconf 72' lang='grc' dir='ltr'>δή</span> <span class='ocrx_word' id='word_1_358' title='bbox 2881 2268 3079 2325; x_wconf 82' lang='grc' dir='ltr'>τούτοις</span> <span class='ocrx_word' id='word_1_359' title='bbox 3130 2271 3219 2318; x_wconf 82' lang='grc' dir='ltr'>καὶ</span> <span class='ocrx_word' id='word_1_360' title='bbox 3248 2270 3404 2339; x_wconf 81' lang='grc' dir='ltr'>μάχη</span> <span class='ocrx_word' id='word_1_361' title='bbox 3458 2269 3593 2339; x_wconf 66' lang='grc' dir='ltr'>αὐτῷ</span> <span class='ocrx_word' id='word_1_362' title='bbox 3630 2273 3737 2340; x_wconf 77' lang='grc' dir='ltr'>πρὸς</span> <span class='ocrx_word' id='word_1_363' title='bbox 3776 2268 3852 2338; x_wconf 63' lang='grc' dir='ltr'>Ἄρ.</span> 
     </span>
    </p>
   </div>
   <div class='ocr_carea' id='block_1_60' title="bbox 2344 2353 3855 2427">
    <p class='ocr_par' dir='ltr' id='par_1_60' title="bbox 2344 2353 3855 2427">
     <span class='ocr_line' id='line_1_60' title="bbox 2344 2353 3855 2427; baseline 0.001 -25"><span class='ocrx_word' id='word_1_364' title='bbox 2344 2357 2551 2424; x_wconf 88' lang='grc' dir='ltr'>μενίους</span> <span class='ocrx_word' id='word_1_365' title='bbox 2601 2353 2856 2425; x_wconf 75' lang='grc' dir='ltr'>ἠγείρετο,</span> <span class='ocrx_word' id='word_1_366' title='bbox 2923 2363 3237 2426; x_wconf 85' lang='grc' dir='ltr'>συυμαχους</span> <span class='ocrx_word' id='word_1_367' title='bbox 3287 2360 3617 2419; x_wconf 82' lang='grc' dir='ltr'>καθεστῶτας</span> <span class='ocrx_word' id='word_1_368' title='bbox 3661 2358 3855 2427; x_wconf 72' lang='grc' dir='ltr'>Ῥωμαίοις</span> 
     </span>
    </p>
   </div>
   <div class='ocr_carea' id='block_1_61' title="bbox 2345 2443 3857 2520">
    <p class='ocr_par' dir='ltr' id='par_1_61' title="bbox 2345 2443 3857 2520">
     <span class='ocr_line' id='line_1_61' title="bbox 2345 2443 3857 2520; baseline 0.001 -27"><span class='ocrx_word' id='word_1_369' title='bbox 2345 2443 2557 2493; x_wconf 78' lang='grc' dir='ltr'>ἄνωθεν.</span> <span class='ocrx_word' id='word_1_370' title='bbox 2617 2447 2715 2494; x_wconf 82' lang='grc' dir='ltr'>Καὶ</span> <span class='ocrx_word' id='word_1_371' title='bbox 2781 2445 2808 2500; x_wconf 72' lang='grc' dir='ltr'><em>ἡ</em></span> <span class='ocrx_word' id='word_1_372' title='bbox 2877 2448 3136 2515; x_wconf 75' lang='grc' dir='ltr'>πρόφασις</span> <span class='ocrx_word' id='word_1_373' title='bbox 3197 2449 3254 2496; x_wconf 89' lang='grc' dir='ltr'>τό</span> <span class='ocrx_word' id='word_1_374' title='bbox 3324 2451 3460 2520; x_wconf 86' lang='grc' dir='ltr'>πρὸς</span> <span class='ocrx_word' id='word_1_375' title='bbox 3509 2452 3714 2519; x_wconf 77' lang='grc' dir='ltr'>Χριστὸν</span> <span class='ocrx_word' id='word_1_376' title='bbox 3761 2444 3857 2502; x_wconf 63' lang='lat' dir='ltr'>etiis;</span> 
     </span>
    </p>
   </div>
   <div class='ocr_carea' id='block_1_62' title="bbox 2347 2527 3856 2606">
    <p class='ocr_par' dir='ltr' id='par_1_62' title="bbox 2347 2527 3856 2606">
     <span class='ocr_line' id='line_1_62' title="bbox 2347 2527 3856 2606; baseline 0 -25"><span class='ocrx_word' id='word_1_377' title='bbox 2347 2529 2554 2591; x_wconf 85' lang='grc' dir='ltr'>ἐκείνοις</span> <span class='ocrx_word' id='word_1_378' title='bbox 2607 2527 2690 2587; x_wconf 78' lang='grc' dir='ltr'>ἧν.</span> <span class='ocrx_word' id='word_1_379' title='bbox 2737 2538 2924 2604; x_wconf 88' lang='grc' dir='ltr'>Πεῑραν</span> <span class='ocrx_word' id='word_1_380' title='bbox 2971 2535 3072 2606; x_wconf 80' lang='grc' dir='ltr'>γὰρ</span> <span class='ocrx_word' id='word_1_381' title='bbox 3132 2533 3334 2605; x_wconf 85' lang='grc' dir='ltr'>ἐπάγων</span> <span class='ocrx_word' id='word_1_382' title='bbox 3395 2533 3626 2597; x_wconf 78' lang='grc' dir='ltr'>εἰδώλοις</span> <span class='ocrx_word' id='word_1_383' title='bbox 3664 2539 3712 2585; x_wconf 84' lang='grc' dir='ltr'>τὸ</span> <span class='ocrx_word' id='word_1_384' title='bbox 3759 2532 3856 2590; x_wconf 68' lang='grc' dir='ltr'>σεξις</span> 
     </span>
    </p>
   </div>
   <div class='ocr_carea' id='block_1_63' title="bbox 2346 2618 3855 2694">
    <p class='ocr_par' dir='ltr' id='par_1_63' title="bbox 2346 2618 3855 2694">
     <span class='ocr_line' id='line_1_63' title="bbox 2346 2618 3855 2694; baseline 0.003 -24"><span class='ocrx_word' id='word_1_385' title='bbox 2346 2623 2510 2690; x_wconf 87' lang='grc' dir='ltr'>νέμειν</span> <span class='ocrx_word' id='word_1_386' title='bbox 2570 2618 2683 2670; x_wconf 80' lang='grc' dir='ltr'>ἀντὶ</span> <span class='ocrx_word' id='word_1_387' title='bbox 2742 2622 2993 2693; x_wconf 83' lang='grc' dir='ltr'>Χριστοῦ,</span> <span class='ocrx_word' id='word_1_388' title='bbox 3059 2623 3334 2694; x_wconf 80' lang='grc' dir='ltr'>πολεμίους</span> <span class='ocrx_word' id='word_1_389' title='bbox 3423 2625 3687 2682; x_wconf 70' lang='grc' dir='ltr'>ἐκτήσατο.</span> <span class='ocrx_word' id='word_1_390' title='bbox 3734 2622 3782 2676; x_wconf 78' lang='grc' dir='ltr'>’Δ</span> <span class='ocrx_word' id='word_1_391' title='bbox 3819 2618 3855 2675; x_wconf 67' lang='grc' dir='ltr'>ἒξ</span> 
     </span>
    </p>
   </div>
   <div class='ocr_carea' id='block_1_64' title="bbox 2346 2709 3862 2788">
    <p class='ocr_par' dir='ltr' id='par_1_64' title="bbox 2346 2709 3862 2788">
     <span class='ocr_line' id='line_1_64' title="bbox 2346 2709 3862 2788; baseline 0.001 -27"><span class='ocrx_word' id='word_1_392' title='bbox 2346 2711 2515 2761; x_wconf 86' lang='grc' dir='ltr'>πάντα</span> <span class='ocrx_word' id='word_1_393' title='bbox 2562 2710 2698 2760; x_wconf 83' lang='grc' dir='ltr'>κατὰ</span> <span class='ocrx_word' id='word_1_394' title='bbox 2744 2713 2903 2760; x_wconf 87' lang='grc' dir='ltr'>ταυτό</span> <span class='ocrx_word' id='word_1_395' title='bbox 2959 2709 3261 2784; x_wconf 81' lang='grc' dir='ltr'>συρῥυέντα,</span> <span class='ocrx_word' id='word_1_396' title='bbox 3304 2717 3361 2764; x_wconf 87' lang='grc' dir='ltr'>τὸ</span> <span class='ocrx_word' id='word_1_397' title='bbox 3411 2723 3503 2766; x_wconf 83' lang='grc' dir='ltr'>τοῦ</span> <span class='ocrx_word' id='word_1_398' title='bbox 3544 2715 3761 2788; x_wconf 83' lang='grc' dir='ltr'>τυράννου</span> <span class='ocrx_word' id='word_1_399' title='bbox 3787 2715 3862 2780; x_wconf 63' lang='lat' dir='ltr'>69s-</span> 
     </span>
    </p>
   </div>
   <div class='ocr_carea' id='block_1_65' title="bbox 2351 2801 3862 2874">
    <p class='ocr_par' dir='ltr' id='par_1_65' title="bbox 2351 2801 3862 2874">
     <span class='ocr_line' id='line_1_65' title="bbox 2351 2801 3862 2874; baseline 0.002 -25"><span class='ocrx_word' id='word_1_400' title='bbox 2351 2818 2460 2861; x_wconf 89' lang='grc' dir='ltr'>σος,</span> <span class='ocrx_word' id='word_1_401' title='bbox 2515 2803 2602 2848; x_wconf 79' lang='grc' dir='ltr'>καὶ</span> <span class='ocrx_word' id='word_1_402' title='bbox 2643 2803 2736 2856; x_wconf 82' lang='grc' dir='ltr'>τὴν</span> <span class='ocrx_word' id='word_1_403' title='bbox 2783 2803 2911 2872; x_wconf 86' lang='grc' dir='ltr'>πρός</span> <span class='ocrx_word' id='word_1_404' title='bbox 2961 2803 3018 2851; x_wconf 88' lang='grc' dir='ltr'>τό</span> <span class='ocrx_word' id='word_1_405' title='bbox 3062 2803 3190 2852; x_wconf 84' lang='grc' dir='ltr'>θεῖον</span> <span class='ocrx_word' id='word_1_406' title='bbox 3238 2808 3432 2872; x_wconf 84' lang='grc' dir='ltr'>μανίαν</span> <span class='ocrx_word' id='word_1_407' title='bbox 3461 2801 3736 2874; x_wconf 70' lang='grc' dir='ltr'>διήλεγχεν.</span> <span class='ocrx_word' id='word_1_408' title='bbox 3771 2803 3862 2852; x_wconf 60' lang='grc' dir='ltr'>Ἐπεί</span> 
     </span>
    </p>
   </div>
   <div class='ocr_carea' id='block_1_66' title="bbox 2346 2888 3863 2963">
    <p class='ocr_par' dir='ltr' id='par_1_66' title="bbox 2346 2888 3863 2963">
     <span class='ocr_line' id='line_1_66' title="bbox 2346 2888 3863 2963; baseline 0.001 -25"><span class='ocrx_word' id='word_1_409' title='bbox 2346 2893 2429 2939; x_wconf 84' lang='grc' dir='ltr'>τοί</span> <span class='ocrx_word' id='word_1_410' title='bbox 2456 2907 2512 2958; x_wconf 88' lang='grc' dir='ltr'>γε</span> <span class='ocrx_word' id='word_1_411' title='bbox 2560 2889 2638 2948; x_wconf 84' lang='grc' dir='ltr'>οἷς</span> <span class='ocrx_word' id='word_1_412' title='bbox 2670 2888 2788 2940; x_wconf 89' lang='grc' dir='ltr'>καθ’</span> <span class='ocrx_word' id='word_1_413' title='bbox 2844 2891 2990 2960; x_wconf 79' lang='grc' dir='ltr'>ημῶν</span> <span class='ocrx_word' id='word_1_414' title='bbox 3036 2896 3292 2955; x_wconf 86' lang='grc' dir='ltr'>κεκίνητο,</span> <span class='ocrx_word' id='word_1_415' title='bbox 3340 2897 3433 2944; x_wconf 83' lang='grc' dir='ltr'>καὶ</span> <span class='ocrx_word' id='word_1_416' title='bbox 3485 2902 3575 2953; x_wconf 83' lang='grc' dir='ltr'>τῆς</span> <span class='ocrx_word' id='word_1_417' title='bbox 3617 2898 3719 2963; x_wconf 80' lang='grc' dir='ltr'>περὶ</span> <span class='ocrx_word' id='word_1_418' title='bbox 3759 2892 3863 2940; x_wconf 66' lang='grc' dir='ltr'>τεεί-</span> 
     </span>
    </p>
   </div>
   <div class='ocr_carea' id='block_1_67' title="bbox 2351 2973 3858 3054">
    <p class='ocr_par' dir='ltr' id='par_1_67' title="bbox 2351 2973 3858 3054">
     <span class='ocr_line' id='line_1_67' title="bbox 2351 2973 3858 3054; baseline 0.003 -26"><span class='ocrx_word' id='word_1_419' title='bbox 2351 2973 2495 3028; x_wconf 60' lang='lat' dir='ltr'>declat</span> <span class='ocrx_word' id='word_1_420' title='bbox 2547 2979 2818 3046; x_wconf 80' lang='grc' dir='ltr'>θεραπείας</span> <span class='ocrx_word' id='word_1_421' title='bbox 2867 2981 3050 3050; x_wconf 80' lang='grc' dir='ltr'>χάριν,</span> <span class='ocrx_word' id='word_1_422' title='bbox 3105 2985 3176 3051; x_wconf 82' lang='grc' dir='ltr'>μὴ</span> <span class='ocrx_word' id='word_1_423' title='bbox 3231 2981 3380 3052; x_wconf 84' lang='grc' dir='ltr'>λιμὸν</span> <span class='ocrx_word' id='word_1_424' title='bbox 3431 2987 3463 3040; x_wconf 76' lang='grc' dir='ltr'><strong><em>ἦ</em></strong></span> <span class='ocrx_word' id='word_1_425' title='bbox 3496 2983 3715 3054; x_wconf 86' lang='grc' dir='ltr'>λοιμὸνῆ</span> <span class='ocrx_word' id='word_1_426' title='bbox 3745 2985 3858 3051; x_wconf 63' lang='grc' dir='ltr'>μάχη</span> 
     </span>
    </p>
   </div>
   <div class='ocr_carea' id='block_1_68' title="bbox 585 3064 2240 3147">
    <p class='ocr_par' dir='ltr' id='par_1_68' title="bbox 585 3064 2238 3138">
     <span class='ocr_line' id='line_1_68' title="bbox 585 3064 2238 3138; baseline 0 -16"><span class='ocrx_word' id='word_1_427' title='bbox 585 3071 1004 3138; x_wconf 87' lang='lat' dir='ltr'>coarguerunt.</span> <span class='ocrx_word' id='word_1_428' title='bbox 1051 3068 1118 3121; x_wconf 87' lang='lat' dir='ltr'>Et</span> <span class='ocrx_word' id='word_1_429' title='bbox 1155 3081 1294 3120; x_wconf 90' lang='lat' dir='ltr'>cum</span> <span class='ocrx_word' id='word_1_430' title='bbox 1334 3079 1441 3136; x_wconf 91' lang='lat' dir='ltr'>per</span> <span class='ocrx_word' id='word_1_431' title='bbox 1472 3064 1829 3134; x_wconf 89' lang='lat' dir='ltr'>jactantiam</span> <span class='ocrx_word' id='word_1_432' title='bbox 1869 3065 2128 3134; x_wconf 84' lang='lat' dir='ltr'>gloriose</span> <span class='ocrx_word' id='word_1_433' title='bbox 2169 3082 2238 3122; x_wconf 93' lang='lat' dir='ltr'>eo</span> 
     </span>
    </p>
   </div>
   <div class='ocr_carea' id='block_1_69' title="bbox 2353 3064 3856 3147">
    <p class='ocr_par' dir='ltr' id='par_1_69' title="bbox 2355 3066 3856 3145">
     <span class='ocr_line' id='line_1_69' title="bbox 2355 3066 3856 3145; baseline 0 -28"><span class='ocrx_word' id='word_1_434' title='bbox 2355 3066 2679 3140; x_wconf 80' lang='grc' dir='ltr'>συῤῥαγῆναί</span> <span class='ocrx_word' id='word_1_435' title='bbox 2725 3085 2848 3118; x_wconf 84' lang='grc' dir='ltr'>ποτε</span> <span class='ocrx_word' id='word_1_436' title='bbox 2917 3067 2999 3119; x_wconf 73' lang='grc' dir='ltr'>ἐπὶ</span> <span class='ocrx_word' id='word_1_437' title='bbox 3072 3077 3166 3129; x_wconf 81' lang='grc' dir='ltr'>τῆς</span> <span class='ocrx_word' id='word_1_438' title='bbox 3226 3073 3480 3132; x_wconf 78' lang='grc' dir='ltr'>τοιαύτης</span> <span class='ocrx_word' id='word_1_439' title='bbox 3552 3070 3712 3145; x_wconf 75' lang='grc' dir='ltr'>ἀρχῆς</span> <span class='ocrx_word' id='word_1_440' title='bbox 3763 3067 3856 3138; x_wconf 62' lang='grc' dir='ltr'>ἱερο-</span> 
     </span>
    </p>
   </div>
   <div class='ocr_carea' id='block_1_70' title="bbox 583 3153 2240 3227">
    <p class='ocr_par' dir='ltr' id='par_1_70' title="bbox 583 3153 2240 3227">
     <span class='ocr_line' id='line_1_70' title="bbox 583 3153 2240 3227; baseline 0.001 -17"><span class='ocrx_word' id='word_1_441' title='bbox 583 3155 750 3227; x_wconf 93' lang='lat' dir='ltr'>quod</span> <span class='ocrx_word' id='word_1_442' title='bbox 797 3153 1157 3210; x_wconf 88' lang='lat' dir='ltr'>Christianos</span> <span class='ocrx_word' id='word_1_443' title='bbox 1200 3157 1676 3225; x_wconf 88' lang='lat' dir='ltr'>persequeretur,</span> <span class='ocrx_word' id='word_1_444' title='bbox 1709 3159 1891 3224; x_wconf 89' lang='lat' dir='ltr'>atque</span> <span class='ocrx_word' id='word_1_445' title='bbox 1941 3154 2240 3211; x_wconf 89' lang='lat' dir='ltr'>idolorum</span> 
     </span>
    </p>
   </div>
   <div class='ocr_carea' id='block_1_71' title="bbox 583 3241 2241 3315">
    <p class='ocr_par' dir='ltr' id='par_1_71' title="bbox 583 3241 2241 3315">
     <span class='ocr_line' id='line_1_71' title="bbox 583 3241 2241 3315; baseline 0.001 -17"><span class='ocrx_word' id='word_1_446' title='bbox 583 3243 811 3299; x_wconf 90' lang='lat' dir='ltr'>cultum</span> <span class='ocrx_word' id='word_1_447' title='bbox 850 3257 1187 3315; x_wconf 85' lang='lat' dir='ltr'>propagare</span> <span class='ocrx_word' id='word_1_448' title='bbox 1231 3241 1511 3306; x_wconf 85' lang='lat' dir='ltr'>studeret,</span> <span class='ocrx_word' id='word_1_449' title='bbox 1541 3241 1655 3296; x_wconf 85' lang='lat' dir='ltr'>sibi</span> <span class='ocrx_word' id='word_1_450' title='bbox 1685 3241 2081 3311; x_wconf 90' lang='lat' dir='ltr'>polliceretur,</span> <span class='ocrx_word' id='word_1_451' title='bbox 2117 3260 2241 3300; x_wconf 88' lang='lat' dir='ltr'>non</span> 
     </span>
    </p>
   </div>
   <div class='ocr_carea' id='block_1_72' title="bbox 583 3329 2240 3404">
    <p class='ocr_par' dir='ltr' id='par_1_72' title="bbox 583 3329 2240 3404">
     <span class='ocr_line' id='line_1_72' title="bbox 583 3329 2240 3404; baseline 0.001 -17"><span class='ocrx_word' id='word_1_452' title='bbox 583 3332 830 3398; x_wconf 84' lang='lat' dir='ltr'>famem,</span> <span class='ocrx_word' id='word_1_453' title='bbox 854 3347 978 3387; x_wconf 90' lang='lat' dir='ltr'>non</span> <span class='ocrx_word' id='word_1_454' title='bbox 1007 3336 1257 3404; x_wconf 84' lang='lat' dir='ltr'>pestem,</span> <span class='ocrx_word' id='word_1_455' title='bbox 1289 3345 1412 3386; x_wconf 92' lang='lat' dir='ltr'>non</span> <span class='ocrx_word' id='word_1_456' title='bbox 1441 3329 1667 3385; x_wconf 91' lang='lat' dir='ltr'>bellum</span> <span class='ocrx_word' id='word_1_457' title='bbox 1697 3330 1928 3402; x_wconf 87' lang='lat' dir='ltr'>imperii</span> <span class='ocrx_word' id='word_1_458' title='bbox 1956 3332 2046 3386; x_wconf 91' lang='lat' dir='ltr'>sui</span> <span class='ocrx_word' id='word_1_459' title='bbox 2072 3333 2240 3389; x_wconf 87' lang='lat' dir='ltr'>ditio-</span> 
     </span>
    </p>
   </div>
   <div class='ocr_carea' id='block_1_73' title="bbox 583 3419 2240 3478">
    <p class='ocr_par' dir='ltr' id='par_1_73' title="bbox 583 3419 2240 3478">
     <span class='ocr_line' id='line_1_73' title="bbox 583 3419 2240 3478; baseline 0 0"><span class='ocrx_word' id='word_1_460' title='bbox 583 3435 726 3478; x_wconf 88' lang='lat' dir='ltr'>nem</span> <span class='ocrx_word' id='word_1_461' title='bbox 756 3421 1111 3477; x_wconf 87' lang='lat' dir='ltr'>invasurum</span> <span class='ocrx_word' id='word_1_462' title='bbox 1140 3435 1263 3475; x_wconf 90' lang='lat' dir='ltr'>esse</span> <span class='ocrx_word' id='word_1_463' title='bbox 1295 3437 1309 3474; x_wconf 91' lang='lat'>:</span> <span class='ocrx_word' id='word_1_464' title='bbox 1343 3419 1545 3475; x_wconf 86' lang='lat' dir='ltr'>clades</span> <span class='ocrx_word' id='word_1_465' title='bbox 1573 3435 1656 3474; x_wconf 66' lang='lat' dir='ltr'>ea:</span> <span class='ocrx_word' id='word_1_466' title='bbox 1688 3420 1999 3476; x_wconf 87' lang='lat' dir='ltr'>confertim</span> <span class='ocrx_word' id='word_1_467' title='bbox 2031 3437 2240 3478; x_wconf 80' lang='lat' dir='ltr'>cumu-</span> 
     </span>
    </p>
   </div>
   <div class='ocr_carea' id='block_1_74' title="bbox 585 3509 2241 3582">
    <p class='ocr_par' dir='ltr' id='par_1_74' title="bbox 585 3509 2241 3582">
     <span class='ocr_line' id='line_1_74' title="bbox 585 3509 2241 3582; baseline 0 -16"><span class='ocrx_word' id='word_1_468' title='bbox 585 3511 744 3574; x_wconf 68' lang='lat' dir='ltr'>latae,</span> <span class='ocrx_word' id='word_1_469' title='bbox 775 3526 916 3566; x_wconf 89' lang='lat' dir='ltr'>cum</span> <span class='ocrx_word' id='word_1_470' title='bbox 954 3510 1225 3580; x_wconf 88' lang='lat' dir='ltr'>ineptam</span> <span class='ocrx_word' id='word_1_471' title='bbox 1261 3509 1613 3580; x_wconf 89' lang='lat' dir='ltr'>jactantiam</span> <span class='ocrx_word' id='word_1_472' title='bbox 1653 3515 1710 3565; x_wconf 89' lang='lat' dir='ltr'>et</span> <span class='ocrx_word' id='word_1_473' title='bbox 1752 3509 2071 3567; x_wconf 89' lang='lat' dir='ltr'>audaciam</span> <span class='ocrx_word' id='word_1_474' title='bbox 2111 3513 2241 3582; x_wconf 86' lang='lat' dir='ltr'>ejus</span> 
     </span>
    </p>
   </div>
   <div class='ocr_carea' id='block_1_75' title="bbox 585 3597 2241 3672">
    <p class='ocr_par' dir='ltr' id='par_1_75' title="bbox 585 3597 2241 3672">
     <span class='ocr_line' id='line_1_75' title="bbox 585 3597 2241 3672; baseline 0.001 -18"><span class='ocrx_word' id='word_1_475' title='bbox 585 3605 1017 3670; x_wconf 88' lang='lat' dir='ltr'>represserunt,</span> <span class='ocrx_word' id='word_1_476' title='bbox 1059 3604 1187 3654; x_wconf 87' lang='lat' dir='ltr'>tum</span> <span class='ocrx_word' id='word_1_477' title='bbox 1226 3597 1599 3654; x_wconf 88' lang='lat' dir='ltr'>eversionem</span> <span class='ocrx_word' id='word_1_478' title='bbox 1641 3598 2068 3672; x_wconf 90' lang='lat' dir='ltr'>interitumque</span> <span class='ocrx_word' id='word_1_479' title='bbox 2111 3602 2241 3671; x_wconf 90' lang='lat' dir='ltr'>ejus</span> 
     </span>
    </p>
   </div>
   <div class='ocr_carea' id='block_1_76' title="bbox 583 3687 2243 3761">
    <p class='ocr_par' dir='ltr' id='par_1_76' title="bbox 583 3687 2243 3761">
     <span class='ocr_line' id='line_1_76' title="bbox 583 3687 2243 3761; baseline 0.002 -19"><span class='ocrx_word' id='word_1_480' title='bbox 583 3689 840 3760; x_wconf 87' lang='lat' dir='ltr'>jamjam</span> <span class='ocrx_word' id='word_1_481' title='bbox 871 3689 1220 3744; x_wconf 89' lang='lat' dir='ltr'>adfuturum</span> <span class='ocrx_word' id='word_1_482' title='bbox 1251 3693 1410 3743; x_wconf 90' lang='lat' dir='ltr'>certo</span> <span class='ocrx_word' id='word_1_483' title='bbox 1443 3688 1589 3742; x_wconf 89' lang='lat' dir='ltr'>satis</span> <span class='ocrx_word' id='word_1_484' title='bbox 1627 3687 1986 3745; x_wconf 90' lang='lat' dir='ltr'>indicarunt.</span> <span class='ocrx_word' id='word_1_485' title='bbox 2020 3693 2086 3746; x_wconf 89' lang='lat' dir='ltr'>Et</span> <span class='ocrx_word' id='word_1_486' title='bbox 2115 3691 2243 3761; x_wconf 89' lang='lat' dir='ltr'>ipse</span> 
     </span>
    </p>
   </div>
   <div class='ocr_carea' id='block_1_77' title="bbox 586 3776 2245 3849">
    <p class='ocr_par' dir='ltr' id='par_1_77' title="bbox 586 3776 2245 3849">
     <span class='ocr_line' id='line_1_77' title="bbox 586 3776 2245 3849; baseline 0.002 -18"><span class='ocrx_word' id='word_1_487' title='bbox 586 3777 835 3848; x_wconf 89' lang='lat' dir='ltr'>quidem</span> <span class='ocrx_word' id='word_1_488' title='bbox 862 3777 1234 3848; x_wconf 81' lang='lat' dir='ltr'>expeditione</span> <span class='ocrx_word' id='word_1_489' title='bbox 1259 3776 1474 3832; x_wconf 88' lang='lat' dir='ltr'>bellica</span> <span class='ocrx_word' id='word_1_490' title='bbox 1499 3792 1632 3831; x_wconf 91' lang='lat' dir='ltr'>cum</span> <span class='ocrx_word' id='word_1_491' title='bbox 1659 3779 1846 3849; x_wconf 86' lang='lat' dir='ltr'>copiis</span> <span class='ocrx_word' id='word_1_492' title='bbox 1877 3779 2000 3833; x_wconf 88' lang='lat' dir='ltr'>suis</span> <span class='ocrx_word' id='word_1_493' title='bbox 2036 3787 2245 3835; x_wconf 86' lang='lat' dir='ltr'>contra</span> 
     </span>
    </p>
   </div>
   <div class='ocr_carea' id='block_1_78' title="bbox 586 3865 2245 3938">
    <p class='ocr_par' dir='ltr' id='par_1_78' title="bbox 586 3865 2245 3938">
     <span class='ocr_line' id='line_1_78' title="bbox 586 3865 2245 3938; baseline 0.002 -16"><span class='ocrx_word' id='word_1_494' title='bbox 586 3867 789 3922; x_wconf 89' lang='lat' dir='ltr'>hostes</span> <span class='ocrx_word' id='word_1_495' title='bbox 832 3871 1132 3937; x_wconf 88' lang='lat' dir='ltr'>suscepta,</span> <span class='ocrx_word' id='word_1_496' title='bbox 1163 3866 1429 3938; x_wconf 89' lang='lat' dir='ltr'>quotidie</span> <span class='ocrx_word' id='word_1_497' title='bbox 1459 3865 1688 3920; x_wconf 87' lang='lat' dir='ltr'>viribus</span> <span class='ocrx_word' id='word_1_498' title='bbox 1721 3867 1960 3922; x_wconf 90' lang='lat' dir='ltr'>amissis</span> <span class='ocrx_word' id='word_1_499' title='bbox 2003 3869 2245 3924; x_wconf 89' lang='lat' dir='ltr'>inferior</span> 
     </span>
    </p>
   </div>
   <div class='ocr_carea' id='block_1_79' title="bbox 589 3954 2244 4026">
    <p class='ocr_par' dir='ltr' id='par_1_79' title="bbox 589 3954 2244 4026">
     <span class='ocr_line' id='line_1_79' title="bbox 589 3954 2244 4026; baseline 0.001 -15"><span class='ocrx_word' id='word_1_500' title='bbox 589 3955 816 4011; x_wconf 89' lang='lat' dir='ltr'>abibat.</span> <span class='ocrx_word' id='word_1_501' title='bbox 853 3957 916 4009; x_wconf 88' lang='lat' dir='ltr'><strong>In</strong></span> <span class='ocrx_word' id='word_1_502' title='bbox 949 3955 1197 4010; x_wconf 86' lang='lat' dir='ltr'>urbibus</span> <span class='ocrx_word' id='word_1_503' title='bbox 1229 3960 1432 4011; x_wconf 89' lang='lat' dir='ltr'>autem</span> <span class='ocrx_word' id='word_1_504' title='bbox 1469 3962 1524 4010; x_wconf 89' lang='lat' dir='ltr'>et</span> <span class='ocrx_word' id='word_1_505' title='bbox 1545 3954 1691 4010; x_wconf 89' lang='lat' dir='ltr'>locis</span> <span class='ocrx_word' id='word_1_506' title='bbox 1716 3956 1948 4026; x_wconf 86' lang='lat' dir='ltr'>imperii</span> <span class='ocrx_word' id='word_1_507' title='bbox 1982 3959 2073 4012; x_wconf 92' lang='lat' dir='ltr'>sui</span> <span class='ocrx_word' id='word_1_508' title='bbox 2110 3958 2244 4013; x_wconf 85' lang='lat' dir='ltr'>reli-</span> 
     </span>
    </p>
   </div>
   <div class='ocr_carea' id='block_1_80' title="bbox 587 4043 2242 4116">
    <p class='ocr_par' dir='ltr' id='par_1_80' title="bbox 587 4043 2242 4116">
     <span class='ocr_line' id='line_1_80' title="bbox 587 4043 2242 4116; baseline 0.001 -18"><span class='ocrx_word' id='word_1_509' title='bbox 587 4043 723 4116; x_wconf 89' lang='lat' dir='ltr'>quis</span> <span class='ocrx_word' id='word_1_510' title='bbox 762 4045 944 4115; x_wconf 89' lang='lat' dir='ltr'>pestis</span> <span class='ocrx_word' id='word_1_511' title='bbox 972 4043 1116 4098; x_wconf 89' lang='lat' dir='ltr'>fami</span> <span class='ocrx_word' id='word_1_512' title='bbox 1148 4043 1456 4115; x_wconf 88' lang='lat' dir='ltr'>implicata</span> <span class='ocrx_word' id='word_1_513' title='bbox 1487 4044 1808 4101; x_wconf 59' lang='lat' dir='ltr'>saevissime</span> <span class='ocrx_word' id='word_1_514' title='bbox 1836 4047 2242 4113; x_wconf 84' lang='lat' dir='ltr'>grassabatur.</span> 
     </span>
    </p>
   </div>
   <div class='ocr_carea' id='block_1_81' title="bbox 589 4134 2247 4204">
    <p class='ocr_par' dir='ltr' id='par_1_81' title="bbox 589 4134 2247 4204">
     <span class='ocr_line' id='line_1_81' title="bbox 589 4134 2247 4204; baseline 0.002 -16"><span class='ocrx_word' id='word_1_515' title='bbox 589 4134 776 4189; x_wconf 87' lang='lat' dir='ltr'>Tanta</span> <span class='ocrx_word' id='word_1_516' title='bbox 815 4148 993 4204; x_wconf 88' lang='lat' dir='ltr'>porro</span> <span class='ocrx_word' id='word_1_517' title='bbox 1031 4147 1288 4188; x_wconf 63' lang='lat' dir='ltr'>annonae</span> <span class='ocrx_word' id='word_1_518' title='bbox 1327 4137 1453 4187; x_wconf 89' lang='lat' dir='ltr'>erat</span> <span class='ocrx_word' id='word_1_519' title='bbox 1498 4139 1554 4186; x_wconf 90' lang='lat' dir='ltr'>et</span> <span class='ocrx_word' id='word_1_520' title='bbox 1595 4147 1794 4187; x_wconf 90' lang='lat' dir='ltr'>rerum</span> <span class='ocrx_word' id='word_1_521' title='bbox 1840 4137 2247 4192; x_wconf 88' lang='lat' dir='ltr'>necessarium</span> 
     </span>
    </p>
   </div>
   <div class='ocr_carea' id='block_1_82' title="bbox 590 4221 2249 4294">
    <p class='ocr_par' dir='ltr' id='par_1_82' title="bbox 590 4221 2249 4294">
     <span class='ocr_line' id='line_1_82' title="bbox 590 4221 2249 4294; baseline 0.002 -17"><span class='ocrx_word' id='word_1_522' title='bbox 590 4222 862 4294; x_wconf 88' lang='lat' dir='ltr'>penuria,</span> <span class='ocrx_word' id='word_1_523' title='bbox 911 4227 971 4276; x_wconf 90' lang='lat' dir='ltr'>ut</span> <span class='ocrx_word' id='word_1_524' title='bbox 1021 4221 1362 4276; x_wconf 89' lang='lat' dir='ltr'>medimnus</span> <span class='ocrx_word' id='word_1_525' title='bbox 1413 4235 1569 4275; x_wconf 89' lang='lat' dir='ltr'>unus</span> <span class='ocrx_word' id='word_1_526' title='bbox 1621 4221 1793 4276; x_wconf 85' lang='lat' dir='ltr'>tritici</span> <span class='ocrx_word' id='word_1_527' title='bbox 1839 4221 1933 4276; x_wconf 89' lang='lat' dir='ltr'>bis</span> <span class='ocrx_word' id='word_1_528' title='bbox 1983 4225 2141 4279; x_wconf 89' lang='lat' dir='ltr'>mille</span> <span class='ocrx_word' id='word_1_529' title='bbox 2191 4232 2249 4280; x_wconf 88' lang='lat' dir='ltr'>et</span> 
     </span>
    </p>
   </div>
   <div class='ocr_carea' id='block_1_83' title="bbox 591 4309 2250 4383">
    <p class='ocr_par' dir='ltr' id='par_1_83' title="bbox 591 4309 2250 4383">
     <span class='ocr_line' id='line_1_83' title="bbox 591 4309 2250 4383; baseline 0.002 -17"><span class='ocrx_word' id='word_1_530' title='bbox 591 4311 934 4383; x_wconf 88' lang='lat' dir='ltr'>quingentis</span> <span class='ocrx_word' id='word_1_531' title='bbox 951 4309 1256 4365; x_wconf 89' lang='lat' dir='ltr'>drachmis</span> <span class='ocrx_word' id='word_1_532' title='bbox 1272 4309 1473 4365; x_wconf 80' lang='lat' dir='ltr'>Atticis</span> <span class='ocrx_word' id='word_1_533' title='bbox 1485 4317 1955 4380; x_wconf 86' lang='lat' dir='ltr'>compararetur.</span> <span class='ocrx_word' id='word_1_534' title='bbox 1973 4313 2250 4370; x_wconf 86' lang='lat' dir='ltr'>Permulti</span> 
     </span>
    </p>
   </div>
   <div class='ocr_carea' id='block_1_84' title="bbox 591 4398 2248 4459">
    <p class='ocr_par' dir='ltr' id='par_1_84' title="bbox 591 4398 2248 4459">
     <span class='ocr_line' id='line_1_84' title="bbox 591 4398 2248 4459; baseline 0.003 -4"><span class='ocrx_word' id='word_1_535' title='bbox 591 4415 738 4456; x_wconf 81' lang='lat' dir='ltr'>sane</span> <span class='ocrx_word' id='word_1_536' title='bbox 763 4400 1026 4456; x_wconf 87' lang='lat' dir='ltr'>etiamin</span> <span class='ocrx_word' id='word_1_537' title='bbox 1051 4398 1298 4456; x_wconf 87' lang='lat' dir='ltr'>urbibus</span> <span class='ocrx_word' id='word_1_538' title='bbox 1321 4399 1634 4455; x_wconf 88' lang='lat' dir='ltr'>cadebant.</span> <span class='ocrx_word' id='word_1_539' title='bbox 1652 4400 2025 4457; x_wconf 83' lang='lat' dir='ltr'>Rusticorum</span> <span class='ocrx_word' id='word_1_540' title='bbox 2050 4410 2248 4459; x_wconf 91' lang='lat' dir='ltr'>autem</span> 
     </span>
    </p>
   </div>
   <div class='ocr_carea' id='block_1_85' title="bbox 591 4488 2249 4562">
    <p class='ocr_par' dir='ltr' id='par_1_85' title="bbox 591 4488 2249 4562">
     <span class='ocr_line' id='line_1_85' title="bbox 591 4488 2249 4562; baseline 0.001 -18"><span class='ocrx_word' id='word_1_541' title='bbox 591 4491 696 4562; x_wconf 92' lang='lat' dir='ltr'>qui</span> <span class='ocrx_word' id='word_1_542' title='bbox 726 4491 785 4544; x_wconf 92' lang='lat' dir='ltr'>in</span> <span class='ocrx_word' id='word_1_543' title='bbox 812 4490 972 4559; x_wconf 87' lang='lat' dir='ltr'>agris</span> <span class='ocrx_word' id='word_1_544' title='bbox 1005 4489 1224 4543; x_wconf 90' lang='lat' dir='ltr'>mortui</span> <span class='ocrx_word' id='word_1_545' title='bbox 1260 4493 1416 4552; x_wconf 89' lang='lat' dir='ltr'>sunt,</span> <span class='ocrx_word' id='word_1_546' title='bbox 1449 4488 1768 4545; x_wconf 90' lang='lat' dir='ltr'>multitudo</span> <span class='ocrx_word' id='word_1_547' title='bbox 1801 4493 2104 4547; x_wconf 90' lang='lat' dir='ltr'>numerari</span> <span class='ocrx_word' id='word_1_548' title='bbox 2133 4509 2249 4548; x_wconf 90' lang='lat' dir='ltr'>non</span> 
     </span>
    </p>
   </div>
   <div class='ocr_carea' id='block_1_86' title="bbox 591 4578 2254 4652">
    <p class='ocr_par' dir='ltr' id='par_1_86' title="bbox 591 4578 2254 4652">
     <span class='ocr_line' id='line_1_86' title="bbox 591 4578 2254 4652; baseline 0.003 -18"><span class='ocrx_word' id='word_1_549' title='bbox 591 4584 843 4651; x_wconf 87' lang='lat' dir='ltr'>poterat.</span> <span class='ocrx_word' id='word_1_550' title='bbox 898 4581 965 4633; x_wconf 87' lang='lat' dir='ltr'>Et</span> <span class='ocrx_word' id='word_1_551' title='bbox 1005 4578 1126 4632; x_wconf 85' lang='lat' dir='ltr'>fere</span> <span class='ocrx_word' id='word_1_552' title='bbox 1173 4593 1276 4633; x_wconf 90' lang='lat' dir='ltr'>eos</span> <span class='ocrx_word' id='word_1_553' title='bbox 1331 4591 1542 4633; x_wconf 89' lang='lat' dir='ltr'>omnes</span> <span class='ocrx_word' id='word_1_554' title='bbox 1591 4594 1752 4634; x_wconf 68' lang='lat' dir='ltr'>saeva</span> <span class='ocrx_word' id='word_1_555' title='bbox 1794 4589 2254 4652; x_wconf 88' lang='lat' dir='ltr'>consumpserat</span> 
     </span>
    </p>
   </div>
   <div class='ocr_carea' id='block_1_87' title="bbox 592 4665 2254 4742">
    <p class='ocr_par' dir='ltr' id='par_1_87' title="bbox 592 4665 2254 4742">
     <span class='ocr_line' id='line_1_87' title="bbox 592 4665 2254 4742; baseline 0.002 -19"><span class='ocrx_word' id='word_1_556' title='bbox 592 4669 800 4740; x_wconf 85' lang='lat' dir='ltr'>pestis.</span> <span class='ocrx_word' id='word_1_557' title='bbox 834 4667 1109 4723; x_wconf 87' lang='lat' dir='ltr'>Nonnulli</span> <span class='ocrx_word' id='word_1_558' title='bbox 1151 4682 1245 4722; x_wconf 92' lang='lat' dir='ltr'>res</span> <span class='ocrx_word' id='word_1_559' title='bbox 1283 4665 1396 4721; x_wconf 85' lang='lat' dir='ltr'>sibi</span> <span class='ocrx_word' id='word_1_560' title='bbox 1435 4667 1823 4724; x_wconf 87' lang='lat' dir='ltr'>charissimas</span> <span class='ocrx_word' id='word_1_561' title='bbox 1854 4669 2254 4742; x_wconf 89' lang='lat' dir='ltr'>locupletiori-</span> 
     </span>
    </p>
   </div>
   <div class='ocr_carea' id='block_1_88' title="bbox 593 4755 2255 4836">
    <p class='ocr_par' dir='ltr' id='par_1_88' title="bbox 593 4755 2255 4836">
     <span class='ocr_line' id='line_1_88' title="bbox 593 4755 2255 4836; baseline 0.002 -23"><span class='ocrx_word' id='word_1_562' title='bbox 593 4757 710 4813; x_wconf 89' lang='lat' dir='ltr'>bus</span> <span class='ocrx_word' id='word_1_563' title='bbox 728 4773 914 4829; x_wconf 88' lang='lat' dir='ltr'>parvo</span> <span class='ocrx_word' id='word_1_564' title='bbox 935 4757 1108 4828; x_wconf 90' lang='lat' dir='ltr'>panis</span> <span class='ocrx_word' id='word_1_565' title='bbox 1124 4755 1344 4812; x_wconf 86' lang='lat' dir='ltr'>frustro</span> <span class='ocrx_word' id='word_1_566' title='bbox 1361 4755 1785 4812; x_wconf 88' lang='lat' dir='ltr'>divendebant.</span> <span class='ocrx_word' id='word_1_567' title='bbox 1799 4758 1909 4813; x_wconf 84' lang='lat' dir='ltr'>Alii</span> <span class='ocrx_word' id='word_1_568' title='bbox 1926 4763 2255 4836; x_wconf 79' lang='lat' dir='ltr'>possessio-</span> 
     </span>
    </p>
   </div>
   <div class='ocr_carea' id='block_1_89' title="bbox 594 4845 2252 4917">
    <p class='ocr_par' dir='ltr' id='par_1_89' title="bbox 594 4845 2252 4917">
     <span class='ocr_line' id='line_1_89' title="bbox 594 4845 2252 4917; baseline 0.002 -15"><span class='ocrx_word' id='word_1_569' title='bbox 594 4847 775 4902; x_wconf 90' lang='lat' dir='ltr'>nibus</span> <span class='ocrx_word' id='word_1_570' title='bbox 805 4847 924 4901; x_wconf 88' lang='lat' dir='ltr'>suis</span> <span class='ocrx_word' id='word_1_571' title='bbox 955 4846 1119 4915; x_wconf 88' lang='lat' dir='ltr'>apud</span> <span class='ocrx_word' id='word_1_572' title='bbox 1150 4845 1468 4901; x_wconf 88' lang='lat' dir='ltr'>creditores</span> <span class='ocrx_word' id='word_1_573' title='bbox 1498 4845 1802 4917; x_wconf 89' lang='lat' dir='ltr'>depositis,</span> <span class='ocrx_word' id='word_1_574' title='bbox 1837 4849 1913 4904; x_wconf 90' lang='lat' dir='ltr'>ad</span> <span class='ocrx_word' id='word_1_575' title='bbox 1949 4865 2252 4906; x_wconf 86' lang='lat' dir='ltr'>summam</span> 
     </span>
    </p>
   </div>
   <div class='ocr_carea' id='block_1_90' title="bbox 594 4934 2254 5007">
    <p class='ocr_par' dir='ltr' id='par_1_90' title="bbox 594 4934 2254 5007">
     <span class='ocr_line' id='line_1_90' title="bbox 594 4934 2254 5007; baseline 0.001 -15"><span class='ocrx_word' id='word_1_576' title='bbox 594 4936 863 5006; x_wconf 89' lang='lat' dir='ltr'>inopiam</span> <span class='ocrx_word' id='word_1_577' title='bbox 893 4934 1339 5003; x_wconf 86' lang='lat' dir='ltr'>redigebantur.</span> <span class='ocrx_word' id='word_1_578' title='bbox 1360 4935 1538 4989; x_wconf 89' lang='lat' dir='ltr'>Erant</span> <span class='ocrx_word' id='word_1_579' title='bbox 1561 4935 1664 5005; x_wconf 92' lang='lat' dir='ltr'>qui</span> <span class='ocrx_word' id='word_1_580' title='bbox 1689 4935 1830 4990; x_wconf 65' lang='lat' dir='ltr'>faeni</span> <span class='ocrx_word' id='word_1_581' title='bbox 1852 4937 2254 5007; x_wconf 88' lang='lat' dir='ltr'>rejectamena</span> 
     </span>
    </p>
   </div>
   <div class='ocr_carea' id='block_1_91' title="bbox 594 5023 2254 5095">
    <p class='ocr_par' dir='ltr' id='par_1_91' title="bbox 594 5023 2254 5095">
     <span class='ocr_line' id='line_1_91' title="bbox 594 5023 2254 5095; baseline 0.002 -16"><span class='ocrx_word' id='word_1_582' title='bbox 594 5024 992 5088; x_wconf 86' lang='lat' dir='ltr'>ruminantes,</span> <span class='ocrx_word' id='word_1_583' title='bbox 1013 5030 1069 5078; x_wconf 90' lang='lat' dir='ltr'>et</span> <span class='ocrx_word' id='word_1_584' title='bbox 1090 5023 1458 5093; x_wconf 88' lang='lat' dir='ltr'>perniciosas</span> <span class='ocrx_word' id='word_1_585' title='bbox 1479 5023 1698 5080; x_wconf 88' lang='lat' dir='ltr'>herbas</span> <span class='ocrx_word' id='word_1_586' title='bbox 1719 5024 2070 5095; x_wconf 89' lang='lat' dir='ltr'>adjicientes</span> <span class='ocrx_word' id='word_1_587' title='bbox 2093 5044 2254 5083; x_wconf 90' lang='lat' dir='ltr'>emo-</span> 
     </span>
    </p>
   </div>
   <div class='ocr_carea' id='block_1_92' title="bbox 594 5112 2254 5188">
    <p class='ocr_par' dir='ltr' id='par_1_92' title="bbox 594 5112 2254 5188">
     <span class='ocr_line' id='line_1_92' title="bbox 594 5112 2254 5188; baseline 0.002 -18"><span class='ocrx_word' id='word_1_588' title='bbox 594 5114 921 5170; x_wconf 87' lang='lat' dir='ltr'>riebantur.</span> <span class='ocrx_word' id='word_1_589' title='bbox 939 5112 1111 5184; x_wconf 70' lang='grc'>48],</span> <span class='ocrx_word' id='word_1_590' title='bbox 1136 5112 1406 5168; x_wconf 88' lang='lat' dir='ltr'>Mulieres</span> <span class='ocrx_word' id='word_1_591' title='bbox 1426 5113 1684 5169; x_wconf 90' lang='lat' dir='ltr'>honesto</span> <span class='ocrx_word' id='word_1_592' title='bbox 1705 5113 1838 5169; x_wconf 93' lang='lat' dir='ltr'>loco</span> <span class='ocrx_word' id='word_1_593' title='bbox 1860 5121 2036 5184; x_wconf 64' lang='lat' dir='ltr'>natae,</span> <span class='ocrx_word' id='word_1_594' title='bbox 2051 5117 2254 5188; x_wconf 88' lang='lat' dir='ltr'>inopia</span> 
     </span>
    </p>
   </div>
   <div class='ocr_carea' id='block_1_93' title="bbox 597 5201 2254 5261">
    <p class='ocr_par' dir='ltr' id='par_1_93' title="bbox 597 5201 2254 5261">
     <span class='ocr_line' id='line_1_93' title="bbox 597 5201 2254 5261; baseline 0.002 -3"><span class='ocrx_word' id='word_1_595' title='bbox 597 5218 798 5258; x_wconf 88' lang='lat' dir='ltr'>rerum</span> <span class='ocrx_word' id='word_1_596' title='bbox 823 5202 1095 5257; x_wconf 89' lang='lat' dir='ltr'>omnium</span> <span class='ocrx_word' id='word_1_597' title='bbox 1119 5201 1197 5256; x_wconf 89' lang='lat' dir='ltr'>ad</span> <span class='ocrx_word' id='word_1_598' title='bbox 1225 5201 1692 5258; x_wconf 88' lang='lat' dir='ltr'>inverecundam</span> <span class='ocrx_word' id='word_1_599' title='bbox 1719 5202 1974 5258; x_wconf 82' lang='lat' dir='ltr'>redactae</span> <span class='ocrx_word' id='word_1_600' title='bbox 2000 5207 2254 5261; x_wconf 89' lang='lat' dir='ltr'>necessi-</span> 
     </span>
    </p>
   </div>
   <div class='ocr_carea' id='block_1_94' title="bbox 597 5291 2247 5363">
    <p class='ocr_par' dir='ltr' id='par_1_94' title="bbox 597 5291 2247 5363">
     <span class='ocr_line' id='line_1_94' title="bbox 597 5291 2247 5363; baseline 0.002 -16"><span class='ocrx_word' id='word_1_601' title='bbox 597 5297 802 5360; x_wconf 89' lang='lat' dir='ltr'>tatem,</span> <span class='ocrx_word' id='word_1_602' title='bbox 830 5293 891 5347; x_wconf 89' lang='lat' dir='ltr'>in</span> <span class='ocrx_word' id='word_1_603' title='bbox 918 5291 1047 5347; x_wconf 89' lang='lat' dir='ltr'>foro</span> <span class='ocrx_word' id='word_1_604' title='bbox 1072 5291 1536 5347; x_wconf 87' lang='lat' dir='ltr'>obambulantes</span> <span class='ocrx_word' id='word_1_605' title='bbox 1563 5292 1776 5363; x_wconf 88' lang='lat' dir='ltr'>stipem</span> <span class='ocrx_word' id='word_1_606' title='bbox 1802 5294 2247 5360; x_wconf 86' lang='lat' dir='ltr'>mendicabant,</span> 
     </span>
    </p>
   </div>
   <div class='ocr_carea' id='block_1_95' title="bbox 597 5381 2252 5453">
    <p class='ocr_par' dir='ltr' id='par_1_95' title="bbox 597 5381 2252 5453">
     <span class='ocr_line' id='line_1_95' title="bbox 597 5381 2252 5453; baseline 0.001 -17"><span class='ocrx_word' id='word_1_607' title='bbox 597 5383 828 5452; x_wconf 89' lang='lat' dir='ltr'>pudore</span> <span class='ocrx_word' id='word_1_608' title='bbox 853 5381 1122 5453; x_wconf 89' lang='lat' dir='ltr'>quodam</span> <span class='ocrx_word' id='word_1_609' title='bbox 1152 5386 1208 5436; x_wconf 90' lang='lat' dir='ltr'>et</span> <span class='ocrx_word' id='word_1_610' title='bbox 1232 5381 1449 5436; x_wconf 88' lang='lat' dir='ltr'>vestitu</span> <span class='ocrx_word' id='word_1_611' title='bbox 1477 5381 1794 5437; x_wconf 89' lang='lat' dir='ltr'>mundiore</span> <span class='ocrx_word' id='word_1_612' title='bbox 1821 5382 2133 5453; x_wconf 90' lang='lat' dir='ltr'>pristinam</span> <span class='ocrx_word' id='word_1_613' title='bbox 2155 5385 2252 5438; x_wconf 91' lang='lat' dir='ltr'>de-</span> 
     </span>
    </p>
   </div>
   <div class='ocr_carea' id='block_1_96' title="bbox 598 5469 2252 5544">
    <p class='ocr_par' dir='ltr' id='par_1_96' title="bbox 598 5469 2252 5544">
     <span class='ocr_line' id='line_1_96' title="bbox 598 5469 2252 5544; baseline 0.004 -21"><span class='ocrx_word' id='word_1_614' title='bbox 598 5470 869 5526; x_wconf 89' lang='lat' dir='ltr'>liciarum</span> <span class='ocrx_word' id='word_1_615' title='bbox 899 5469 1270 5526; x_wconf 81' lang='lat' dir='ltr'>aﬂluentiam</span> <span class='ocrx_word' id='word_1_616' title='bbox 1300 5474 1357 5526; x_wconf 89' lang='lat' dir='ltr'>et</span> <span class='ocrx_word' id='word_1_617' title='bbox 1385 5469 1716 5526; x_wconf 89' lang='lat' dir='ltr'>libertatem</span> <span class='ocrx_word' id='word_1_618' title='bbox 1757 5472 1929 5527; x_wconf 89' lang='lat' dir='ltr'>tacite</span> <span class='ocrx_word' id='word_1_619' title='bbox 1959 5474 2252 5544; x_wconf 87' lang='lat' dir='ltr'>quodam-</span> 
     </span>
    </p>
   </div>
   <div class='ocr_carea' id='block_1_97' title="bbox 597 5559 2250 5632">
    <p class='ocr_par' dir='ltr' id='par_1_97' title="bbox 597 5559 2250 5632">
     <span class='ocr_line' id='line_1_97' title="bbox 597 5559 2250 5632; baseline 0.004 -19"><span class='ocrx_word' id='word_1_620' title='bbox 597 5559 780 5614; x_wconf 85' lang='lat' dir='ltr'>modo</span> <span class='ocrx_word' id='word_1_621' title='bbox 818 5575 942 5631; x_wconf 74' lang='lat' dir='ltr'>prae</span> <span class='ocrx_word' id='word_1_622' title='bbox 982 5576 1044 5616; x_wconf 91' lang='lat' dir='ltr'>se</span> <span class='ocrx_word' id='word_1_623' title='bbox 1084 5559 1360 5616; x_wconf 86' lang='lat' dir='ltr'>ferentes.</span> <span class='ocrx_word' id='word_1_624' title='bbox 1404 5559 1662 5626; x_wconf 83' lang='lat' dir='ltr'>Quidam</span> <span class='ocrx_word' id='word_1_625' title='bbox 1694 5559 1901 5632; x_wconf 86' lang='lat' dir='ltr'>pallidi</span> <span class='ocrx_word' id='word_1_626' title='bbox 1926 5567 1982 5618; x_wconf 88' lang='lat' dir='ltr'>et</span> <span class='ocrx_word' id='word_1_627' title='bbox 2013 5580 2250 5619; x_wconf 88' lang='lat' dir='ltr'>summe</span> 
     </span>
    </p>
   </div>
   <div class='ocr_carea' id='block_1_98' title="bbox 2353 3154 3860 3233">
    <p class='ocr_par' dir='ltr' id='par_1_98' title="bbox 2353 3154 3860 3233">
     <span class='ocr_line' id='line_1_98' title="bbox 2353 3154 3860 3233; baseline 0.003 -27"><span class='ocrx_word' id='word_1_628' title='bbox 2353 3157 2520 3206; x_wconf 88' lang='grc' dir='ltr'>θύετο.</span> <span class='ocrx_word' id='word_1_629' title='bbox 2575 3154 2732 3206; x_wconf 84' lang='grc' dir='ltr'>Ταῦθ’</span> <span class='ocrx_word' id='word_1_630' title='bbox 2795 3157 2924 3226; x_wconf 85' lang='grc' dir='ltr'>ὁμοῦ</span> <span class='ocrx_word' id='word_1_631' title='bbox 2980 3159 3152 3209; x_wconf 84' lang='grc' dir='ltr'>πάντα</span> <span class='ocrx_word' id='word_1_632' title='bbox 3211 3158 3576 3233; x_wconf 79' lang='grc' dir='ltr'>συρρεύσαντα</span> <span class='ocrx_word' id='word_1_633' title='bbox 3637 3155 3860 3225; x_wconf 46' lang='lat' dir='ltr'>Errant-11:3</span> 
     </span>
    </p>
   </div>
   <div class='ocr_carea' id='block_1_99' title="bbox 2349 3245 3866 3320">
    <p class='ocr_par' dir='ltr' id='par_1_99' title="bbox 2349 3245 3866 3320">
     <span class='ocr_line' id='line_1_99' title="bbox 2349 3245 3866 3320; baseline 0.001 -25"><span class='ocrx_word' id='word_1_634' title='bbox 2349 3246 2439 3316; x_wconf 72' lang='grc' dir='ltr'>μὲν</span> <span class='ocrx_word' id='word_1_635' title='bbox 2469 3245 2644 3314; x_wconf 85' lang='grc' dir='ltr'>ἐκείνῳ</span> <span class='ocrx_word' id='word_1_636' title='bbox 2673 3248 2730 3296; x_wconf 85' lang='grc' dir='ltr'>τὸ</span> <span class='ocrx_word' id='word_1_637' title='bbox 2765 3247 2952 3317; x_wconf 87' lang='grc' dir='ltr'>θράσος</span> <span class='ocrx_word' id='word_1_638' title='bbox 2987 3265 3000 3278; x_wconf 87' lang='grc'><strong>·</strong></span> <span class='ocrx_word' id='word_1_639' title='bbox 3059 3247 3164 3318; x_wconf 83' lang='grc' dir='ltr'>οῦχ</span> <span class='ocrx_word' id='word_1_640' title='bbox 3200 3249 3355 3305; x_wconf 80' lang='grc' dir='ltr'>ἧττον</span> <span class='ocrx_word' id='word_1_641' title='bbox 3399 3245 3451 3301; x_wconf 87' lang='grc' dir='ltr'>δ’</span> <span class='ocrx_word' id='word_1_642' title='bbox 3501 3248 3678 3320; x_wconf 76' lang='grc' dir='ltr'>ἐμήνυε</span> <span class='ocrx_word' id='word_1_643' title='bbox 3717 3252 3786 3298; x_wconf 76' lang='grc' dir='ltr'>καὶ</span> <span class='ocrx_word' id='word_1_644' title='bbox 3813 3251 3866 3297; x_wconf 58' lang='grc' dir='ltr'>τήν</span> 
     </span>
    </p>
   </div>
   <div class='ocr_carea' id='block_1_100' title="bbox 2350 3333 3870 3412">
    <p class='ocr_par' dir='ltr' id='par_1_100' title="bbox 2350 3333 3870 3412">
     <span class='ocr_line' id='line_1_100' title="bbox 2350 3333 3870 3412; baseline 0.001 -27"><span class='ocrx_word' id='word_1_645' title='bbox 2350 3336 2470 3385; x_wconf 81' lang='grc' dir='ltr'>ὅσον</span> <span class='ocrx_word' id='word_1_646' title='bbox 2501 3333 2644 3386; x_wconf 76' lang='grc' dir='ltr'>οὖπω</span> <span class='ocrx_word' id='word_1_647' title='bbox 2697 3333 2944 3406; x_wconf 74' lang='grc' dir='ltr'>ἐσομένην</span> <span class='ocrx_word' id='word_1_648' title='bbox 2996 3338 3162 3407; x_wconf 85' lang='grc' dir='ltr'>τούτῳ</span> <span class='ocrx_word' id='word_1_649' title='bbox 3211 3344 3600 3412; x_wconf 70' lang='grc' dir='ltr'>καταστροφήν.</span> <span class='ocrx_word' id='word_1_650' title='bbox 3643 3343 3733 3390; x_wconf 76' lang='grc' dir='ltr'>Καὶ</span> <span class='ocrx_word' id='word_1_651' title='bbox 3771 3334 3870 3387; x_wconf 64' lang='grc' dir='ltr'>αὐτὸς</span> 
     </span>
    </p>
   </div>
   <div class='ocr_carea' id='block_1_101' title="bbox 2352 3423 3872 3498">
    <p class='ocr_par' dir='ltr' id='par_1_101' title="bbox 2352 3423 3872 3498">
     <span class='ocr_line' id='line_1_101' title="bbox 2352 3423 3872 3498; baseline -0.002 -24"><span class='ocrx_word' id='word_1_652' title='bbox 2352 3427 2440 3496; x_wconf 72' lang='grc' dir='ltr'>μὲν</span> <span class='ocrx_word' id='word_1_653' title='bbox 2471 3425 2597 3498; x_wconf 82' lang='grc' dir='ltr'>ἄρας</span> <span class='ocrx_word' id='word_1_654' title='bbox 2640 3423 2784 3484; x_wconf 86' lang='grc' dir='ltr'>ὅλαις</span> <span class='ocrx_word' id='word_1_655' title='bbox 2839 3427 3012 3485; x_wconf 77' lang='grc' dir='ltr'>ἡνίαις</span> <span class='ocrx_word' id='word_1_656' title='bbox 3043 3429 3134 3476; x_wconf 85' lang='grc' dir='ltr'>σ-ὺν</span> <span class='ocrx_word' id='word_1_657' title='bbox 3165 3434 3275 3488; x_wconf 91' lang='grc' dir='ltr'>τοῖς</span> <span class='ocrx_word' id='word_1_658' title='bbox 3305 3429 3395 3478; x_wconf 76' lang='grc' dir='ltr'>ὑπ’</span> <span class='ocrx_word' id='word_1_659' title='bbox 3454 3429 3605 3480; x_wconf 82' lang='grc' dir='ltr'>αῦτόν</span> <span class='ocrx_word' id='word_1_660' title='bbox 3657 3425 3872 3498; x_wconf 76' lang='grc' dir='ltr'>στρατοπέ-</span> 
     </span>
    </p>
   </div>
   <div class='ocr_carea' id='block_1_102' title="bbox 2355 3510 3870 3586">
    <p class='ocr_par' dir='ltr' id='par_1_102' title="bbox 2355 3510 3870 3586">
     <span class='ocr_line' id='line_1_102' title="bbox 2355 3510 3870 3586; baseline -0.001 -22"><span class='ocrx_word' id='word_1_661' title='bbox 2355 3510 2470 3574; x_wconf 79' lang='grc' dir='ltr'>δοις</span> <span class='ocrx_word' id='word_1_662' title='bbox 2513 3512 2629 3564; x_wconf 84' lang='grc' dir='ltr'>καθ’</span> <span class='ocrx_word' id='word_1_663' title='bbox 2680 3515 2874 3586; x_wconf 76' lang='grc' dir='ltr'>ἡμέραν</span> <span class='ocrx_word' id='word_1_664' title='bbox 2932 3517 3124 3570; x_wconf 75' lang='grc' dir='ltr'>ἡττᾶτο</span> <span class='ocrx_word' id='word_1_665' title='bbox 3158 3532 3170 3543; x_wconf 91' lang='grc'><strong>·</strong></span> <span class='ocrx_word' id='word_1_666' title='bbox 3230 3520 3347 3576; x_wconf 82' lang='grc' dir='ltr'>τοὺς</span> <span class='ocrx_word' id='word_1_667' title='bbox 3408 3513 3460 3569; x_wconf 71' lang='grc' dir='ltr'>δ’</span> <span class='ocrx_word' id='word_1_668' title='bbox 3512 3517 3557 3568; x_wconf 79' lang='grc' dir='ltr'>ἐν</span> <span class='ocrx_word' id='word_1_669' title='bbox 3597 3524 3702 3576; x_wconf 85' lang='grc' dir='ltr'>ταῖς</span> <span class='ocrx_word' id='word_1_670' title='bbox 3736 3515 3870 3565; x_wconf 63' lang='grc' dir='ltr'>λοιπαῖς</span> 
     </span>
    </p>
   </div>
   <div class='ocr_carea' id='block_1_103' title="bbox 2353 3601 3872 3677">
    <p class='ocr_par' dir='ltr' id='par_1_103' title="bbox 2353 3601 3872 3677">
     <span class='ocr_line' id='line_1_103' title="bbox 2353 3601 3872 3677; baseline -0.001 -23"><span class='ocrx_word' id='word_1_671' title='bbox 2353 3603 2512 3654; x_wconf 83' lang='grc' dir='ltr'>αύτοῦ</span> <span class='ocrx_word' id='word_1_672' title='bbox 2555 3607 2755 3675; x_wconf 78' lang='grc' dir='ltr'>χώραις</span> <span class='ocrx_word' id='word_1_673' title='bbox 2805 3606 2892 3654; x_wconf 84' lang='grc' dir='ltr'>καὶ</span> <span class='ocrx_word' id='word_1_674' title='bbox 2929 3603 3114 3655; x_wconf 84' lang='grc' dir='ltr'>πόλεσι</span> <span class='ocrx_word' id='word_1_675' title='bbox 3163 3601 3340 3666; x_wconf 78' lang='grc' dir='ltr'>δεινῶς</span> <span class='ocrx_word' id='word_1_676' title='bbox 3376 3607 3403 3656; x_wconf 92' lang='grc' dir='ltr'>ό</span> <span class='ocrx_word' id='word_1_677' title='bbox 3455 3605 3627 3677; x_wconf 83' lang='grc' dir='ltr'>λοιμὸς</span> <span class='ocrx_word' id='word_1_678' title='bbox 3658 3603 3872 3674; x_wconf 57' lang='lat' dir='ltr'>quasim-</span> 
     </span>
    </p>
   </div>
   <div class='ocr_carea' id='block_1_104' title="bbox 2353 3690 3871 3769">
    <p class='ocr_par' dir='ltr' id='par_1_104' title="bbox 2353 3690 3871 3769">
     <span class='ocr_line' id='line_1_104' title="bbox 2353 3690 3871 3769; baseline -0.004 -26"><span class='ocrx_word' id='word_1_679' title='bbox 2353 3711 2496 3764; x_wconf 87' lang='grc' dir='ltr'>μενος</span> <span class='ocrx_word' id='word_1_680' title='bbox 2539 3699 2611 3761; x_wconf 83' lang='grc' dir='ltr'>τῷ</span> <span class='ocrx_word' id='word_1_681' title='bbox 2657 3690 2812 3762; x_wconf 81' lang='grc' dir='ltr'>λιμῷ,</span> <span class='ocrx_word' id='word_1_682' title='bbox 2844 3695 3124 3750; x_wconf 66' lang='grc' dir='ltr'>κατήσθιεν</span> <span class='ocrx_word' id='word_1_683' title='bbox 3157 3692 3526 3769; x_wconf 78' lang='grc' dir='ltr'>ἀπηνέστερον.</span> <span class='ocrx_word' id='word_1_684' title='bbox 3567 3700 3659 3747; x_wconf 75' lang='grc' dir='ltr'>Καὶ</span> <span class='ocrx_word' id='word_1_685' title='bbox 3695 3698 3871 3744; x_wconf 66' lang='grc' dir='ltr'>τοσούτω</span> 
     </span>
    </p>
   </div>
   <div class='ocr_carea' id='block_1_105' title="bbox 2353 3779 3872 3855">
    <p class='ocr_par' dir='ltr' id='par_1_105' title="bbox 2353 3779 3872 3855">
     <span class='ocr_line' id='line_1_105' title="bbox 2353 3779 3872 3855; baseline -0.001 -23"><span class='ocrx_word' id='word_1_686' title='bbox 2353 3785 2402 3833; x_wconf 80' lang='grc' dir='ltr'>έν</span> <span class='ocrx_word' id='word_1_687' title='bbox 2453 3783 2635 3832; x_wconf 79' lang='grc' dir='ltr'>σπάνει</span> <span class='ocrx_word' id='word_1_688' title='bbox 2676 3789 2773 3831; x_wconf 82' lang='grc' dir='ltr'>τῶν</span> <span class='ocrx_word' id='word_1_689' title='bbox 2806 3780 3098 3852; x_wconf 70' lang='grc' dir='ltr'>ἀναγκαίων</span> <span class='ocrx_word' id='word_1_690' title='bbox 3140 3779 3296 3848; x_wconf 74' lang='grc' dir='ltr'>ἦσαν,</span> <span class='ocrx_word' id='word_1_691' title='bbox 3347 3787 3417 3844; x_wconf 81' lang='grc' dir='ltr'>ὡς</span> <span class='ocrx_word' id='word_1_692' title='bbox 3483 3791 3647 3855; x_wconf 85' lang='grc' dir='ltr'>πυροῦ</span> <span class='ocrx_word' id='word_1_693' title='bbox 3696 3779 3872 3854; x_wconf 50' lang='lat' dir='ltr'>fuiter</span> 
     </span>
    </p>
   </div>
   <div class='ocr_carea' id='block_1_106' title="bbox 2356 3866 3872 3941">
    <p class='ocr_par' dir='ltr' id='par_1_106' title="bbox 2356 3866 3872 3941">
     <span class='ocr_line' id='line_1_106' title="bbox 2356 3866 3872 3941; baseline -0.005 -18"><span class='ocrx_word' id='word_1_694' title='bbox 2356 3867 2483 3923; x_wconf 80' lang='grc' dir='ltr'>δυσὶ</span> <span class='ocrx_word' id='word_1_695' title='bbox 2547 3869 2760 3941; x_wconf 86' lang='grc' dir='ltr'>χιλιάσι</span> <span class='ocrx_word' id='word_1_696' title='bbox 2824 3875 2912 3921; x_wconf 87' lang='grc' dir='ltr'>καὶ</span> <span class='ocrx_word' id='word_1_697' title='bbox 2960 3877 3305 3923; x_wconf 82' lang='grc' dir='ltr'>πεντακοσίων</span> <span class='ocrx_word' id='word_1_698' title='bbox 3363 3873 3587 3925; x_wconf 82' lang='grc' dir='ltr'>ἀττικῶν</span> <span class='ocrx_word' id='word_1_699' title='bbox 3649 3866 3872 3923; x_wconf 57' lang='grc' dir='ltr'>ἀντικαταλ-</span> 
     </span>
    </p>
   </div>
   <div class='ocr_carea' id='block_1_107' title="bbox 2353 3956 3872 4030">
    <p class='ocr_par' dir='ltr' id='par_1_107' title="bbox 2353 3956 3872 4030">
     <span class='ocr_line' id='line_1_107' title="bbox 2353 3956 3872 4030; baseline -0.002 -19"><span class='ocrx_word' id='word_1_700' title='bbox 2353 3959 2648 4012; x_wconf 86' lang='grc' dir='ltr'>λάσσεσθαι</span> <span class='ocrx_word' id='word_1_701' title='bbox 2681 3977 2693 3987; x_wconf 92' lang='grc'>·</span> <span class='ocrx_word' id='word_1_702' title='bbox 2723 3958 2898 4010; x_wconf 71' lang='grc' dir='ltr'>πολλοὶ</span> <span class='ocrx_word' id='word_1_703' title='bbox 2931 3963 3021 4030; x_wconf 72' lang='grc' dir='ltr'>μεν</span> <span class='ocrx_word' id='word_1_704' title='bbox 3051 3956 3138 4011; x_wconf 78' lang='grc' dir='ltr'>οὖν</span> <span class='ocrx_word' id='word_1_705' title='bbox 3193 3966 3283 4012; x_wconf 79' lang='grc' dir='ltr'>καὶ</span> <span class='ocrx_word' id='word_1_706' title='bbox 3330 3965 3466 4014; x_wconf 76' lang='grc' dir='ltr'>κατὰ</span> <span class='ocrx_word' id='word_1_707' title='bbox 3514 3962 3678 4023; x_wconf 86' lang='grc' dir='ltr'>πόλεις</span> <span class='ocrx_word' id='word_1_708' title='bbox 3719 3957 3820 4016; x_wconf 60' lang='grc' dir='ltr'>ἦσαν</span> <span class='ocrx_word' id='word_1_709' title='bbox 3848 3973 3872 4003; x_wconf 72' lang='lat'><strong>5:</strong></span> 
     </span>
    </p>
   </div>
   <div class='ocr_carea' id='block_1_108' title="bbox 2355 4045 3875 4124">
    <p class='ocr_par' dir='ltr' id='par_1_108' title="bbox 2355 4045 3875 4124">
     <span class='ocr_line' id='line_1_108' title="bbox 2355 4045 3875 4124; baseline -0.004 -24"><span class='ocrx_word' id='word_1_710' title='bbox 2355 4053 2626 4108; x_wconf 85' lang='grc' dir='ltr'>πίπτοντες</span> <span class='ocrx_word' id='word_1_711' title='bbox 2654 4065 2666 4077; x_wconf 86' lang='lat'><strong><em>°</em></strong></span> <span class='ocrx_word' id='word_1_712' title='bbox 2714 4051 2762 4099; x_wconf 85' lang='grc' dir='ltr'><strong>οἱ</strong></span> <span class='ocrx_word' id='word_1_713' title='bbox 2822 4045 2872 4100; x_wconf 76' lang='grc' dir='ltr'>δ’</span> <span class='ocrx_word' id='word_1_714' title='bbox 2923 4047 3143 4122; x_wconf 80' lang='grc' dir='ltr'>ἀγρόται</span> <span class='ocrx_word' id='word_1_715' title='bbox 3186 4055 3274 4102; x_wconf 83' lang='grc' dir='ltr'>καὶ</span> <span class='ocrx_word' id='word_1_716' title='bbox 3303 4055 3440 4102; x_wconf 81' lang='grc' dir='ltr'>κατὰ</span> <span class='ocrx_word' id='word_1_717' title='bbox 3477 4058 3657 4124; x_wconf 83' lang='grc' dir='ltr'>κώμας</span> <span class='ocrx_word' id='word_1_718' title='bbox 3684 4054 3759 4100; x_wconf 83' lang='grc' dir='ltr'>καὶ</span> <span class='ocrx_word' id='word_1_719' title='bbox 3781 4046 3875 4117; x_wconf 59' lang='grc' dir='ltr'>περιξ-</span> 
     </span>
    </p>
   </div>
   <div class='ocr_carea' id='block_1_109' title="bbox 2357 4131 3875 4212">
    <p class='ocr_par' dir='ltr' id='par_1_109' title="bbox 2357 4131 3875 4212">
     <span class='ocr_line' id='line_1_109' title="bbox 2357 4131 3875 4212; baseline -0.003 -23"><span class='ocrx_word' id='word_1_720' title='bbox 2357 4143 2458 4211; x_wconf 81' lang='grc' dir='ltr'>μοῦ</span> <span class='ocrx_word' id='word_1_721' title='bbox 2515 4143 2798 4207; x_wconf 88' lang='grc' dir='ltr'>κρείττους.</span> <span class='ocrx_word' id='word_1_722' title='bbox 2851 4137 2934 4198; x_wconf 74' lang='grc' dir='ltr'>’ος</span> <span class='ocrx_word' id='word_1_723' title='bbox 2971 4140 3170 4200; x_wconf 79' lang='grc' dir='ltr'>πάντας</span> <span class='ocrx_word' id='word_1_724' title='bbox 3223 4137 3421 4212; x_wconf 77' lang='grc' dir='ltr'>σχεδόν</span> <span class='ocrx_word' id='word_1_725' title='bbox 3462 4150 3568 4202; x_wconf 88' lang='grc' dir='ltr'>τοῖς</span> <span class='ocrx_word' id='word_1_726' title='bbox 3603 4142 3778 4212; x_wconf 74' lang='grc' dir='ltr'>ἀγρίοις</span> <span class='ocrx_word' id='word_1_727' title='bbox 3808 4131 3875 4185; x_wconf 73' lang='grc' dir='ltr'>δίε-</span> 
     </span>
    </p>
   </div>
   <div class='ocr_carea' id='block_1_110' title="bbox 2359 4224 3876 4301">
    <p class='ocr_par' dir='ltr' id='par_1_110' title="bbox 2359 4224 3876 4301">
     <span class='ocr_line' id='line_1_110' title="bbox 2359 4224 3876 4301; baseline -0.001 -24"><span class='ocrx_word' id='word_1_728' title='bbox 2359 4228 2586 4300; x_wconf 70' lang='grc' dir='ltr'>φθάρθαι</span> <span class='ocrx_word' id='word_1_729' title='bbox 2629 4225 2846 4298; x_wconf 81' lang='grc' dir='ltr'>λοιμοῖς.</span> <span class='ocrx_word' id='word_1_730' title='bbox 2895 4229 2960 4278; x_wconf 80' lang='grc' dir='ltr'>Οἱ</span> <span class='ocrx_word' id='word_1_731' title='bbox 3007 4231 3096 4298; x_wconf 75' lang='grc' dir='ltr'>μεν</span> <span class='ocrx_word' id='word_1_732' title='bbox 3128 4224 3214 4279; x_wconf 73' lang='grc' dir='ltr'>οὖν</span> <span class='ocrx_word' id='word_1_733' title='bbox 3262 4237 3369 4290; x_wconf 90' lang='grc' dir='ltr'>τοῖς</span> <span class='ocrx_word' id='word_1_734' title='bbox 3393 4226 3556 4288; x_wconf 72' lang='grc' dir='ltr'>δῆθεν</span> <span class='ocrx_word' id='word_1_735' title='bbox 3588 4230 3876 4301; x_wconf 67' lang='grc' dir='ltr'>εῦπορωτὲρεις</span> 
     </span>
    </p>
   </div>
   <div class='ocr_carea' id='block_1_111' title="bbox 2358 4313 3874 4390">
    <p class='ocr_par' dir='ltr' id='par_1_111' title="bbox 2358 4313 3874 4390">
     <span class='ocr_line' id='line_1_111' title="bbox 2358 4313 3874 4390; baseline -0.001 -23"><span class='ocrx_word' id='word_1_736' title='bbox 2358 4319 2425 4367; x_wconf 81' lang='grc' dir='ltr'>τὰ</span> <span class='ocrx_word' id='word_1_737' title='bbox 2450 4315 2642 4367; x_wconf 78' lang='grc' dir='ltr'>ἑαυτῶν</span> <span class='ocrx_word' id='word_1_738' title='bbox 2674 4314 2892 4386; x_wconf 72' lang='grc' dir='ltr'>φίλτατα</span> <span class='ocrx_word' id='word_1_739' title='bbox 2939 4313 3285 4388; x_wconf 80' lang='grc' dir='ltr'>βραχυτάτου</span> <span class='ocrx_word' id='word_1_740' title='bbox 3319 4322 3552 4390; x_wconf 73' lang='grc' dir='ltr'>τρύφους</span> <span class='ocrx_word' id='word_1_741' title='bbox 3582 4315 3874 4389; x_wconf 73' lang='grc' dir='ltr'>διέπρασσοι·</span> 
     </span>
    </p>
   </div>
   <div class='ocr_carea' id='block_1_112' title="bbox 2360 4401 3877 4480">
    <p class='ocr_par' dir='ltr' id='par_1_112' title="bbox 2360 4401 3877 4480">
     <span class='ocr_line' id='line_1_112' title="bbox 2360 4401 3877 4480; baseline -0.007 -24"><span class='ocrx_word' id='word_1_742' title='bbox 2360 4407 2409 4456; x_wconf 78' lang='grc' dir='ltr'>οἱ</span> <span class='ocrx_word' id='word_1_743' title='bbox 2465 4401 2524 4456; x_wconf 70' lang='grc' dir='ltr'>δε</span> <span class='ocrx_word' id='word_1_744' title='bbox 2563 4408 2648 4464; x_wconf 79' lang='grc' dir='ltr'>τὰς</span> <span class='ocrx_word' id='word_1_745' title='bbox 2697 4410 2908 4466; x_wconf 72' lang='grc' dir='ltr'>κτήσεις</span> <span class='ocrx_word' id='word_1_746' title='bbox 2957 4409 3376 4478; x_wconf 83' lang='grc' dir='ltr'>παρατιθέμενοι,</span> <span class='ocrx_word' id='word_1_747' title='bbox 3438 4406 3660 4480; x_wconf 74' lang='grc' dir='ltr'>ἀπορίας</span> <span class='ocrx_word' id='word_1_748' title='bbox 3711 4406 3769 4464; x_wconf 81' lang='grc' dir='ltr'>εἰς</span> <span class='ocrx_word' id='word_1_749' title='bbox 3806 4401 3877 4449; x_wconf 67' lang='lat'>705-</span> 
     </span>
    </p>
   </div>
   <div class='ocr_carea' id='block_1_113' title="bbox 2363 4485 3878 4568">
    <p class='ocr_par' dir='ltr' id='par_1_113' title="bbox 2363 4485 3878 4568">
     <span class='ocr_line' id='line_1_113' title="bbox 2363 4485 3878 4568; baseline 0 -23"><span class='ocrx_word' id='word_1_750' title='bbox 2363 4497 2600 4564; x_wconf 80' lang='grc' dir='ltr'>σχατοῆν</span> <span class='ocrx_word' id='word_1_751' title='bbox 2625 4493 2827 4544; x_wconf 85' lang='grc' dir='ltr'>λαυνον.</span> <span class='ocrx_word' id='word_1_752' title='bbox 2870 4493 3039 4545; x_wconf 73' lang='grc' dir='ltr'>Ἶισαν</span> <span class='ocrx_word' id='word_1_753' title='bbox 3085 4492 3134 4545; x_wconf 81' lang='grc' dir='ltr'>δ’</span> <span class='ocrx_word' id='word_1_754' title='bbox 3164 4497 3214 4546; x_wconf 83' lang='grc' dir='ltr'>οἱ</span> <span class='ocrx_word' id='word_1_755' title='bbox 3244 4500 3331 4547; x_wconf 87' lang='grc' dir='ltr'>καὶ</span> <span class='ocrx_word' id='word_1_756' title='bbox 3368 4500 3569 4568; x_wconf 81' lang='grc' dir='ltr'>χόρτου</span> <span class='ocrx_word' id='word_1_757' title='bbox 3602 4485 3878 4568; x_wconf 64' lang='grc' dir='ltr'>σπαράγματεί</span> 
     </span>
    </p>
   </div>
   <div class='ocr_carea' id='block_1_114' title="bbox 2359 4579 3879 4657">
    <p class='ocr_par' dir='ltr' id='par_1_114' title="bbox 2359 4579 3879 4657">
     <span class='ocr_line' id='line_1_114' title="bbox 2359 4579 3879 4657; baseline -0.005 -23"><span class='ocrx_word' id='word_1_758' title='bbox 2359 4601 2475 4634; x_wconf 88' lang='grc' dir='ltr'>τινα</span> <span class='ocrx_word' id='word_1_759' title='bbox 2527 4579 2977 4655; x_wconf 83' lang='grc' dir='ltr'>διαμασσώμενοι,</span> <span class='ocrx_word' id='word_1_760' title='bbox 3020 4588 3109 4635; x_wconf 83' lang='grc' dir='ltr'>καὶ</span> <span class='ocrx_word' id='word_1_761' title='bbox 3161 4591 3288 4646; x_wconf 87' lang='grc' dir='ltr'>πόας</span> <span class='ocrx_word' id='word_1_762' title='bbox 3321 4584 3586 4656; x_wconf 79' lang='grc' dir='ltr'>ὀλεθρίους</span> <span class='ocrx_word' id='word_1_763' title='bbox 3638 4585 3879 4657; x_wconf 51' lang='grc' dir='ltr'>προσοίσον-</span> 
     </span>
    </p>
   </div>
   <div class='ocr_carea' id='block_1_115' title="bbox 2358 4669 3879 4745">
    <p class='ocr_par' dir='ltr' id='par_1_115' title="bbox 2358 4669 3879 4745">
     <span class='ocr_line' id='line_1_115' title="bbox 2358 4669 3879 4745; baseline -0.012 -10"><span class='ocrx_word' id='word_1_764' title='bbox 2358 4693 2460 4736; x_wconf 81' lang='grc' dir='ltr'>τες,</span> <span class='ocrx_word' id='word_1_765' title='bbox 2496 4669 2865 4744; x_wconf 70' lang='grc' dir='ltr'>διεφθείροντο.</span> <span class='ocrx_word' id='word_1_766' title='bbox 2919 4672 3081 4724; x_wconf 85' lang='grc' dir='ltr'>Ὅσαι</span> <span class='ocrx_word' id='word_1_767' title='bbox 3141 4670 3200 4725; x_wconf 76' lang='grc' dir='ltr'>δε</span> <span class='ocrx_word' id='word_1_768' title='bbox 3247 4682 3346 4725; x_wconf 85' lang='grc' dir='ltr'>τῶν</span> <span class='ocrx_word' id='word_1_769' title='bbox 3387 4672 3440 4726; x_wconf 81' lang='grc' dir='ltr'>εὖ</span> <span class='ocrx_word' id='word_1_770' title='bbox 3485 4680 3659 4745; x_wconf 83' lang='grc' dir='ltr'>γένους</span> <span class='ocrx_word' id='word_1_771' title='bbox 3700 4669 3879 4732; x_wconf 63' lang='grc' dir='ltr'>ἧσανςινο</span> 
     </span>
    </p>
   </div>
   <div class='ocr_carea' id='block_1_116' title="bbox 2300 4756 3880 4835">
    <p class='ocr_par' dir='ltr' id='par_1_116' title="bbox 2300 4756 3880 4835">
     <span class='ocr_line' id='line_1_116' title="bbox 2300 4756 3880 4835; baseline -0.002 -22"><span class='ocrx_word' id='word_1_772' title='bbox 2300 4823 2303 4825; x_wconf 97' lang='lat'><em>_</em></span> <span class='ocrx_word' id='word_1_773' title='bbox 2359 4770 2548 4826; x_wconf 82' lang='grc' dir='ltr'>ναῖκες,</span> <span class='ocrx_word' id='word_1_774' title='bbox 2599 4770 2670 4831; x_wconf 82' lang='grc' dir='ltr'>τῷ</span> <span class='ocrx_word' id='word_1_775' title='bbox 2730 4760 2938 4835; x_wconf 79' lang='grc' dir='ltr'>ἀπορεῖν</span> <span class='ocrx_word' id='word_1_776' title='bbox 2977 4762 3048 4824; x_wconf 84' lang='grc' dir='ltr'>εἰς</span> <span class='ocrx_word' id='word_1_777' title='bbox 3096 4760 3448 4834; x_wconf 77' lang='grc' dir='ltr'>ἀναίσχυντον</span> <span class='ocrx_word' id='word_1_778' title='bbox 3503 4763 3722 4834; x_wconf 81' lang='grc' dir='ltr'>ἀνάγκην</span> <span class='ocrx_word' id='word_1_779' title='bbox 3747 4756 3880 4810; x_wconf 52' lang='lat'>£11535-</span> 
     </span>
    </p>
   </div>
   <div class='ocr_carea' id='block_1_117' title="bbox 2364 4848 3878 4925">
    <p class='ocr_par' dir='ltr' id='par_1_117' title="bbox 2364 4848 3878 4925">
     <span class='ocr_line' id='line_1_117' title="bbox 2364 4848 3878 4925; baseline -0.008 -23"><span class='ocrx_word' id='word_1_780' title='bbox 2364 4871 2474 4915; x_wconf 85' lang='grc' dir='ltr'>σαι,</span> <span class='ocrx_word' id='word_1_781' title='bbox 2510 4853 2605 4901; x_wconf 74' lang='grc' dir='ltr'>ἀνὰ</span> <span class='ocrx_word' id='word_1_782' title='bbox 2661 4852 2750 4910; x_wconf 86' lang='grc' dir='ltr'>τὰς</span> <span class='ocrx_word' id='word_1_783' title='bbox 2804 4848 2998 4922; x_wconf 78' lang='grc' dir='ltr'>ἀγορὰς</span> <span class='ocrx_word' id='word_1_784' title='bbox 3057 4850 3253 4918; x_wconf 83' lang='grc' dir='ltr'>ἰοῦσαι,</span> <span class='ocrx_word' id='word_1_785' title='bbox 3312 4859 3605 4925; x_wconf 69' lang='grc' dir='ltr'>προήγοντο</span> <span class='ocrx_word' id='word_1_786' title='bbox 3657 4848 3878 4922; x_wconf 65' lang='grc' dir='ltr'>μεταιτεῖν·</span> 
     </span>
    </p>
   </div>
   <div class='ocr_carea' id='block_1_118' title="bbox 2362 4936 3880 5012">
    <p class='ocr_par' dir='ltr' id='par_1_118' title="bbox 2362 4936 3880 5012">
     <span class='ocr_line' id='line_1_118' title="bbox 2362 4936 3880 5012; baseline 0.001 -22"><span class='ocrx_word' id='word_1_787' title='bbox 2362 4937 2508 4992; x_wconf 79' lang='grc' dir='ltr'>αἰδοῖ</span> <span class='ocrx_word' id='word_1_788' title='bbox 2540 4960 2641 4991; x_wconf 88' lang='grc' dir='ltr'>τινι</span> <span class='ocrx_word' id='word_1_789' title='bbox 2675 4945 2763 4991; x_wconf 85' lang='grc' dir='ltr'>καὶ</span> <span class='ocrx_word' id='word_1_790' title='bbox 2793 4949 2865 5010; x_wconf 67' lang='grc' dir='ltr'>τῷ</span> <span class='ocrx_word' id='word_1_791' title='bbox 2907 4945 3023 5010; x_wconf 85' lang='grc' dir='ltr'>περὶ</span> <span class='ocrx_word' id='word_1_792' title='bbox 3075 4945 3168 4998; x_wconf 79' lang='grc' dir='ltr'>τὴν</span> <span class='ocrx_word' id='word_1_793' title='bbox 3224 4939 3478 4999; x_wconf 72' lang='grc' dir='ltr'>ἀναϐολήν</span> <span class='ocrx_word' id='word_1_794' title='bbox 3536 4943 3731 5012; x_wconf 84' lang='grc' dir='ltr'>κοσμίῳ</span> <span class='ocrx_word' id='word_1_795' title='bbox 3771 4936 3880 5004; x_wconf 54' lang='grc' dir='ltr'>ἠρέμει</span> 
     </span>
    </p>
   </div>
   <div class='ocr_carea' id='block_1_119' title="bbox 2361 5029 3875 5102">
    <p class='ocr_par' dir='ltr' id='par_1_119' title="bbox 2361 5029 3875 5102">
     <span class='ocr_line' id='line_1_119' title="bbox 2361 5029 3875 5102; baseline -0.007 -20"><span class='ocrx_word' id='word_1_796' title='bbox 2361 5051 2467 5090; x_wconf 85' lang='grc' dir='ltr'>πως</span> <span class='ocrx_word' id='word_1_797' title='bbox 2510 5032 2568 5080; x_wconf 88' lang='grc' dir='ltr'>τὸ</span> <span class='ocrx_word' id='word_1_798' title='bbox 2597 5030 2758 5080; x_wconf 83' lang='grc' dir='ltr'>πάλαι</span> <span class='ocrx_word' id='word_1_799' title='bbox 2807 5037 2895 5088; x_wconf 83' lang='grc' dir='ltr'>τῆς</span> <span class='ocrx_word' id='word_1_800' title='bbox 2929 5037 3126 5102; x_wconf 73' lang='grc' dir='ltr'>τρυφῆς</span> <span class='ocrx_word' id='word_1_801' title='bbox 3176 5029 3457 5102; x_wconf 76' lang='grc' dir='ltr'>ἐλευθέριον</span> <span class='ocrx_word' id='word_1_802' title='bbox 3509 5032 3875 5100; x_wconf 61' lang='grc' dir='ltr'>σκιαγραροντιι-</span> 
     </span>
    </p>
   </div>
   <div class='ocr_carea' id='block_1_120' title="bbox 2363 5114 3875 5192">
    <p class='ocr_par' dir='ltr' id='par_1_120' title="bbox 2363 5114 3875 5192">
     <span class='ocr_line' id='line_1_120' title="bbox 2363 5114 3875 5192; baseline -0.001 -22"><span class='ocrx_word' id='word_1_803' title='bbox 2363 5124 2464 5171; x_wconf 82' lang='grc' dir='ltr'>Καὶ</span> <span class='ocrx_word' id='word_1_804' title='bbox 2518 5120 2566 5170; x_wconf 85' lang='grc' dir='ltr'><strong>οἰ</strong></span> <span class='ocrx_word' id='word_1_805' title='bbox 2596 5121 2684 5189; x_wconf 69' lang='grc' dir='ltr'>μὲν</span> <span class='ocrx_word' id='word_1_806' title='bbox 2716 5119 2885 5190; x_wconf 82' lang='grc' dir='ltr'>ὠχροὶ</span> <span class='ocrx_word' id='word_1_807' title='bbox 2923 5124 3013 5169; x_wconf 84' lang='grc' dir='ltr'>καὶ</span> <span class='ocrx_word' id='word_1_808' title='bbox 3043 5118 3110 5178; x_wconf 82' lang='grc' dir='ltr'>εἰς</span> <span class='ocrx_word' id='word_1_809' title='bbox 3145 5119 3303 5192; x_wconf 83' lang='grc' dir='ltr'>οἰκρον</span> <span class='ocrx_word' id='word_1_810' title='bbox 3353 5119 3737 5179; x_wconf 77' lang='grc' dir='ltr'>ἀπεσκληκότες,</span> <span class='ocrx_word' id='word_1_811' title='bbox 3765 5114 3875 5174; x_wconf 68' lang='grc' dir='ltr'>ὧτπεέ</span> 
     </span>
    </p>
   </div>
   <div class='ocr_carea' id='block_1_121' title="bbox 2361 5205 3874 5279">
    <p class='ocr_par' dir='ltr' id='par_1_121' title="bbox 2361 5205 3874 5279">
     <span class='ocr_line' id='line_1_121' title="bbox 2361 5205 3874 5279; baseline -0.005 -20"><span class='ocrx_word' id='word_1_812' title='bbox 2361 5205 2553 5259; x_wconf 74' lang='grc' dir='ltr'>εἴδωλά</span> <span class='ocrx_word' id='word_1_813' title='bbox 2600 5227 2713 5258; x_wconf 90' lang='grc' dir='ltr'>τινα</span> <span class='ocrx_word' id='word_1_814' title='bbox 2786 5217 2854 5277; x_wconf 81' lang='grc' dir='ltr'>τῷ</span> <span class='ocrx_word' id='word_1_815' title='bbox 2915 5205 3123 5279; x_wconf 82' lang='grc' dir='ltr'>ἀπορεῖν</span> <span class='ocrx_word' id='word_1_816' title='bbox 3177 5209 3309 5260; x_wconf 77' lang='grc' dir='ltr'>ἔνθεν</span> <span class='ocrx_word' id='word_1_817' title='bbox 3367 5207 3600 5260; x_wconf 77' lang='grc' dir='ltr'>κάκεῖθεν</span> <span class='ocrx_word' id='word_1_818' title='bbox 3648 5206 3874 5269; x_wconf 56' lang='lat' dir='ltr'>hostes“?!</span> 
     </span>
    </p>
   </div>
   <div class='ocr_carea' id='block_1_122' title="bbox 2362 5290 3873 5368">
    <p class='ocr_par' dir='ltr' id='par_1_122' title="bbox 2362 5290 3873 5368">
     <span class='ocr_line' id='line_1_122' title="bbox 2362 5290 3873 5368; baseline -0.003 -20"><span class='ocrx_word' id='word_1_819' title='bbox 2362 5301 2450 5348; x_wconf 76' lang='grc' dir='ltr'>καὶ</span> <span class='ocrx_word' id='word_1_820' title='bbox 2501 5293 2954 5361; x_wconf 80' lang='grc' dir='ltr'>διολισθαίνοντες,</span> <span class='ocrx_word' id='word_1_821' title='bbox 2997 5303 3208 5368; x_wconf 84' lang='grc' dir='ltr'>πρηνεῖς</span> <span class='ocrx_word' id='word_1_822' title='bbox 3251 5296 3334 5350; x_wconf 77' lang='grc' dir='ltr'>ἐπὶ</span> <span class='ocrx_word' id='word_1_823' title='bbox 3400 5306 3497 5349; x_wconf 79' lang='grc' dir='ltr'>τῶν</span> <span class='ocrx_word' id='word_1_824' title='bbox 3547 5290 3771 5367; x_wconf 69' lang='grc' dir='ltr'>ἀμφόδων</span> <span class='ocrx_word' id='word_1_825' title='bbox 3822 5301 3873 5333; x_wconf 68' lang='lat'>13&#39;</span> 
     </span>
    </p>
   </div>
   <div class='ocr_carea' id='block_1_123' title="bbox 2362 5383 3869 5456">
    <p class='ocr_par' dir='ltr' id='par_1_123' title="bbox 2362 5383 3869 5456">
     <span class='ocr_line' id='line_1_123' title="bbox 2362 5383 3869 5456; baseline -0.011 -20"><span class='ocrx_word' id='word_1_826' title='bbox 2362 5391 2626 5450; x_wconf 82' lang='grc' dir='ltr'>τέπιπτον,</span> <span class='ocrx_word' id='word_1_827' title='bbox 2682 5387 2860 5445; x_wconf 87' lang='grc' dir='ltr'>πάσης</span> <span class='ocrx_word' id='word_1_828' title='bbox 2917 5387 3100 5456; x_wconf 77' lang='grc' dir='ltr'>ἔρημοι</span> <span class='ocrx_word' id='word_1_829' title='bbox 3171 5384 3460 5456; x_wconf 77' lang='grc' dir='ltr'>βοηθείας·</span> <span class='ocrx_word' id='word_1_830' title='bbox 3515 5388 3643 5456; x_wconf 77' lang='grc' dir='ltr'>πρὸς</span> <span class='ocrx_word' id='word_1_831' title='bbox 3695 5383 3735 5433; x_wconf 73' lang='grc' dir='ltr'>έν</span> <span class='ocrx_word' id='word_1_832' title='bbox 3778 5390 3869 5448; x_wconf 63' lang='grc' dir='ltr'>μενεῖ</span> 
     </span>
    </p>
   </div>
   <div class='ocr_carea' id='block_1_124' title="bbox 2361 5471 3870 5548">
    <p class='ocr_par' dir='ltr' id='par_1_124' title="bbox 2361 5471 3870 5548">
     <span class='ocr_line' id='line_1_124' title="bbox 2361 5471 3870 5548; baseline -0.009 -23"><span class='ocrx_word' id='word_1_833' title='bbox 2361 5471 2605 5548; x_wconf 69' lang='grc' dir='ltr'>ἀμυδρῶς</span> <span class='ocrx_word' id='word_1_834' title='bbox 2650 5475 3022 5536; x_wconf 76' lang='grc' dir='ltr'>εῦσθενοῦντες,</span> <span class='ocrx_word' id='word_1_835' title='bbox 3078 5477 3146 5534; x_wconf 83' lang='grc' dir='ltr'>ως</span> <span class='ocrx_word' id='word_1_836' title='bbox 3200 5473 3329 5546; x_wconf 79' lang='grc' dir='ltr'>βοᾴν</span> <span class='ocrx_word' id='word_1_837' title='bbox 3384 5474 3568 5537; x_wconf 80' lang='grc' dir='ltr'>ἐξεῖναι</span> <span class='ocrx_word' id='word_1_838' title='bbox 3624 5488 3759 5544; x_wconf 77' lang='grc' dir='ltr'>μόνον</span> <span class='ocrx_word' id='word_1_839' title='bbox 3811 5478 3870 5510; x_wconf 67' lang='grc' dir='ltr'>πεῖ·</span> 
     </span>
    </p>
   </div>
   <div class='ocr_carea' id='block_1_125' title="bbox 2359 5557 3865 5638">
    <p class='ocr_par' dir='ltr' id='par_1_125' title="bbox 2359 5557 3865 5638">
     <span class='ocr_line' id='line_1_125' title="bbox 2359 5557 3865 5638; baseline -0.011 -22"><span class='ocrx_word' id='word_1_840' title='bbox 2359 5572 2448 5638; x_wconf 72' lang='grc' dir='ltr'>νῇν</span> <span class='ocrx_word' id='word_1_841' title='bbox 2481 5583 2493 5594; x_wconf 81' lang='grc'><strong><em>⁸</em></strong></span> <span class='ocrx_word' id='word_1_842' title='bbox 2550 5569 2638 5616; x_wconf 79' lang='grc' dir='ltr'>καὶ</span> <span class='ocrx_word' id='word_1_843' title='bbox 2685 5560 2919 5636; x_wconf 76' lang='grc' dir='ltr'>ὀδυνηρᾲ</span> <span class='ocrx_word' id='word_1_844' title='bbox 2973 5571 3034 5634; x_wconf 70' lang='grc' dir='ltr'>τῇ</span> <span class='ocrx_word' id='word_1_845' title='bbox 3086 5571 3220 5634; x_wconf 69' lang='grc' dir='ltr'>φωνῇ</span> <span class='ocrx_word' id='word_1_846' title='bbox 3279 5566 3462 5636; x_wconf 59' lang='grc' dir='ltr'>τρύφος</span> <span class='ocrx_word' id='word_1_847' title='bbox 3520 5569 3706 5636; x_wconf 54' lang='grc' dir='ltr'>τροφῆς</span> <span class='ocrx_word' id='word_1_848' title='bbox 3742 5557 3865 5629; x_wconf 64' lang='grc' dir='ltr'>ὁρὲιῖλθ</span> 
     </span>
    </p>
   </div>
   <div class='ocr_carea' id='block_1_126' title="bbox 2956 5653 2978 5676">
    <p class='ocr_par' dir='ltr' id='par_1_126' title="bbox 2956 5653 2978 5676">
     <span class='ocr_line' id='line_1_126' title="bbox 2956 5653 2978 5676; baseline 0 0"><span class='ocrx_word' id='word_1_849' title='bbox 2956 5653 2978 5676; x_wconf 62' lang='grc' dir='ltr'><strong><em>ἑ</em></strong></span> 
     </span>
    </p>
   </div>
  </div>
