4028 6294
187 320 190 323 ·
230 302 378 360 1269

1324 287 1892 357 ΕεειεειΑετῐεΑε
1931 287 2296 359 HISTOHUE
2336 303 2468 359 LIB.
2509 303 2618 359 vn.

3447 305 3588 364 1270

227 424 582 484 καταδεῖσθαι
619 423 742 492 τούς
783 431 1085 504 παριόντας.
1115 428 1276 482 ’Ὀσοι
1303 445 1362 501 γε
1399 431 1502 500 μὴν
1559 419 1703 499 εἶχον
1729 423 1811 485 δῆ·

1938 418 2260 505 macilentt,
2305 429 2552 502 perinde
2585 433 2768 504 atque
2796 429 3120 488 simulacra
3151 432 3456 506 quasdam,
3493 439 3589 491 res

233 517 317 570 θεν
373 519 601 593 εὐπόρως
679 519 808 588 πρὸς
873 521 931 570 τὸ
1002 517 1201 579 πλῆθος
1274 515 1693 589 ἀπαγορεύοντες,
1751 521 1825 586 τῷ

228 606 398 661 πολλὰ
436 615 758 682 παρασχεῖν,
815 607 1032 680 ὕστερον
1077 612 1166 660 καὶ
1223 603 1370 658 αὐτοὶ
1408 605 1479 667 εἰς
1528 603 1698 662 ἀπηνῆ
1752 603 1828 656 λι-

228 699 328 769 μὸν
363 695 617 770 ἐχώρουν,
675 701 744 750 τὰ
782 701 880 750 ἶσα
934 701 1232 769 πάσχοντες
1263 714 1278 726 ·
1332 699 1422 748 καὶ
1474 693 1828 766 ἀπανθρώπως

228 779 502 850 διέκειντο,
547 788 613 849 ὡς
669 791 758 840 καὶ⁵
813 786 1083 846 πλείσταις
1122 783 1199 858 ἐφ’
1245 787 1468 859 ἡμέραις
1514 783 1825 854 ἁπανταχοῦ

225 879 383 948 νεκρὰ
449 879 539 928 καὶ
615 877 790 948 γυμνὰ
867 881 1088 947 σώματα
1137 873 1418 948 ιρῥιμμένα
1485 871 1825 947 οἰκτροτάτην

229 962 348 1015 θίαν
372 972 480 1027 τοῖς
529 967 608 1017 ἔτι
655 966 792 1024 ζῶσι
822 967 1092 1038 παρέχειν.
1132 961 1276 1022 Ἤδη
1320 959 1378 1015 δέ
1407 979 1541 1023 τινες
1569 965 1658 1014 καὶ
1699 965 1826 1012 κυσὶ

223 1053 463 1127 τράπεζα
499 1057 804 1128 προύκειντο
836 1069 848 1084 ⁸
884 1051 942 1106 οὗ
983 1054 1147 1126 χάριν
1188 1057 1278 1105 καὶ
1319 1060 1418 1104 τῶν
1475 1059 1637 1102 κυνῶν
1666 1050 1825 1112 πολύς

221 1161 309 1203 τις
357 1139 417 1200 ἧν
453 1145 616 1216 φόνος,
661 1140 766 1196 δέει
815 1149 905 1196 τοῦ
941 1147 1012 1214 μὴ
1067 1143 1434 1200 λυσσήσαντας
1491 1137 1826 1214 ἀνθρωποφα-

218 1234 344 1302 γίαν
387 1229 742 1304 ἓργάσασθαι.
779 1231 838 1284 Ὀ
883 1227 942 1284 δὲ
968 1231 1146 1304 λοιμός
1183 1230 1300 1282 κατ’
1344 1231 1520 1291 οἴκους
1562 1231 1818 1302 χορεύων,

219 1321 424 1382 πάντας
467 1319 707 1374 ἐϐόσκετο
736 1329 750 1352 ‘
792 1321 1023 1394 μάλιστα
1064 1313 1122 1372 δὲ
1167 1328 1266 1372 τῶν
1310 1318 1537 1392 εὐπόρων
1577 1319 1769 1376 ἦπτετο
1801 1333 1816 1349 ⁸

219 1414 298 1482 μὴ
361 1413 464 1484 γὰρ
509 1419 581 1482 τῷ
649 1411 800 1484 ἑτέρῳ
857 1411 991 1481 λιμῷ
1075 1407 1449 1483 ἕκτριϐόμενοι,
1517 1407 1670 1470 ὀξέως
1720 1409 1821 1460 ὑπὸ

221 1493 444 1573 θατέρου
482 1500 672 1572 μᾶλλον
712 1495 1018 1555 διώλλυντο.
1053 1499 1300 1572 Οἰμωγῆς
1327 1504 1452 1569 γοῦν
1493 1493 1627 1555 ἦσαν
1655 1499 1824 1550 πάντα

215 1591 413 1658 μεστὰ,
453 1594 543 1640 καὶ
569 1585 704 1641 οἶκοι
757 1593 846 1641 καὶ
876 1589 1118 1641 πλατεῖαι
1143 1593 1232 1639 καὶ
1273 1587 1480 1661 ἀγοραί.
1526 1589 1728 1660 Θρῆνός
1766 1605 1822 1640 τε

217 1675 535 1750 ἁπανταχοῦ
565 1681 654 1730 καὶ
698 1676 816 1730 ούαὶ
853 1679 985 1750 μετὰ
1032 1685 1133 1729 τῶν
1165 1677 1405 1734 συνήθων
1454 1674 1622 1728 αύλων
1648 1694 1701 1728 τε
1729 1679 1819 1728 καὶ

1935 528 2070 574 rum
2096 519 2369 575 omnium
2394 519 2590 590 egeni,
2616 519 2756 576 hinc
2781 526 2837 576 et
2861 520 3000 578 inde
3027 521 3372 579 aberrantes
3403 525 3587 596 atque

1933 605 2260 678 lapsantes,
2292 608 2467 680 proni
2495 608 2556 664 in
2585 607 2776 664 triviis
2811 608 2955 681 ipsis
2986 609 3411 679 concidebant,
3441 613 3585 668 sub-

1936 696 2072 752 sidii
2095 697 2292 752 omnis
2317 702 2627 768 expertes:
2661 701 2718 754 et
2745 697 2823 754 ad
2853 697 2968 754 hoc
2997 710 3186 755 unum
3219 711 3376 771 aegre
3402 699 3584 770 ﬁrmi,

1927 782 2004 841 ut
2028 783 2194 842 fame
2221 799 2285 841 se
2315 785 2507 858 premi
2538 789 2910 851 testarentur,
2944 787 3411 862 miserandaque
3436 804 3586 848 voce

1936 887 1973 932 a
2017 875 2512 946 praetereuntibus
2555 875 2674 931 cibi
2715 875 2976 932 frustum
3019 875 3136 933 sibi
3164 877 3420 950 praeberi
3445 892 3587 953 sup-

1935 963 2162 1036 pliciter
2183 969 2464 1036 peterent.
2487 963 2924 1036 Locupietiores
2945 971 3125 1037 porro
3148 973 3394 1040 propter
3417 978 3585 1026 men-

1933 1051 2264 1109 dicentium
2303 1052 2744 1110 multitudinem
2781 1053 3190 1126 desperantes,
3223 1067 3362 1112 cum
3391 1054 3584 1116 multa

1933 1143 2017 1198 eis
2060 1141 2256 1212 largiti
2285 1145 2503 1208 essent,
2543 1141 2788 1198 tandem
2817 1147 2873 1198 et
2914 1143 3030 1214 ipsi
3057 1145 3118 1198 in
3150 1155 3371 1202 saevam
3401 1145 3583 1204 famis

1929 1229 2330 1302 indigentiam
2353 1229 2802 1303 perveniebant,
2830 1236 2889 1288 et
2916 1241 3056 1288 cum
3086 1233 3300 1290 eadem
3329 1247 3466 1307 quas
3499 1237 3586 1294 in-

1931 1320 2204 1391 digentes
2229 1323 2590 1392 paterentur,
2614 1329 2738 1376 non
2761 1320 2903 1376 satis
2927 1321 3266 1378 humaniter
3295 1335 3429 1380 eam
3456 1337 3584 1382 sor-

1930 1411 2049 1466 tem
2076 1409 2366 1467 ferebant.
2394 1408 2668 1466 Plurimis
2689 1422 2832 1479 ergo
2857 1409 3072 1466 diebus
3093 1411 3260 1470 nuda
3282 1413 3583 1475 cadavera

1929 1499 2158 1573 passim
2199 1499 2484 1570 jacentia,
2532 1499 2938 1554 miserrimum
2992 1492 3193 1556 adhuc
3243 1499 3582 1563 viventibus

1929 1585 2242 1660 prmbnere
2271 1587 2702 1660 spectaculum.
2733 1589 2864 1644 iam
2905 1588 3177 1645 nonnulli
3207 1591 3386 1648 etiam
3419 1597 3582 1650 cani-

1929 1675 2044 1732 bus
2080 1687 2218 1733 esca
2253 1679 2421 1733 erant
2453 1693 2466 1731 :
2500 1675 2674 1748 cujus
2704 1677 2789 1732 rei
2819 1677 3009 1747 gratia
3041 1676 3321 1750 frequens
3353 1693 3578 1740 canum

214 1777 431 1826 κτύπων
482 1775 719 1834 ἠκούετο.
771 1773 888 1836 Τοῖς
956 1770 1015 1828 δὲ
1072 1771 1200 1828 δυσὶ
1250 1776 1453 1836 τούτοις
1519 1772 1694 1834 ὅπλοις
1747 1781 1811 1844 τῷ

1929 1765 2124 1822 caedes
2152 1763 2356 1835 ﬂebat,
2387 1764 2554 1838 quod
2576 1747 2777 1822 metus
2805 1771 2985 1832 esset,
3016 1777 3092 1822 ne
3123 1747 3204 1824 illi
3243 1769 3303 1824 in
3347 1770 3579 1828 rabiem

213 1862 357 1936 λιμῷ
414 1883 469 1916 τε
506 1864 617 1938 ἅμα
670 1869 760 1916 καὶ
814 1871 884 1936 τῷ
935 1861 1099 1937 λοιμῷ
1146 1865 1467 1936 στρατεύσας
1511 1863 1536 1914 6
1577 1863 1815 1929 θάνατος,

212 1958 396 2004 πᾶσαν
458 1944 628 2025 ἄρδην
704 1956 796 2012 τὴν
861 1957 976 2006 τότε
1043 1955 1218 2024 γενεὰν
1283 1951 1582 2026 ἓξεθίρισεν.
1631 1949 1717 2012 Ὡς
1769 1946 1818 2004 ἒν

211 2039 396 2111 ταυτῷ
449 2047 668 2110 σώματα
725 2041 943 2096 πλεῖστα
997 2043 1322 2116 ἐκφέρεσθαι,
1358 2045 1448 2093 καὶ
1499 2045 1665 2114 μυρία
1700 2043 1818 2092 τού-

208 2149 320 2180 των
369 2133 696 2189 καθεκάστην
753 2129 882 2184 εἶναι
928 2131 994 2183 τὰ
1043 2127 1392 2203 πολυάνδρια.
1444 2135 1674 2184 Τοιαῦτα
1721 2137 1818 2192 τῆς

207 2217 558 2290 μεγαλαύχου
603 2219 792 2292 ψυχῆς
842 2219 1135 2293 Μαξιμίνου
1175 2228 1274 2270 τῶν
1317 2219 1433 2271 καθ’
1465 2220 1609 2290 ἡμῶν
1638 2237 1814 2293 γραμ-

207 2309 395 2380 μάτων
452 2310 620 2362 εἰπετο
677 2313 742 2362 τὰ
805 2308 1070 2382 ὶπίχειρα.
1117 2313 1420 2366 Τηνικαύτα
1469 2303 1528 2360 δι
1583 2313 1672 2360 καὶ
1719 2312 1814 2370 τῆς

207 2400 364 2468 ἡμῶν
440 2395 732 2461 θεοσεϐείας
781 2397 960 2451 πολλοὶ
1024 2395 1336 2470 παρέδειξαν
1405 2399 1472 2448 τὰ
1531 2403 1808 2471 τεκμήρια.

206 2489 316 2538 Τὸν
364 2489 464 2561 γὰρ
540 2487 899 2562 φιλάνθρωπον
965 2491 1154 2560 τρόπον
1210 2483 1638 2558 ἐπιδεικνύμενοι,
1695 2491 1812 2548 τοὺς

206 2577 306 2646 μὲν
365 2575 592 2648 ἀτάφους
643 2575 994 2652 ἐρριμμένους,
1026 2579 1204 2648 μυρίοι
1259 2569 1316 2627 δὲ
1367 2570 1523 2640 ἦσαν,
1562 2573 1810 2646 ἐπιμελῶς

209 2664 435 2715 ἔθαπτον
468 2683 480 2695 ·
523 2667 572 2716 οἱ
625 2660 684 2717 δὲ
735 2668 853 2725 τοὺς
897 2670 986 2717 τοῦ
1043 2665 1198 2736 λιμοῦ
1245 2668 1569 2738 τραυματίας
1619 2663 1703 2737 ὑφ’
1761 2665 1810 2716 ἓν

211 2748 560 2825 ἀθροίζοντες,
633 2755 820 2828 ἄρτους
891 2751 958 2812 δή
1033 2772 1174 2814 τινας
1239 2756 1328 2804 καὶ
1389 2757 1580 2824 τροφὴν
1638 2751 1811 2826 ἑτέραν

213 2837 591 2916 ἐπεχορήγουν,
626 2845 695 2904 ὡς
723 2845 752 2900 ἡ
788 2845 909 2917 χεὶρ
957 2845 1174 2914 εὔπορος
1231 2838 1312 2900 ἧν.
1377 2839 1658 2894 Κάντεῡθεν
1688 2841 1811 2894 πολ-

210 2929 303 2987 λὴν
358 2950 474 2984 τινα
529 2936 618 2982 καὶ
649 2933 854 3004 μακρὰν
908 2936 1002 2990 τὴν
1033 2936 1208 3004 φήμην
1247 2925 1582 3005 διαδραμεῖν,
1611 2933 1674 2992 ὡς
1720 2937 1810 2984 καὶ

201 3024 398 3092 μόνους
451 3019 702 3082 θεοσεϐεῖς
748 3022 884 3092 ἡμᾶς
913 3029 1012 3073 τῶν
1064 3019 1228 3072 οἶλλων
1269 3019 1558 3092 ὁμολογεῖν,
1588 3025 1680 3073 καὶ
1721 3023 1809 3074 τόν

200 3111 387 3182 ἔφορον
439 3119 540 3162 τῶν
591 3117 919 3183 Χριστιανῶν
970 3105 1210 3172 δοξάζειν
1259 3113 1512 3181 Χριστόν.
1561 3108 1657 3162 Ὧν
1686 3106 1807 3170 δῆτ’

198 3197 622 3270 ἐπιτελουμένων,
686 3201 712 3250 6
767 3207 868 3250 τῶν
921 3203 1187 3273 σωτηρίων
1245 3199 1364 3258 Θεὸς
1425 3199 1450 3250 6
1498 3199 1808 3274 ὑπέρμαχος

196 3291 297 3340 καὶ
355 3289 598 3360 ἡμέτερος
667 3283 932 3359 κηδεμὼν,
979 3285 1055 3348 οἷς
1105 3283 1177 3348 εἰς
1237 3285 1390 3340 αύτόν
1441 3293 1806 3360 πεπαρῳνήκε-

199 3397 326 3440 σαν,
359 3371 452 3429 διὰ
500 3385 596 3436 τῆς
637 3380 768 3449 πρὸς
825 3379 958 3448 ἡμᾶς
989 3377 1202 3448 ἔχθρας,
1233 3379 1321 3434 τὴν
1369 3373 1561 3428 οἰκείαν
1610 3375 1807 3449 ἀγανά-

197 3485 394 3523 κτησιν
471 3461 793 3537 παραδείξας
862 3473 976 3528 ταῖς
1041 3474 1137 3517 τῶν
1223 3461 1553 3523 δηλωθέντων
1625 3460 1804 3520 δεινῶν

197 3551 422 3625 ἁθρόαις
489 3552 806 3624 ἐπαγωγαῖς,
865 3549 1010 3613 αὖθις
1069 3550 1290 3626 φαιδρὸν
1346 3555 1451 3605 οἷον
1516 3556 1640 3626 ἡμῖν
1697 3555 1806 3608 ἐπέ-

197 3642 376 3712 λαμπε
452 3649 569 3706 ταῖς
650 3643 862 3702 οἰκείαις
922 3643 1209 3716 προνοίαις,
1289 3643 1354 3703 ὡς
1423 3639 1475 3705 ἐξ
1555 3641 1805 3716 ἀφεγγοῦς

199 3735 442 3796 σκότους,
502 3740 606 3804 φῶς
651 3731 878 3806 ἄρρητον
950 3730 1214 3803 εἰρηνικῆς
1281 3747 1653 3792 καταστασεως
1705 3753 1805 3784 πα-

193 3821 527 3892 ρασχέσθαι,
583 3823 671 3872 καὶ
730 3820 927 3892 ἐμφανῆ
979 3839 1038 3890 γε
1091 3826 1225 3872 πᾶσι
1281 3821 1638 3873 καθίστασθαι
1671 3824 1802 3875 Θεὸν

195 3907 358 3960 αὐτόν
405 3911 542 3962 ἐσαεὶ
595 3912 687 3960 καὶ
727 3907 958 3966 επόπτην
1002 3903 1262 3962 εἶναιτῶν
1291 3908 1408 3961 καθ’
1454 3911 1588 3980 ἡμᾶς
1635 3927 1804 3984 πραγ-

197 3999 399 4070 μάτων,
450 3999 675 4070 μάστιγι
739 4003 1008 4070 χρώμενον
1083 3997 1135 4050 ἓν
1221 4007 1387 4070 καιρῷ
1443 4001 1802 4070 περιστάσεων

194 4095 296 4146 τῆς
352 4095 450 4138 τῶν
517 4086 717 4139 οἰκείων
773 4084 1092 4160 ἐπιστροφῆς
1151 4088 1336 4139 ἕνεκα·
1397 4087 1527 4160 μετά
1591 4107 1650 4159 γε
1699 4091 1802 4160 μὴν

197 4180 296 4234 τὴν
353 4175 677 4251 ἀποχρῶσαν
729 4171 975 4228 παιδείαν
1029 4176 1170 4228 ἵλεων
1209 4173 1459 4248 ἐνορῶντα
1487 4181 1578 4230 καὶ
1612 4197 1802 4252 πατρι-

1927 1853 2063 1920 acti,
2093 1855 2377 1911 humanas
2407 1855 2604 1911 carnis
2634 1854 2770 1911 cibo
2801 1855 3210 1913 assucnerent.
3241 1858 3582 1918 Pestilentia

1925 1955 2067 2000 vero
2083 1942 2299 2000 domos
2313 1945 2482 2016 ipsas
2498 1953 3068 2016 peragrans,omnes
3085 1945 3580 2023 carpebat,atque

1924 2033 1987 2090 in
2021 2033 2230 2106 primis
2263 2031 2507 2090 ditiores
2543 2033 2918 2090 conﬁciebat.
2951 2036 3014 2091 Et
3044 2045 3199 2107 quos
3228 2029 3418 2093 fames
3453 2044 3579 2096 non

1925 2122 2298 2190 enecaverat,
2353 2132 2456 2178 eos
2507 2121 2858 2193 contagiosa
2899 2121 3083 2194 pestis
3136 2123 3268 2180 lues
3312 2125 3574 2185 tollebat.

1924 2209 2132 2284 Itaque
2147 2211 2469 2282 gemitibus
2485 2211 2696 2267 omnia
2711 2211 2890 2284 plena
2905 2222 3056 2274 esse.
3079 2211 3222 2268 dom
3231 2223 3320 2280 us,
3339 2214 3577 2286 plateas,

1921 2297 2072 2366 fora,
2103 2299 2297 2356 luctus
2320 2299 2566 2374 ubique,
2599 2302 2658 2356 et
2681 2310 2772 2355 vas
2796 2300 2811 2356 i
2839 2307 2980 2357 cum
3008 2301 3196 2357 solitis
3225 2301 3452 2360 doloris
3477 2315 3580 2362 vo-

1922 2385 2366 2445 ciferationibus
2391 2393 2448 2446 et
2474 2388 2816 2461 planctibus
2841 2390 3299 2447 exaudiebatur.
3333 2393 3400 2448 Et
3426 2393 3576 2452 dua-

1917 2477 2037 2534 bus
2069 2475 2236 2534 hisce
2274 2477 2448 2550 quasi
2490 2479 2828 2546 armaturis,
2871 2477 3032 2534 fame
3077 2483 3135 2534 et
3177 2485 3362 2552 peste,
3407 2492 3574 2540 more

1919 2573 2054 2642 ipsa
2087 2563 2470 2640 depugnans,
2517 2567 2965 2638 generationem
3005 2573 3062 2624 et
3103 2569 3398 2640 pupulum
3438 2571 3569 2644 ejus

1921 2656 2206 2730 temporis
2261 2655 2382 2713 fere
2435 2663 2682 2712 omnem
2742 2655 3000 2712 sustulit.
3060 2657 3406 2732 Eademque
3475 2661 3572 2719 die

1919 2757 2106 2820 quam
2125 2745 2385 2818 plurima
2407 2744 2806 2802 eﬂ‘erebantur
2826 2745 3142 2814 cadavera,
3171 2751 3228 2804 et
3251 2747 3574 2806 innumera

1919 2836 2187 2908 quotidie
2233 2833 2453 2891 ﬂebant
2503 2834 2797 2906 sepulcra.
2848 2835 2982 2891 Haec
3029 2837 3485 2895 auctoramenta
3513 2843 3572 2895 et

1918 2925 2189 2998 praemia,
2238 2924 2433 2980 edicta
2477 2927 2686 2981 contra
2715 2939 2824 2980 nos
2865 2925 3174 2997 propesita
3216 2924 3466 2995 gloriosi
3514 2931 3571 2986 et

1839 3045 1882 3102 ρ
1921 3014 2254 3102 arrogantis
2285 3011 2591 3070 Maximini
2621 3017 2767 3102 sunt
2798 3018 3141 3070 consecuta.
3179 3015 3308 3080 Qua
3341 3017 3572 3088 tempe-

1921 3109 2072 3161 state
2128 3099 2300 3160 multl
2355 3105 2703 3158 nostrorum
2754 3101 3074 3159 hominum
3127 3103 3372 3174 egregia
3416 3114 3568 3162 verte

1916 3191 2153 3268 pietatis
2210 3205 2334 3248 suae
2391 3191 2626 3248 edidere
2676 3191 3062 3248 documenta.
3111 3192 3568 3250 Humanitatem

1917 3283 2079 3340 enim
2104 3295 2278 3340 suam
2307 3279 2698 3348 declarantes,
2733 3281 3031 3338 cadavera
3059 3295 3194 3353 quae
3225 3282 3456 3352 passim
3481 3283 3568 3339 in-

1916 3371 2150 3446 sepulta
2165 3370 2448 3443 jacebant
2469 3369 2660 3443 (erant
2675 3383 2746 3426 ea
2762 3375 2950 3442 quam
2967 3369 3250 3442 plurima)
3265 3377 3404 3426 eum
3423 3382 3568 3428 cura

1917 3461 2322 3535 sepeliebant:
2356 3477 2510 3533 quos
2548 3473 2690 3516 vero
2715 3458 2907 3516 fames
2956 3463 3248 3526 vexasset,
3292 3461 3377 3516 eis
3425 3473 3566 3517 con-

1914 3551 2176 3622 gregatis
2213 3561 2403 3623 panes
2437 3548 2838 3621 alimentaque
2874 3547 2992 3604 alia
3029 3547 3400 3620 praebebant,
3452 3560 3564 3622 pro

1913 3640 2262 3697 facultatum
2285 3637 2508 3694 scilicet
2527 3637 2720 3709 copia.
2752 3635 2916 3693 Unde
2941 3630 3117 3706 longe
3142 3636 3379 3709 lateque
3401 3637 3564 3696 fama

1913 3729 2160 3788 celebris
2189 3728 2265 3784 de
2293 3725 2470 3783 nobis
2501 3726 2762 3796 vulgata,
2797 3723 2977 3798 4.92
3009 3735 3145 3798 quae
3175 3736 3248 3782 ex
3277 3727 3563 3783 omnibus

1911 3815 2042 3876 aliis
2098 3811 2448 3874 hominibus
2499 3826 2654 3871 veras
2709 3814 2948 3888 pietatis
3005 3814 3320 3888 cultUsque
3371 3816 3563 3873 divini

1910 3903 2155 3964 laudem
2183 3899 2359 3962 nobis
2393 3903 2612 3970 tribuit.
2657 3907 2716 3960 et
2754 3903 3222 3960 Christianorum
3262 3903 3562 3976 inspecto-

1910 4009 2038 4053 rem
2076 4001 2533 4067 curatoremque
2573 3989 2869 4050 Christum
2915 3992 3234 4064 magniﬁce
3269 3987 3558 4051 laudavit.

1912 4083 2184 4143 Cladibus
2219 4084 2346 4140 istis
2387 4083 2658 4156 peractis,
2697 4081 2905 4139 salutis
2945 4085 3120 4150 Deus,
3163 4084 3320 4138 tutor
3358 4087 3415 4139 et
3450 4093 3562 4156 pro

1910 4177 2210 4249 pugnator
2244 4173 2469 4239 noster,
2512 4179 2758 4229 ostensa
2790 4171 2935 4229 satis
2977 4175 3032 4228 et
3071 4171 3335 4228 exhibita
3373 4171 3462 4229 ira
3504 4177 3562 4230 et

196 4268 310 4330 κόν,
381 4266 458 4326 οἷς
519 4269 650 4339 πρός
705 4264 860 4317 αὐτὸν
921 4269 989 4318 τὰ
1044 4273 1139 4326 τῆς
1197 4262 1408 4328 ίλπίδος
1467 4265 1797 4342 ἐστήρικται.

1925 4265 2322 4336 .ndignatione
2343 4274 2472 4330 sua,
2497 4274 2604 4336 per
2625 4277 2728 4319 eas
2742 4277 2896 4334 quas
2909 4259 3206 4318 cumulate
3226 4259 3563 4319 immiserat

191 4351 374 4416 Ὅπως
407 4350 465 4406 δὲ
491 4361 646 4406 τοῦτο
676 4362 844 4425 σοφῶς
875 4349 1202 4426 διῳκήσατο,
1242 4357 1377 4406 ἔνθεν
1408 4353 1524 4427 ἐρῶ.

1925 4355 2300 4419 :alamitates,
2343 4355 2586 4426 propter
2623 4348 3022 4425 pertulantem
3065 4349 3560 4422 temerariamque

197 4441 252 4498 ei
285 4439 510 4498 illatam
545 4439 848 4513 injuriam,
894 4448 1326 4514 susceptasque
1363 4443 1655 4500 adversus
1695 4457 1806 4502 nos
1839 4441 2202 4510 inimicitias,
2241 4439 2622 4514 providentia
2656 4453 2765 4496 sua
2797 4439 3024 4496 iustiora
3066 4438 3244 4495 nobis
3273 4437 3562 4508 effulgere

191 4537 470 4603 tempora
501 4529 658 4595 fecit,
685 4533 742 4586 et
777 4537 911 4602 post
941 4532 1164 4586 densas
1205 4533 1480 4588 tenebras
1509 4532 1705 4589 lucem
1739 4533 2102 4592 ineffabilem
2137 4533 2364 4604 pacatae
2394 4524 2836 4602 tranquillitatis
2866 4527 3140 4600 praebuit.
3173 4527 3252 4583 Eo
3292 4529 3558 4600 profecto

191 4625 466 4692 tempore
500 4623 658 4675 certo
697 4619 1070 4678 declaratum
1113 4626 1223 4686 est,
1264 4620 1452 4676 Deum
1495 4621 1694 4693 ipsum
1735 4627 2132 4696 spectatorem
2171 4623 2228 4676 et
2279 4619 2722 4675 moderatorem
2765 4630 2894 4673 esse
2939 4629 3141 4673 rerum
3189 4621 3554 4684 nostrarum,

192 4709 297 4782 qui
322 4705 566 4780 quidem
595 4705 832 4779 ﬂagello
863 4706 923 4763 in
955 4703 1396 4776 afﬂictionibus,
1430 4711 1838 4768 conversionis
1863 4708 2384 4784 castigationisque
2417 4721 2670 4764 suorum
2701 4708 2916 4779 gratia,
2943 4705 3125 4763 utitur
3161 4728 3174 4760 :
3203 4706 3558 4763 coercitione

193 4801 398 4854 autem
435 4801 491 4852 et
533 4796 706 4869 quasi
757 4795 1094 4868 disciplina,
1141 4813 1250 4869 pro
1295 4809 1366 4853 eo
1405 4803 1582 4870 atque
1625 4799 1794 4857 decet
1841 4805 1899 4858 et
1945 4795 2201 4872 expedit,
2246 4805 2509 4870 peracta,
2559 4794 3012 4870 perhumaniter
3060 4799 3132 4853 et
3161 4801 3408 4868 paterne
3451 4805 3556 4852 eos

186 4885 454 4960 respicit,
493 4887 598 4958 qui
649 4901 821 4957 spem
867 4885 1074 4942 salutis
1116 4883 1357 4944 ﬁrmam
1403 4887 1464 4943 in
1507 4903 1578 4944 eo
1624 4885 1980 4947 collocatam
2025 4887 2269 4946 habent.
2315 4885 2844 4954 Quemadmodum
2894 4891 3097 4942 autem
3142 4884 3205 4942 id
3253 4884 3560 4958 sapienter

191 4991 440 5050 prorsus
469 4974 852 5047 disposuerit,
879 4979 936 5032 et
971 4974 1188 5042 fecerit,
1217 4973 1413 5032 dicere
1444 4975 1731 5052 deinceps
1761 4973 2064 5036 constitui.

783 5087 1030 5140 ΚΕΦΑΛ.
1074 5085 1204 5142 ΚΘ’.

193 5193 293 5252 ’.Ως
321 5192 347 5243 6
377 5195 578 5262 μέγας
619 5197 1101 5269 Κωνσταντῖνος
1129 5197 1236 5246 τὸν
1265 5197 1322 5246 ἂν
1350 5193 1554 5268 Ῥώμη
1589 5215 1792 5269 τυραν-

267 5272 500 5315 νοῦντα
563 5262 920 5324 Μαξέντιον
989 5262 1792 5334 ἐτροπὼσατο·’ὁ’πην’ίκα

267 5337 522 5411 καὶτὸν
562 5335 732 5411 θεῖον
774 5339 1054 5409 σταυρόν
1093 5341 1698 5411 κατηστερισμένον
1739 5343 1788 5397 ἐν

269 5407 516 5482 οὐρανῷ
556 5406 892 5461 ἐθεάσατο.

2512 5080 2746 5142 CAPUT
2771 5082 2951 5142 XXIX.

1909 5198 1982 5255 Ut
2019 5211 2271 5266 magnus
2302 5194 2721 5266 Constantinus
2750 5195 2824 5266 de
2859 5189 3182 5266 Maxentio,
3214 5192 3318 5264 qui
3355 5193 3556 5266 Romae

1972 5263 2356 5350 tyrannidem
2405 5265 2692 5350 exercuit,
2736 5263 3146 5350 trinum/sarit,
3192 5263 3332 5348 cum
3378 5263 3557 5350 etiam

1969 5324 2205 5408 signum
2247 5343 2466 5394 sancta:
2505 5324 2700 5393 crucis
2739 5324 2932 5393 stellis
2962 5324 3268 5393 coruscum
3309 5336 3372 5390 in
3415 5324 3558 5392 (εωιο

1970 5396 2141 5467 vidit.
3427 5474 3429 5478 .

1971 5521 2174 5574 Romae
2204 5517 2365 5573 cives
2391 5531 2534 5574 suos
2566 5515 2930 5588 fospissimis,
2953 5531 3088 5588 quas
3113 5514 3392 5581 diximus,
3421 5513 3561 5570 faci-

1902 5608 2150 5664 noribus
2188 5603 2479 5664 atterebat
2510 5601 2856 5672 Maxentius,
2888 5601 3137 5662 Herculii
3167 5603 3346 5662 illius.
3389 5603 3562 5670 Quod

269 5509 402 5584 Εἶχε
452 5515 542 5584 μὲν
595 5510 680 5564 ἐπὶ
735 5511 939 5584 Ῥώμης
1015 5513 1072 5566 τό
1125 5516 1354 5574 ὑπηκοον
1411 5515 1658 5591 ἐκτρίϐων
1709 5520 1794 5579 αἶς

194 5610 368 5678 μικρῷ
420 5602 644 5674 πρόσθεν
697 5601 974 5677 εἰρήκαμεν
1032 5603 1445 5680 αἰσχρουργίαις
1492 5605 1789 5672 Μαξέντιος,
