4028 6294
591 256 732 315 1271

1930 255 2318 314 NICEPHORI
2358 256 2680 315 CALLISTI
3712 269 3807 325 m2

581 383 687 441 ubi
699 382 1120 440 Constantinus
1133 381 1498 455 (frequentes
1511 397 1776 456 namque
1788 383 1867 439 ad
1888 399 2027 439 eum
2044 387 2222 440 Roma

2345 385 2372 435 6
2411 390 2504 435 τοῦ
2535 384 2863 456 Ἑρκουλλίου
2892 387 3031 448 υἱός,
3087 385 3150 441 Ἃ
3210 384 3326 447 δῆτ’
3379 386 3554 441 ἀκούων
3577 390 3598 441 6
3622 396 3812 445 Kmm

580 474 908 529 veniebant
946 477 1230 539 oratores,
1274 486 1348 526 ne
1384 472 1601 529 urbem
1639 488 1774 528 eam
1805 475 2235 544 imperatorum

581 568 836 618 matrem
892 561 1246 633 despiceret,
1301 576 1452 617 neve
1502 561 1584 618 ita
1632 577 1670 618 a
1727 563 2060 618 saevissima
2111 562 2236 618 fera

578 651 802 708 vastari
851 657 1173 724 pateretur,
1225 651 1485 720 orantes)
1545 652 1845 724 cognovit,
1899 652 2233 708 admodum

580 744 672 796 est
709 740 799 796 ira
838 744 1201 806 commotus,
1244 740 1621 812 graviterque
1652 746 1830 796 tantae
1860 741 2233 811 indignitatis

576 827 803 886 famam
836 828 983 884 tulit.
1025 831 1173 885 Nam
1207 829 1311 901 qui
1347 845 1420 885 ex
1454 830 1804 902 prmscripto
1829 834 1887 885 et
1924 830 2232 886 voluntate

576 918 681 973 Dei
719 918 948 985 vivunt,
978 917 1111 973 aliis
1141 915 1369 973 illatam
1399 934 1570 974 suam
1614 934 1746 973 esse
1775 923 2056 990 reputant
2083 919 2235 990 inju-

575 1006 752 1064 riam.
779 1005 861 1062 Ac
885 1007 1148 1078 primum
1178 1022 1283 1077 per
1307 1006 1532 1063 litteras
1560 1008 1887 1064 admonere
1911 1013 1968 1064 et
1991 1024 2233 1081 persua-

577 1095 720 1151 dere
748 1096 1061 1161 Maxentio,
1086 1101 1149 1150 ut
1174 1111 1211 1151 a
1238 1102 1361 1151 tam
1387 1095 1630 1154 nefariis
1653 1096 1978 1152 sceleribus
2008 1112 2072 1151 se
2096 1097 2234 1153 abs-

577 1185 809 1249 tineret,
868 1183 1066 1256 coepit.
1113 1186 1183 1240 Ut
1231 1192 1435 1240 autem
1475 1200 1547 1240 ea
1588 1201 1650 1241 re
1692 1185 1840 1240 nihil
1881 1185 2016 1257 egit,
2062 1200 2234 1241 arma

578 1272 697 1328 sibi
726 1273 1017 1328 sumenda
1042 1288 1194 1337 esse,
1228 1278 1284 1328 et
1310 1273 1596 1343 injuriam
1628 1272 1989 1329 afﬂictorum
2025 1276 2232 1345 quoad

573 1367 781 1434 posset
838 1361 1265 1417 vindicandam
1320 1362 1632 1432 judicavit.
1700 1363 1909 1434 Itaque
1970 1365 2227 1418 exercitu

575 1455 811 1523 parato,
849 1450 910 1505 in
944 1450 1175 1506 italiam
1212 1451 1517 1507 contendit
1560 1467 1572 1505 :
1608 1466 1732 1506 non
1774 1458 1896 1506 tam
1934 1456 2230 1522 apparatu

573 1538 716 1595 belli
745 1555 931 1610 quam
961 1540 1287 1609 omnigena
1312 1539 1414 1595 Dei
1441 1544 1747 1596 armatura
1788 1539 2136 1595 instructus.
2165 1541 2229 1595 Id

573 1628 680 1684 ubi
707 1628 1036 1684 Maxentius
1066 1628 1364 1694 intellexit,
1398 1628 1677 1684 nefandis
1717 1628 2091 1698 magicarum
2130 1645 2228 1685 ar-

2343 481 2501 539 τίνος,
2554 483 2759 527 πυκνῶν
2816 474 3006 528 ἐκεῖθεν
3071 476 3331 549 πρέσϐεων
3374 481 3437 538 ὡς
3480 479 3608 530 αὐτὸν
3650 480 3810 551 ἀφίλων-

2342 567 2523 635 μένων,
2583 568 2672 615 καὶ
2719 570 2789 635 μὴ
2842 569 2935 623 τὴν
2998 574 3098 617 τῶν
3151 563 3402 639 βασιλέων
3475 572 3642 639 μητέρα
3681 568 3809 641 Ῥώμῃ

2341 648 2594 724 περιιδεῖν
2655 654 2755 705 ὑπὸ
2823 662 2916 707 τοῦ
2984 657 3142 728 θηρὸς
3212 657 3346 707 οὕτω
3400 655 3714 728 λυμαινομένην
3755 661 3814 711 £15-

2341 744 2608 806 τευόντων,
2646 739 2855 816 σφόδρα
2902 739 2963 801 ἧν
3004 742 3302 815 ἀσχάλλων,
3332 749 3420 797 καὶ
3463 743 3506 796 έν
3558 742 3679 815 δεινῷ
3705 752 3815 800 ποιοῦ-

2340 849 2490 902 μενος
2547 827 2761 883 διετέλει
2824 837 2918 890 τὴν
2996 838 3171 905 φήμην
3201 851 3214 862 ·
3275 841 3383 895 τοῖς
3445 837 3534 907 γὰρ
3598 838 3703 897 ζῶσι
3736 841 3818 887 uti

2341 922 2471 972 Θεὸν
2509 919 2675 972 οἰκεία
2702 923 2731 979 η
2763 929 2864 972 τῶν
2921 930 3095 982 κακῶς
3140 926 3450 993 πασχόντων
3503 919 3659 975 ἀδικία
3695 923 3816 995 λελόγι-

2344 1026 2485 1060 σται.
2532 1014 2725 1079 Πρῶτοι
2779 1012 2870 1081 μὲν
2909 1006 2997 1062 οὖν
3038 1011 3330 1083 γράμματα
3372 1010 3596 1075 στέλλων,
3634 1014 3820 1081 ἱκανά-μιν

2341 1093 2598 1169 ἕπειρᾶτο,
2653 1102 2744 1149 καὶ
2794 1106 2893 1149 τῶν
2947 1099 3148 1170 φαύλων
3206 1101 3366 1170 ἔργων
3413 1096 3624 1151 ἐκποδὼν
3653 1101 3821 1152 ἵστασθαι

2340 1189 2623 1257 παρηγγύα
2654 1203 2667 1216 ·
2698 1190 2767 1246 ὡς
2798 1183 2847 1238 δ’
2899 1188 3049 1245 ἧττον
3097 1191 3267 1255 ἤνυεν,
3321 1188 3484 1241 ὃπλων
3532 1188 3741 1240 ἅπτεσθαι
3760 1186 3821 1241 δεῖν

2339 1272 2620 1342 ἐλογίζετο,
2657 1280 2747 1326 καὶ
2804 1282 2910 1335 τοῖς
2953 1278 3260 1347 πάσχουσιν
3316 1280 3385 1338 ὡς
3435 1276 3675 1349 ἐγχωροῦν
3704 1275 3818 1348 ἔταξεν

2340 1381 2460 1416 νειν.
2509 1369 2607 1416 Καὶ
2646 1360 2714 1422 δὴ
2764 1371 2988 1437 στρατὸν
3035 1366 3285 1440 ἁθροίσας
3321 1374 3385 1438 τῇ
3430 1366 3611 1436 Ἰταλίᾳ
3649 1365 3812 1437 ἐφίστη,

2338 1452 2396 1505 οὐ
2427 1457 2580 1505 τόσον
2628 1453 2822 1519 ὅπλοις,
2868 1456 2993 1507 ὅσον
3044 1463 3106 1528 τῇ
3166 1458 3223 1507 ἐκ
3255 1463 3390 1509 Θεοῦ
3420 1460 3689 1526 παντευχίᾳ
3722 1456 3814 1505 κύν-

2337 1541 2629 1613 πλισμένος.
2686 1550 2751 1596 ⁸0
2792 1547 2972 1616 μαθὼν
3031 1546 3057 1596 6
3116 1544 3423 1609 Μαξέντιος,
3473 1551 3576 1604 ταῖς
3630 1543 3817 1617 ἑπιρῥίτεις

2338 1637 2680 1702 μαγγανείαις
2727 1637 2817 1684 καὶ
2861 1637 3129 1704 γοητείαις
3168 1634 3317 1686 πλέον
3358 1634 3391 1692 ἦ
3441 1642 3501 1705 τῇ
3537 1642 3626 1684 τῶν
3669 1634 3819 1688 6mm

575 1716 727 1773 tium
752 1716 1098 1788 imposturis
1127 1718 1323 1786 magis
1354 1732 1542 1789 quam
1564 1717 1785 1772 civium
1811 1716 2222 1773 benevolentia

2337 1724 2510 1792 εὐνοίᾳ
2575 1720 2796 1795 θαρρῶν,
2877 1718 2995 1774 οὐδ’
3069 1724 3191 1774 ὅσον
3266 1730 3354 1774 τοῦ
3423 1723 3600 1783 ἄστεος
3656 1720 3824 1793 προελθιέῖ

577 1804 863 1871 conﬁsus,
886 1821 962 1860 ne
982 1810 1146 1861 extra
1167 1805 1377 1861 urbem
1398 1805 1644 1877 quidem
1666 1806 1947 1877 progredi
1969 1806 2228 1877 primum

583 1900 673 1949 est
701 1910 888 1949 ausus
921 1894 1177 1950 .lnsidiis
1214 1899 1415 1950 antem
1454 1894 1782 1967 collocatis,
1813 1895 2081 1967 locisque
2110 1895 2229 1951 im-

579 1983 730 2055 perii
757 1983 1060 2055 plerisque
1091 1983 1481 2039 circumcirca
1505 1988 1878 2040 armatorum
1909 1984 2227 2040 hominum

575 2072 856 2143 prmsidio
885 2073 1190 2143 imposito,
1221 2074 1425 2144 copias
1453 2073 1602 2129 alias
1627 2073 1916 2129 adversus
1943 2076 2228 2130 Constan-

571 2159 768 2216 tinum
806 2161 986 2216 misit.
1031 2159 1213 2233 483
1262 2161 1365 2216 Ille
1412 2177 1592 2233 porro
1643 2177 1766 2218 uno
1813 2167 1994 2233 atque
2039 2162 2226 2219 altero

571 2249 781 2319 praelio
807 2255 1016 2306 contra
1043 2251 1281 2322 iyrauni
1305 2249 1633 2306 exercitum
1664 2252 1869 2316 victor,
1900 2252 1962 2306 in
1991 2250 2223 2307 Italiam

564 2335 912 2408 longissime
938 2354 1309 2410 progressus,
1341 2338 1421 2394 ad
1451 2339 1668 2395 urbem
1692 2338 1950 2396 Romam
1977 2341 2223 2412 propius

571 2426 819 2483 accedit.
860 2430 940 2483 Ne
980 2433 1181 2483 autem
1217 2428 1393 2482 unius
1422 2428 1699 2483 Maxentii
1727 2444 1909 2484 causa
1946 2444 2076 2484 cum
2113 2432 2224 2485 Ro-

567 2515 769 2571 manis
816 2515 1102 2571 omnibus
1145 2515 1370 2571 bellum
1419 2530 1623 2586 gerere
1667 2532 1913 2573 necesse
1954 2517 2223 2584 haberet,

566 2603 956 2660 inenarrabili
980 2605 1246 2676 quadam
1271 2605 1542 2677 potentia
1570 2606 1724 2661 Deus
1748 2612 2075 2678 tyrannum
2097 2607 2227 2662 lon-

574 2692 710 2764 gius
757 2699 926 2750 extra
979 2693 1143 2749 urbis
1196 2699 1401 2766 portas
1448 2695 1753 2766 produxit.
1817 2694 1922 2750 Ille
1963 2711 2224 2766 namque

569 2786 753 2854 ponte
791 2796 863 2837 ex
907 2782 1162 2838 navibus
1194 2798 1378 2854 super
1416 2798 1489 2839 eo
1526 2782 1776 2839 ﬂumine
1815 2786 1981 2856 quod
2012 2783 2222 2838 urbem

567 2863 944 2942 praeterﬂuit,
981 2870 1037 2925 in
1086 2886 1209 2943 quo
1244 2872 1423 2927 etiam
1474 2872 1626 2927 alius
1654 2888 1803 2945 pons
1840 2873 1946 2945 qui
1997 2872 2223 2928 Milvius

571 2958 787 3014 dicitur
826 2964 1208 3015 constructus
1248 2964 1356 3026 est,
1396 2966 1520 3017 arte
1559 2961 1829 3033 quadam
1881 2967 1938 3017 et
1982 2961 2224 3017 fallacia

2335 1807 2544 1880 ἐτόλμα.
2602 1810 2873 1873 Ὀπλίταις
2930 1808 2990 1864 δὲ
3040 1816 3271 1885 μυρίοις,
3301 1811 3483 1883 λόχοις
3523 1831 3574 1863 τε
3600 1814 3674 1861 καὶ
3700 1818 3828 1883 στρατῂ

2333 1905 2430 1950 τῶν
2493 1899 2783 1971 περικύκλῳ
2839 1902 3018 1962 πάσης
3090 1899 3262 1973 ἀρχῆς
3333 1904 3687 1972 πεφραγμένος,
3733 1918 3833 1971 age-ao

2334 1992 2507 2046 πὴντα
2552 1997 2625 2059 τῇ»
2684 1994 3080 2061 Κωνσταντίνῳ.
3124 1989 3182 2042 Ὀ
3216 1985 3275 2042 δὲ
3298 1995 3390 2048 τὴν
3436 1996 3634 2064 πρώτην
3658 1993 3728 2039 καὶ
3757 1985 3834 2039 δεν-

2334 2081 2486 2149 τέραν
2536 2078 2830 2152 παράταξιν
2881 2081 3279 2153 τροπωσάμενος
3334 2086 3431 2131 τοῦ
3491 2081 3728 2150 τυράννου,
3771 2074 3836 2128 ἑτι-

2335 2163 2574 2217 ττλεῐστον
2635 2166 2754 2219 ὅσον
2785 2174 2879 2229 τῆς
2927 2166 3151 2229 Ἰταλίας
3178 2166 3358 2232 ἐπέϐη,
3408 2172 3500 2219 καὶ
3549 2168 3749 2238 ἄγχιστα
3783 2172 3839 2221 τίς

2332 2252 2534 2326 Ῥώμης
2596 2255 2821 2326 ἐγένετο.
2897 2254 3006 2311 Εἶθ’
3061 2259 3126 2317 ὡς
3176 2261 3247 2327 μὴ
3313 2264 3407 2308 τοῦ
3460 2258 3685 2331 τυράννου
3736 2255 3840 2325 χάριν

2330 2342 2601 2415 Ῥωμαίοις
2686 2343 3035 2416 ἀναγκάζοιτο
3111 2345 3367 2417 πολεμεῖν,
3450 2349 3572 2406 Θεὸς
3641 2342 3841 2417 ἀπορρήτῳ

2334 2437 2435 2485 τινὶ
2495 2429 2785 2505 δυναστείᾳ
2860 2432 3045 2486 ἐκεῖνον
3104 2433 3421 2509 πορρωτάτω
3486 2434 3644 2486 πυλῶν
3701 2431 3840 2495 ἐξείλιε

2332 2527 2508 2573 Ναυσὶ
2567 2525 2669 2596 γὰρ
2749 2532 3058 2595 γεφυρώσας
3108 2527 3196 2575 τὸν
3251 2523 3609 2598 παραρρέοντα
3750 2519 3843 2572 πόλει

2335 2613 2587 2681 ποταμὸν,
2645 2610 2694 2662 ἐν
2830 2616 2920 2663 καὶ
2950 2613 2981 2670 ἡ
3033 2610 3261 2665 Φουλϐία
3290 2611 3538 2683 λεγομένη
3569 2611 3666 2663 ἐστὶ
3690 2613 3842 2681 γὲφνρι.

2332 2699 2578 2768 ὑπεξάγει
2628 2703 2718 2771 μὲν
2766 2703 2853 2751 τὸν
2904 2704 3144 2773 στρατὸν,
3176 2705 3266 2753 καὶ
3304 2701 3450 2761 ὅλαις
3495 2702 3668 2774 ὁρμαίς
3705 2696 3844 2768 10.5.3”

2335 2787 2468 2839 σιλεί
2518 2787 2810 2860 ἀντεφέρετο
2841 2808 2853 2821 ·
2909 2795 3290 2849 Κωνσταντίνος
3323 2785 3399 2840 δι’
3461 2789 3509 2840 ἐν
3550 2783 3754 2861 φροντίδι
3793 2804 3847 2833 u-

2335 2879 2573 2941 θίστατο,
2600 2886 2709 2939 πῶς
2734 2881 2800 2929 τὰ
2828 2879 2926 2939 τῆς
2951 2882 3134 2951 μάχης
3186 2877 3445 2944 ἁποϐαἰη,
3498 2884 3582 2931 καὶ
3618 2883 3692 2939 τίς
3715 2875 3848 2948 βοηθός

2332 2969 2472 3037 αὐτῷ
2523 2971 2739 3038 γένοιτο.
2790 2973 2891 3020 Καὶ
2937 2965 3054 3026 δῆτ’
3120 2967 3489 3040 ἀνελάμϐανεν,
3547 2972 3612 3029 ὡς
3659 2963 3779 3019 οὐδει
3812 2981 3845 3031 7i

567 3046 857 3111 confecto,
886 3049 1198 3104 exercitum
1227 3048 1453 3114 eduxit,
1484 3054 1541 3105 et
1569 3066 1706 3105 cum
1738 3066 1962 3119 magno
1991 3051 2220 3123 impetu

2330 3058 2535 3128 οἱπερὶ
2591 3056 2955 3115 Διοκλητιανὸν
3007 3060 3200 3111 ὤναντο
3256 3066 3367 3119 τοῖς
3412 3058 3649 3116 Ἑλλήνων
3675 3053 3839 3127 τεθερμ-

565 3135 853 3191 adversus
884 3138 1343 3193 Constantinum
1373 3144 1460 3193 est
1488 3154 1863 3210 progressus.
1898 3140 2220 3195 Constanti-

567 3240 686 3281 nus
729 3240 910 3296 porro
954 3225 1029 3281 de
1067 3231 1278 3281 eventu
1316 3226 1454 3282 belli
1499 3226 1747 3283 sollicite
1788 3227 2107 3297 cogitabat,
2164 3235 2220 3285 et

568 3328 902 3386 quemnam
923 3315 1033 3369 sibi
1060 3314 1400 3385 adjutorem
1425 3314 1751 3372 advocaret
1775 3317 2216 3374 considerabat.

563 3406 699 3460 Haec
720 3403 803 3459 illi
830 3403 1141 3469 meditanti
1171 3404 1233 3459 in
1259 3409 1518 3461 mentem
1552 3406 1736 3472 venit,
1780 3406 2216 3463 Diocletianum

563 3492 834 3564 quidem,
863 3493 966 3564 qui
994 3493 1328 3549 Graecorum
1358 3495 1776 3567 superstitione
1801 3495 1914 3550 diis
1944 3495 2216 3568 plurimis

564 3579 750 3636 fretus
793 3580 985 3647 fuerit,
1031 3581 1180 3637 nihil
1227 3582 1505 3654 adjutum
1558 3599 1694 3639 esse
1745 3603 1758 3639 :
1810 3588 2036 3656 patrem
2079 3602 2217 3641 vero

566 3684 748 3725 suum
778 3669 1162 3726 Constantem
1190 3671 1364 3742 longe
1392 3671 1622 3727 felicius
1651 3672 1837 3729 vitam
1865 3674 2080 3743 egisse,
2112 3674 2217 3747 qui

572 3763 806 3813 mature
867 3758 1210 3815 Graecorum
1257 3759 1542 3831 religione
1586 3761 1866 3818 nuntium
1913 3764 2215 3819 remiserit.

567 3851 942 3919 Quapropter
978 3853 1298 3919 paternum
1326 3851 1537 3917 Deum,
1580 3851 1932 3923 quicunque
1972 3852 2216 3908 tandem

563 3940 747 4000 esset,
782 3942 845 3992 ut
871 3952 932 3990 se
961 3938 1298 4008 respiceret,
1332 3937 1724 4011 dextramque
1754 3940 1869 3995 sibi
1899 3941 1958 3995 in
1988 3942 2218 4012 pericu-

560 4022 637 4079 lis
691 4023 1140 4080 imminentibus
1194 4026 1544 4097 porrigeret,
1612 4043 1687 4083 ex
1749 4028 1960 4085 intimo
2026 4030 2216 4086 animi

561 4113 808 4171 affectus
834 4114 1167 4171 humillime
1192 4116 1489 4171 invocavit
1514 4132 1527 4169 :
1556 4116 1618 4170 id
1647 4117 1812 4189 quod
1838 4118 1915 4173 ad
1943 4134 2069 4174 rem
2100 4127 2216 4174 sta-

560 4202 673 4258 tim
701 4206 789 4258 est
825 4202 1128 4259 collatum.
1169 4203 1490 4260 Meridiano
1518 4204 1681 4260 enim
1713 4211 1979 4277 tempore
2020 4208 2128 4263 iter
2159 4208 2213 4263 ei

561 4306 704 4346 cum
752 4292 1011 4347 exercitu
1051 4307 1163 4347 suo
1201 4291 1462 4356 facienti,
1506 4292 1630 4348 sole
1674 4293 1804 4363 jam
1842 4295 2216 4352 occidentem

2329 3148 2470 3206 κότες
2516 3147 2681 3207 θεοῖς(
2711 3148 2736 3197 6
2770 3143 2828 3198 δὲ
2875 3145 3049 3218 πατὴρ
3107 3148 3269 3199 αὑτοῦ
3332 3154 3576 3207 Κώνστας
3623 3142 3839 3214 εὐδαιμιέ-

2331 3252 2510 3308 στερον
2563 3238 2648 3286 τὸν
2721 3234 2835 3307 βίον
2910 3232 3148 3306 διήνεγκε
3208 3238 3276 3288 τὰ
3344 3244 3449 3289 τῶν
3498 3234 3724 3293 Ἑλλήνων
3772 3234 3847 3304 θρι-

3307 3325 3487 3379 ’Ἐνθεν
3540 3345 3617 3377 τοι
3684 3328 3758 3374 καὶ
3797 3323 3849 3368 τὼ

2327 3421 2564 3485 πατρῷον
2630 3417 2758 3466 Θεὸν
2820 3415 2968 3476 ὅστις
3034 3418 3157 3467 ποτε
3224 3412 3308 3479 ἦν,
3377 3415 3604 3488 λιπαρῶς
3654 3413 3850 3466 iactauit:

2331 3325 2528 3375 σκεύειν
2592 3323 2744 3384 εὐθὺς
2820 3327 3219 3397 παρωσάμενος.

2328 3500 2613 3573 ἑποφθῆναί
2672 3504 2741 3567 οἱ,
2797 3508 2888 3555 καὶ
2943 3500 3121 3566 δεξιὰν
3182 3512 3299 3566 ταῖς
3361 3509 3708 3577 προκειμέναις
3762 3517 3851 3568 περι·

2329 3592 2548 3643 στάσεσι
2591 3599 2910 3663 παρασχεῖν.
2960 3593 3026 3644 Ὀ
3081 3590 3222 3652 δῆτα
3279 3599 3369 3646 καὶ
3409 3597 3537 3667 πρὸς
3581 3596 3710 3664 ἔργον
3753 3589 3851 3644 εὶθός

2326 3678 2571 3742 ἑξέϐαινε.
2634 3686 2759 3754 Περὶ
2801 3683 2903 3753 γὰρ
2953 3681 3287 3757 μεσημϐρίαν
3344 3679 3579 3735 ὁδεύοντι
3624 3682 3847 3749 σύναματξ

2326 3773 2444 3840 περὶ
2495 3770 2650 3821 αὐτὸν
2706 3776 2957 3844 στρατιᾷ,
3016 3780 3109 3824 τοῦ
3134 3772 3282 3829 ἡλίου
3336 3777 3475 3846 πρὸς
3504 3770 3701 3842 δυσμὰς
3723 3766 3851 3819 κλίνετ-

2324 3876 2429 3923 τος,
2492 3860 2666 3931 θαῦμά
2714 3879 2766 3912 τι
2814 3864 2904 3912 καὶ
2950 3869 3181 3935 κρεῖττον
3223 3863 3253 3920 ἦ
3311 3860 3479 3933 λέγειν
3526 3863 3732 3913 τεθέται.
3788 3861 3853 3905 Πν-

2325 3951 2414 4019 ρὸς
2446 3950 2548 4020 γὰρ
2604 3949 2789 4012 στῦλος
2837 3955 2929 4002 καὶ
2983 3954 3148 4022 φωτὸς
3202 3951 3355 4021 αἴγλη
3391 3949 3624 4022 διαέριος
3660 3948 3718 4008 εἰς
3742 3962 3850 3998 στεν-

2323 4044 2419 4111 ροῦ
2446 4039 2604 4089 τύπον
2652 4040 3102 4110 σχηματισθεῖσα
3156 4042 3443 4113 γράμμασι
3496 4028 3849 4111 Ῥωμαϊκοῖς,δι’

2327 4123 2554 4197 ἀστέρων
2604 4129 2733 4178 ἴσων
2781 4130 3168 4193 ἒντυπωθείσιν,
3221 4130 3312 4181 Ἐν
3368 4132 3574 4201 τούτῳ
3633 4132 3770 4185 νίκα,
3804 4126 3849 4187 7‘.“

2328 4220 2700 4286 Κωνσταντίνῳ
2776 4224 2954 4288 σαφῶς
3030 4214 3325 4292 διηγόρευε.
3403 4220 3658 4276 Τεθηπότι
3721 4210 3760 4265 δ’
3794 4209 3847 4259 οὖν

2325 4308 2414 4356 καὶ
2468 4301 2837 4357 διαπιστοῦντι
2910 4313 3020 4368 τοῖς
3105 4308 3403 4380 ὁρωμένοις,
3459 4309 3511 4358 οἱ
3570 4306 3849 4376 συμπαρόντις

561 4394 772 4435 versus
797 4385 1095 4450 vergente,
1118 4380 1474 4436 miraculum
1498 4382 1698 4453 majus
1724 4397 1910 4455 quam
1936 4383 2053 4439 dici
2073 4400 2217 4455 pos-

2326 4391 2745 4461 ἀνεπυνθάνοντο,
2805 4394 2849 4446 εἰ
2901 4398 2991 4446 καὶ
3046 4395 3193 4447 αὐτοὶ
3260 4404 3356 4457 τῆς
3417 4398 3541 4458 ἴσης
3592 4397 3696 4454 θέας
3718 4393 3848 4443 εἶπεν

563 4469 661 4533 sit,
693 4467 962 4524 oblatum
994 4475 1081 4524 est
1123 4485 1136 4524 :
1170 4469 1349 4539 ignea
1388 4470 1611 4527 scilicet
1648 4471 1953 4537 columna,
1984 4476 2042 4528 et
2066 4472 2216 4529 lucis

562 4556 760 4628 fulgor
787 4558 849 4613 in
879 4573 1014 4613 aere
1039 4559 1233 4613 crucis
1263 4558 1522 4615 formam
1551 4560 1834 4635 referens,
1865 4577 2002 4633 quae
2032 4562 2215 4617 stellis

564 4646 902 4718 aequalibus
920 4646 978 4701 in
993 4647 1336 4703 Latinarum
1355 4647 1686 4705 litterarum
1703 4649 1959 4721 ﬁguram
1977 4667 2216 4722 expres-

563 4735 666 4800 sis,
698 4736 1082 4792 Constantino
1098 4735 1256 4792 clare
1275 4736 1346 4792 In
1370 4738 1480 4793 hoc
1496 4739 1664 4794 vince
1674 4738 2045 4795 ostendebat.
2062 4741 2217 4805 Qua-

560 4839 626 4880 re
664 4829 1102 4890 consternatus,
1148 4826 1314 4897 quod
1355 4825 1430 4881 de
1467 4826 1696 4882 visione
1735 4843 1807 4883 ea
1840 4844 2046 4884 secum
2083 4829 2214 4901 ipse

561 4913 914 4984 ambigeret,
930 4914 1159 4970 amicos
1178 4915 1282 4986 qui
1301 4930 1506 4971 secum
1526 4921 1715 4982 erant,
1735 4932 1813 4971 an
1835 4917 1948 4988 ipsi
1971 4933 2214 4990 quoque

559 5003 722 5059 idem
764 5003 1050 5068 viderent,
1096 5010 1517 5075 percunctatus
1556 5010 1644 5061 est
1688 5021 1702 5060 :
1748 5006 1913 5077 quod
1954 5005 2034 5061 illi
2074 5024 2214 5063 cum

562 5090 985 5158 afﬁrmasseut,
1026 5097 1199 5148 nocte
1241 5094 1519 5164 proxima
1554 5092 1818 5150 Christus
1843 5095 1896 5149 ei
1928 5111 2049 5151 una
2074 5112 2213 5151 cum

560 5180 865 5236 horrendo
879 5181 979 5237 illo
1001 5181 1174 5251 signo
1191 5198 1491 5253 apparens
1509 5183 1607 5254 (l),
1632 5182 1747 5238 tale
1765 5182 2055 5255 quiddam
2075 5200 2213 5239 eum

560 5266 777 5335 facere,
806 5275 986 5342 atque
1012 5270 1095 5325 im
1119 5270 1338 5342 praeliis
1353 5270 1630 5342 praeferre
1650 5271 1858 5343 jussit;
1884 5272 2015 5328 fore
2031 5274 2211 5338 enim,

564 5363 629 5413 ut
653 5375 759 5430 per
789 5359 853 5414 id
882 5376 1092 5417 omnes
1121 5362 1385 5417 vinceret
1412 5361 1636 5418 hostes.
1664 5364 1733 5418 Et
1757 5363 2214 5436 quamprimum

638 5534 716 5605 (l)
748 5538 959 5594 Euseb.
1000 5537 1104 5595 lib.
1146 5554 1186 5594 ι.
1223 5540 1305 5596 De
1346 5540 1477 5597 Vita
1513 5540 1821 5597 Constant.

2323 4480 2591 4536 λαύουσιν.
2640 4481 2729 4544 Ὦς
2779 4479 2839 4534 δὲ
2888 4482 3118 4535 κάκεῖνοι
3179 4486 3468 4547 συνέθεντο,
3522 4487 3694 4543 νυκτὸς
3736 4482 3849 4543 ἐπιγε-

2322 4577 2557 4640 νομένης,
2619 4569 2875 4643 ὶπιφανεὶς
2948 4573 2975 4623 6
3040 4577 3270 4644 Χριστός
3336 4576 3546 4645 σύναμα
3590 4580 3655 4641 τῷ
3713 4570 3847 4641 φρικτῷ

2325 4662 2496 4732 ἐκείνῳ
2549 4666 2772 4731 σημείῳ,
2830 4666 3063 4714 τοιοῦτον
3118 4683 3170 4715 τι
3213 4660 3415 4738 δρᾶσαι
3460 4657 3845 4723 ἆνεκελ.εὑετο,ιιὶ

2287 4821 2291 4826 ι
2324 4752 2488 4821 τούτῳ
2515 4753 2651 4801 κατὰ
2701 4755 2797 4808 τὴν
2831 4754 3013 4822 μάχην
3043 4757 3415 4825 προηγουμὲνῳ
3462 4754 3711 4824 χρῆσθαι,
3735 4740 3846 4797 ’3⁸ιόὗ

2324 4838 2521 4892 ἐσεῖται
2567 4842 2763 4902 πάντας
2819 4844 3158 4914 χειροῦσθαι.
3211 4847 3359 4913 Ἅμα
3388 4838 3447 4894 δὲ
3490 4844 3655 4914 ἡμέρᾳ
3679 4838 3847 4902 πειθόμεο

2322 4947 2402 4989 νος
2440 4926 2510 4999 τῷ
2533 4925 2792 5001 χρησμῷ,
2820 4936 3053 4982 τοιοῦτόν
3084 4950 3136 4982 τι
3175 4929 3231 4982 ἐκ
3257 4938 3468 5003 χρυσοῦ
3502 4924 3844 4983 κατεσκεύαξϋ·

2323 5018 2465 5070 ὁκαὶ
2515 5022 2679 5092 μέχρι
2725 5027 2812 5069 νῦν
2861 5028 2969 5082 τοῖς
3016 5017 3305 5092 βασιλείοις
3354 5024 3441 5072 τὸν
3488 5028 3669 5094 χρόνον
3701 5018 3847 5082 ὑπιρτεε

2322 5115 2513 5181 ρῆσαν,
2566 5108 3036 5180 παραφυλάττεται.
3078 5116 3142 5161 "O
3197 5105 3604 5182 διαγράψασθαι
3650 5108 3725 5159 καὶ
3758 5102 3845 5168 167?

2326 5192 2531 5248 δίκαιον
2561 5198 2787 5267 ἥγημαι.
2816 5195 3037 5268 Ὑψηλόν
3087 5194 3218 5269 δόρυ
3267 5197 3459 5272 χρυσῷ
3507 5191 3843 5257 autumnos-t-

2323 5304 2406 5336 νον
2454 5289 2605 5359 κέρας
2646 5282 2785 5356 εἶχεν
2845 5284 3144 5360 έγκάρσιον,
3198 5287 3267 5349 εἰς
3302 5295 3531 5358 σταυροῦ
3581 5291 3748 5356 σχῆμα
3770 5273 3842 5328 δα·

2323 5376 2660 5446 τυπούμενον.
2714 5381 2854 5427 ’Ἀνω
2908 5371 2968 5428 δε
3013 5378 3138 5447 πρὸς
3189 5383 3261 5448 τῷ
3290 5383 3382 5428 τοῦ
3408 5379 3599 5438 παντὸς
3626 5375 3746 5445 ἄκρῳ
3771 5381 3839 5417 στί*
