4028 6294
195 265 334 322 1273
1219 265 1786 324 ECCLESIASTICE

1962 267 2182 327 [‘ORLE
2219 269 2356 328 LIB.
2397 265 2518 327 VII.
3416 267 3553 326 1274

193 411 342 464 φανός
383 394 540 466 μέσον
581 391 874 446 συστέλλων
916 393 974 446 τό
1024 393 1100 468 ῥῶ
1141 396 1478 466 χιαζόμενον,
1533 390 1628 446 διὰ
1686 401 1784 445 τῶν

1962 409 2023 450 es
2057 399 2145 452 est
2168 399 2396 463 exorta,
2428 395 2643 453 visioni
2673 393 2726 452 ei
2750 392 3119 469 obsequens,
3177 409 3246 452 ex
3277 410 3426 452 auro
3475 395 3553 452 si-

187 487 403 554 πρὼτων
445 487 725 554 στοιχείων
788 486 848 536 τό
890 489 982 536 τοῦ
1047 491 1282 554 Χριστοῦ
1337 487 1498 554 ὄνομα
1557 483 1778 555 ῦπῃνίσ-

1957 499 2081 540 tum
2107 484 2222 540 tale
2240 485 2362 540 ﬂeri
2389 485 2640 550 curavit,
2673 485 2840 558 quod
2866 485 2946 541 ad
2965 484 3130 541 hunc
3161 501 3355 557 usque
3385 485 3548 542 diem

187 590 325 624 σετο.
369 577 474 624 Τοῦ
521 591 582 641 γε
637 576 740 644 μὴν
778 572 1000 641 πλαγίου
1028 576 1242 647 κέρατος
1284 579 1376 624 τοῦ
1405 573 1542 624 κατὰ
1565 571 1622 623 τό
1655 567 1778 646 δόρυ

1981 573 2366 646 imperatorio
2395 580 2453 631 et
2481 574 2680 632 aulico
2709 576 3110 630 instrumento
3140 591 3176 630 a
3201 579 3287 631 tot
3315 574 3549 632 smculis

183 661 572 734 ἒμπεπαρμένου
649 660 805 719 ὀθόνη
871 663 1120 734 ἓκκρεμής
1157 665 1538 733 χρυσόπαστος
1607 659 1774 732 ἀπῃώ-

1964 667 2251 718 servatur.
2306 663 2373 718 Id
2425 663 2634 732 paucis
2663 661 2997 718 describere
3061 677 3184 718 non
3228 662 3404 719 fuerit
3457 665 3555 719 in-

177 768 333 823 ρητο,
377 748 538 802 αὐτοῦ
602 769 657 802 τε
706 749 972 823 θεοφιλοῦς
1037 747 1290 822 βασιλέως
1346 750 1518 802 εἰκόνα
1567 757 1768 824 χρυσῆπ

1958 751 2337 822 mpestivum.
2395 755 2578 808 Hasta
2635 752 2820 823 longa
2874 767 2948 806 ex
3014 767 3164 808 auro
3219 751 3549 820 elaborata,

173 843 345 912 μέχρι
401 843 623 912 στέρνων
661 844 751 892 καὶ
802 848 903 892 τῶν
943 839 1106 892 αὐτοῦ
1144 836 1350 892 παίδων
1407 839 1606 912 εὐφυῶς
1657 839 1758 892 ὑπο

1954 854 2077 894 σοι]
2089 839 2406 914 obliquum
2416 840 2620 908 habet,
2635 840 2696 896 in
2709 841 2899 897 crucis
2911 839 3174 896 formam
3195 845 3545 912 compacta;

172 929 472 1002 γράφουσα.
536 935 782 981 Τοιοῦτον
843 933 1014 980 τοίνυν
1085 923 1410 999 σχεδιασθεν
1479 935 1552 998 τῷ
1615 935 1763 1002 καιρᾲ

1979 929 2153 1000 cujus
2185 930 2530 986 summitate
2550 945 2776 987 corona
2802 929 3064 984 mediam
3109 931 3375 986 Graecam
3406 929 3553 986 litte-

170 1019 527 1089 προηγεῖσθαι
571 1024 662 1070 τοῦ
708 1017 931 1089 πολέμου
963 1017 1228 1078 ἐθέσπιξεο
1287 1017 1388 1070 Καὶ
1435 1017 1598 1088 τούτῳ
1636 1021 1761 1090 χρώ·

1961 1032 2020 1071 m
2082 1019 2120 1072 Ρ
2189 1017 2570 1075 decussatam
2628 1017 2940 1084 cohibens,
2997 1018 3297 1088 primariis
3343 1017 3547 1074 litteris

167 1124 346 1176 μενος,
400 1107 672 1180 πρόθυμος
708 1102 762 1158 εὖ
795 1105 938 1178 μάλα
975 1105 1168 1178 ἐχώρει
1221 1109 1351 1180 πρὸς
1396 1109 1490 1165 τὴν
1542 1108 1756 1178 παράτα

1958 1104 2096 1161 tristi
2133 1121 2356 1162 nomen
2403 1106 2659 1164 obscure
2697 1107 2891 1162 refert.
2921 1105 3102 1180 484
3155 1107 3241 1162 Ex
3302 1106 3549 1178 obliquo

167 1193 280 1256 ξεν.
341 1199 443 1247 Καὶ
491 1191 552 1247 δε
609 1193 969 1270 συρραγέντων
1018 1203 1117 1248 τῶν
1171 1195 1571 1267 στρατευμάτων
1620 1196 1755 1252 ἠττᾶ

1962 1199 2086 1250 .tem
2117 1211 2324 1261 cornu,
2345 1195 2512 1268 quod
2533 1211 2640 1268 per
2660 1196 2901 1252 hastam
2931 1205 3018 1252 est
3043 1197 3396 1268 impactum,
3451 1211 3553 1251 ve-

166 1301 264 1335 ται
297 1285 619 1355 κατακράτος
673 1284 977 1347 Μαξέντιος.
1031 1289 1132 1338 Καὶ
1178 1293 1278 1336 τῶν
1329 1287 1418 1356 μὲν
1464 1284 1757 1336 ὑπεναντίωτ

1960 1299 2009 1338 ω
2031 1299 2281 1339 aureum
2295 1284 2558 1340 sublime
2575 1285 2896 1352 dependet,
2923 1283 2985 1340 in
3006 1300 3128 1356 quo
3142 1284 3346 1353 imago
3366 1299 3551 1340 aurea

166 1373 226 1424 οἱ
278 1371 510 1424 πλεῖστοι
561 1372 740 1444 ξίφους
777 1375 924 1446 ἔργον
980 1376 1206 1444 ἐγένοντο
1271 1381 1334 1446 τῇ
1399 1381 1488 1424 τοῦ
1544 1380 1757 1444 σταυροι

1960 1376 2122 1426 ctore
2177 1379 2346 1428 tenus
2385 1373 2466 1444 pii
2511 1373 2891 1444 imperatoris
2920 1372 3374 1444 liberorumque
3413 1373 3547 1444 ejus

165 1461 470 1534 πανοπλίᾳο
513 1462 796 1526 Μαξέντιος
850 1459 910 1514 δε
954 1465 1054 1515 ὑπό
1099 1469 1192 1514 τοῦ
1223 1461 1479 1536 βασιλέως
1527 1458 1751 1514 ἐκδιωκό

1952 1459 2120 1516 ιΙοΙιιιο
2159 1467 2250 1516 est
2300 1477 2606 1534 expressa.
2670 1462 3024 1532 Hujusmodi
3060 1460 3354 1532 quiddam
3411 1477 3543 1533 pro.

165 1570 344 1623 μενος,
401 1558 516 1613 ταῖς
569 1551 786 1614 οἰκείαις
813 1553 1011 1622 πάγαις
1049 1551 1355 1604 ἁλίσκεται’
1393 1559 1484 1613 τῆς
1535 1553 1637 1623 γὰρ
1675 1570 1756 1621 αγε-

1956 1565 2150 1620 npore
2189 1556 2316 1606 tum
2347 1557 2591 1624 repente
2637 1550 2864 1607 factum
2901 1551 3100 1606 sanxit
3151 1557 3214 1606 ut
3260 1549 3322 1605 in
3389 1549 3547 1606 bello

166 1642 342 1712 φύρας
399 1642 513 1713 θείᾳ
542 1637 762 1712 δυνάμει
821 1637 1215 1716 διαρῥαγείσης,
1265 1645 1356 1693 καὶ
1411 1648 1504 1693 τοῦ
1533 1647 1757 1712 ποταμοί

1956 1637 2271 1694 εοΐθηθιυιι.
2307 1640 2438 1706 Quo
2481 1639 2662 1696 etiam
2689 1640 2894 1705 fretus,
2920 1637 3194 1695 alacriter
3227 1638 3306 1694 ad
3335 1637 3547 1694 conﬂi-

166 1731 460 1801 ςεύγματος
535 1725 884 1795 διαλυθέντος,
940 1729 1177 1802 ὑφιζάνει
1234 1733 1322 1801 μὲν
1379 1731 1409 1788 ἡ
1459 1727 1757 1792 διάϐασις·

1956 1743 2038 1782 im
2056 1727 2670 1798 processit.Ca3terum
2701 1728 2905 1800 praelio
2927 1729 3279 1794 commisso,
3311 1731 3547 1784 Maxen-

161 1826 341 1892 χωρεί
367 1814 418 1870 δ’
450 1817 636 1880 εὐθέως
666 1815 939 1892 αὔτανδρα
983 1821 1116 1872 κατὰ
1143 1827 1235 1870 τοῦ
1267 1816 1433 1892 βυθοῦ
1473 1821 1540 1871 τὰ
1571 1821 1743 1891 σκάφη

1952 1833 1996 1870 Is
2050 1833 2272 1886 magna
2305 1817 2358 1872 vi
2397 1825 2489 1872 est
2533 1817 2826 1885 devictus,
2869 1822 2927 1874 et
2951 1833 3024 1874 ex
3055 1817 3330 1873 hostibus
3355 1833 3543 1890 quam

162 1906 338 1966 Αὐτός
388 1903 448 1959 δε
505 1915 705 1980 πρῶτος
762 1909 789 1959 ό
837 1903 1064 1969 δείλαιος
1123 1912 1216 1960 σὺν
1273 1915 1382 1970 τοῖς
1430 1906 1556 1980 ἀμφ’
1614 1908 1753 1960 αὐτὸ]

1957 1905 2122 1961 urimi
2152 1921 2258 1977 per
2287 1906 2482 1962 crucis
2508 1915 2880 1962 armaturam
2919 1905 3076 1962 ferro
3113 1907 3270 1961 caesi.
3313 1906 3548 1962 Maxen-

162 1997 536 2058 ὖπασπισταῖς
595 2004 703 2058 τοῖς
745 2001 1034 2068 ποταμίοις
1087 1997 1254 2072 ῥιφεὶς
1305 1994 1473 2049 ὕδασι
1520 2001 1753 2048 καταπνίι

1951 2011 1994 2048 ιε
2019 2009 2178 2058 vero,
2203 2011 2386 2068 quem
2413 1996 2840 2052 Constantinus
2865 1995 3196 2066 imperator
3215 1995 3542 2066 fugientem

161 2103 340 2156 γεται,
395 2085 569 2157 ὥσπερ
615 2086 641 2136 ὁ
695 2085 859 2139 πάλαι
923 2091 1110 2160 Φαραὼ
1166 2089 1460 2160 πανστρατί
1493 2101 1506 2114 ·
1558 2089 1626 2148 ὡς
1682 2088 1752 2136 rbi

1959 2099 2088 2155 rseq
2101 2083 2368 2149 uehatur,
2389 2085 2702 2157 suoipsius
2717 2085 2905 2158 (quod
2925 2085 3141 2140 dicitur
3163 2084 3182 2158 )
3201 2083 3426 2157 laqueo
3453 2089 3546 2140 est

162 2175 402 2245 ποταμὸν
455 2175 643 2225 ἐκεῖνον
695 2179 786 2225 καὶ
840 2177 934 2233 τὴν
988 2174 1311 2246 καλουμένην
1385 2174 1628 2226 Φουλείαν
1691 2179 1753 2245 γέε

1954 2176 2114 2244 ptus.
2144 2173 2321 2228 Ponte
2349 2173 2508 2229 enim
2535 2173 2742 2230 divina
2779 2174 2994 2230 virtute
3027 2178 3224 2245 rupto,
3265 2172 3545 2229 navibus-

163 2282 334 2335 φυραν
379 2264 548 2314 ἵππων
621 2264 715 2314 σὺν
773 2261 1059 2324 ἀναϐάταις
1109 2263 1335 2335 ἔμπλεων
1403 2261 1754 2316 δείκνυσθαι·

1954 2277 1996 2316 te
2008 2261 2231 2333 quibus
2245 2260 2472 2317 ﬂumen
2493 2267 2865 2319 constratum
2884 2262 3076 2318 fuerat
3103 2261 3339 2326 solutis,
3355 2267 3545 2317 trans-

161 2357 260 2404 καὶ
303 2348 362 2410 ἧν
423 2347 554 2403 ἰδεῖν
583 2353 650 2403 τὰ
690 2350 854 2404 πάλαι
908 2350 1141 2424 ᾀδόμενα
1196 2352 1266 2414 εἰς
1315 2351 1435 2423 ὄψιν
1487 2349 1608 2411 δῆτ’
1639 2351 1743 2424 ἆνερ

1950 2367 1992 2404 IS
2020 2350 2147 2422 ipse
2178 2367 2422 2422 pessum
2439 2351 2522 2418 iit,
2545 2356 2606 2408 et
2635 2351 2876 2424 scaphae
2906 2351 3105 2406 subito
3157 2367 3297 2406 cum
3345 2350 3541 2406 homi-

163 2443 399 2514 γούμενα
430 2438 761 2514 "Apparet
798 2446 1019 2514 Φαραὼ
1048 2446 1156 2493 καὶ
1197 2445 1309 2499 τὴν
1355 2437 1636 2512 δύναμιν
1666 2441 1754 2494 αῦ-

1954 2439 2058 2494 bus
2087 2439 2370 2495 omnibus
2398 2440 2457 2495 in
2493 2439 2672 2496 undis
2700 2441 3047 2506 subsedere,
3079 2440 3330 2512 ipseque
3363 2440 3545 2495 miser

168 2535 288 2582 τοῦ
335 2527 596 2604 ἔρριψεν
651 2529 739 2590 είς
783 2529 1121 2582 θάλασσαν
1155 2528 1583 2592 ’ἐπιλέκτους
1630 2528 1759 2581 ἀνα-

1953 2529 2110 2584 imus
2123 2545 2256 2584 cum
2271 2529 2819 2602 propugnatoribus
2833 2529 3026 2585 suisin
3043 2528 3294 2584 ﬂumine
3308 2545 3541 2585 mersus

165 2617 376 2678 ϐάτας
413 2637 520 2692 τρι
543 2618 787 2680 στάτας
827 2617 884 2670 ἐν
943 2618 1211 2692 Ἐρυθρᾲ
1253 2619 1552 2690 θαλάσσῃ
1598 2637 1756 2672 κατει

1969 2616 2298 2673 suffocatus
2313 2624 2421 2682 est,
2456 2617 2626 2673 sicuti
2643 2617 2790 2674 olim
2813 2635 2952 2674 cum
2971 2617 3256 2673 universo
3283 2617 3540 2674 exercitu

163 2712 468 2762 πόντισεο
507 2710 616 2758 καὶ
650 2703 895 2760 ἔδυσαν
933 2712 1085 2760 ὡσεὶ
1123 2703 1445 2779 μόλιϐδος
1483 2706 1541 2758 ἐν
1580 2705 1742 2760 ῦδατ

1952 2721 2152 2762 iarao:
2196 2706 2278 2762 ita
2316 2713 2378 2762 ut
2425 2705 2645 2762 ﬂuvius
2676 2707 2793 2774 ille,
2837 2707 2917 2763 ad
2970 2722 3113 2763 eum
3171 2707 3274 2779 qui
3321 2706 3543 2763 Milvius

169 2792 340 2868 σφοδ
349 2815 378 2870 ρ
393 2803 457 2866 ῷ.
483 2793 646 2848 Ὠστε
660 2792 878 2848 ’δίκαιον
900 2797 962 2848 ἄν
993 2799 1070 2854 ε’ίη
1103 2801 1240 2848 κατὰ
1265 2798 1382 2858 τοὺς
1418 2795 1548 2868 ἀμφὶ
1577 2800 1664 2848 τόν
1689 2800 1760 2868 μέ.

1950 2797 2098 2852 citur
2119 2803 2381 2868 pontem,
2401 2796 2640 2868 equiset
2655 2797 3074 2852 ascensoribus
3093 2795 3341 2851 refertus
3375 2796 3540 2850 visus

163 2904 268 2956 γαν
293 2887 578 2959 θεράποντα
606 2889 856 2951 Μωῦσέα,
879 2889 1001 2946 τοὺς
1037 2889 1133 2944 τὴν
1161 2889 1309 2942 νίκην
1343 2883 1398 2936 ἔκ
1425 2891 1557 2937 Θεοῦ
1587 2882 1754 2959 ἀραμέ

1947 2890 1978 2940 t.
2009 2885 2158 2940 Tum
2199 2901 2341 2940 vero
2393 2900 2463 2942 ea
2485 2901 2623 2957 quas
2671 2885 2814 2940 olim
2866 2888 3106 2941 cantata
3153 2883 3409 2950 fuerant,
3461 2883 3538 2940 ad

162 2993 306 3041 νους,
358 2975 424 3025 τὰ
479 2975 576 3025 ἶσα
626 2975 800 3045 ἐκείνῳ
855 2977 992 3028 κατά
1031 2981 1121 3026 τοῦ
1169 2970 1461 3034 δυσσεϐοῦς
1502 2974 1753 3046 ὶπιγαννυι

1954 2973 2128 3028 ιυιυω
2175 2979 2602 3044 repraesentata
2639 2973 2838 3028 videre
2875 2972 3078 3029 licuit:
3121 2973 3348 3028 Curras
3382 2972 3545 3028 Pha-

157 3065 372 3134 μένους,
423 3060 707 3122 ὲκϐοοῖντας
763 3063 985 3134 ὑμνεῖν*
1039 3063 1330 3134 ⁸Ἀσιιομεν
1387 3070 1470 3134 τῷ
1521 3067 1734 3138 Κυρίῳ

1952 3063 2090 3118 zonis
2121 3069 2176 3118 et
2203 3063 2527 3119 exercitum
2555 3065 2684 3130 eius
2699 3063 2944 3133 projecit
2981 3061 3044 3116 in
3073 3077 3242 3118 mare
3271 3078 3288 3115 :
3331 3061 3543 3116 electos

159 3147 441 3212 ἱνδόξως
511 3153 631 3224 γὰρ
695 3147 1122 3215 δεδόξασται.
1187 3149 1408 3205 Ἵππον
1479 3155 1587 3204 καὶ
1651 3151 1750 3204 ἀνι

1950 3168 2225 3209 :censores
2237 3152 2946 3224 satellitesquesubmersit
2959 3154 3021 3207 in
3032 3153 3184 3207 mari
3192 3150 3411 3206 Rubro.
3433 3149 3541 3206 De-

159 3238 364 3297 δάτην
403 3237 658 3312 ἓρῥιψεν
689 3239 782 3302 εἰς
831 3239 1190 3293 θάλασσαν·
1223 3238 1464 3313 βοηθός
1501 3246 1604 3292 καὶ
1650 3259 1750 3293 σκι

1949 3242 2245 3298 ιεηιίενιιηι
2265 3243 2321 3296 in
2341 3243 2715 3312 profundum
2736 3242 2904 3313 quasi
2919 3241 3260 3311 plumbum,
3277 3241 3342 3294 in
3369 3239 3540 3310 aquis

157 3332 419 3390 παστὴς
457 3329 705 3399 ἐγένετό
745 3349 852 3402 μοι
891 3330 980 3393 εἰς
1018 3335 1368 3401 σωτηρίαν.
1409 3328 1608 3390 Οὗτός
1664 3350 1738 3402 μο

1949 3330 2342 3388 rhementibus.
2383 3329 2645 3404 )Equum
2674 3346 2820 3386 sane
2847 3329 3042 3398 fuerit,
3069 3328 3146 3383 ad
3193 3327 3540 3398 exemplum

159 3418 337 3482 Θεὸς,
401 3421 508 3468 καὶ
571 3412 825 3480 δοξάσω
872 3423 1090 3472 αὐτόν.
1147 3423 1306 3480 Θεὸς
1357 3426 1470 3470 τοῦ
1545 3424 1744 3494 πατρό

1948 3418 2095 3488 agni
2125 3417 2280 3472 illius
2319 3418 2604 3486 servi_Dei
2657 3420 2852 3483 Mosae,
2904 3417 3009 3489 qui
3067 3415 3377 3471 victoriam
3421 3417 3539 3469 Deo

157 3527 307 3580 μου,
345 3509 453 3558 καὶ
491 3505 725 3576 ὑψώσω
757 3509 968 3562 αὐτόν.
1002 3513 1140 3573 Καὶ,
1174 3513 1281 3570 Τίς
1321 3508 1541 3580 ὅμοιός
1591 3506 1744 3560 σοιὲ

1948 3514 2199 3579 :ceptam
2245 3507 2394 3576 tulit,
2433 3507 2638 3562 itidem
2697 3512 2760 3562 ut
2795 3506 2890 3562 ille
2943 3505 3099 3574 fecit,
3139 3520 3252 3559 nos
3296 3518 3539 3575 quoque

160 3601 375 3660 Θεοῖς,
400 3596 620 3668 Κύριε;
652 3602 750 3658 τίς
788 3601 1007 3670 ὅμοιός
1041 3615 1174 3664 σοις
1206 3593 1751 3669 Δεδοξασμίνοςὲ

1946 3603 2060 3652 stos
2099 3601 2308 3652 contra
2336 3597 2592 3667 impium
2623 3597 2802 3652 istum
2861 3600 3188 3668 tyrannum
3239 3592 3537 3664 hymnum

160 3685 420 3757 ἁγίοιςο
464 3685 844 3757 θαυμαστός
884 3687 941 3739 ἰν
983 3685 1232 3750 δόξαις,
1271 3693 1470 3738 ποιῶν
1511 3691 1748 3759 τέρατα

1949 3685 2207 3740 >ncinere
2224 3701 2236 3738 :
2253 3685 2568 3741 Cantemus
2581 3684 2850 3750 Domino,
2869 3683 3124 3755 gloriose
3140 3682 3294 3737 enim
3309 3681 3540 3751 magni-

156 3776 381 3844 ﬁcatus
417 3778 520 3830 est.
541 3777 779 3848 Equum
801 3783 855 3834 et
885 3791 1252 3833 ascensorem
1281 3777 1532 3846 coniecit
1552 3778 1614 3830 in
1641 3791 1806 3832 mare
1829 3793 1850 3831 :
1880 3773 2214 3830 auxiliator
2241 3781 2294 3830 et
2309 3779 2606 3844 protector
2624 3775 2828 3844 factus
2855 3779 2938 3829 est
2968 3769 3116 3827 mihi
3155 3771 3219 3824 in
3247 3772 3497 3826 salutem
3514 3811 3528 3826 .

157 3865 282 3922 Iste
305 3868 463 3924 Deus
483 3884 668 3936 meus,
700 3870 757 3923 et
787 3865 1135 3936 gloriﬁcabo
1161 3881 1292 3921 eum
1311 3879 1335 3920 .'
1356 3865 1508 3920 Deus
1528 3865 1720 3933 patris
1750 3865 1882 3932 mei,
1913 3866 1967 3920 et
1989 3861 2264 3918 exaltabo
2293 3877 2445 3918 eum.
2467 3864 2606 3930 Quis
2627 3863 2838 3919 similis
2857 3861 2958 3918 tibi
2983 3861 3048 3916 in
3084 3858 3220 3925 diis,
3244 3859 3484 3917 Domine
3508 3857 3537 3913 ?

159 3955 296 4027 quis
324 3957 536 4014 similis
559 3957 665 4012 tibi
691 3956 722 4014 ?
752 3955 1131 4022 Gloriﬁcatus
1163 3957 1226 4009 in
1245 3953 1490 4018 sanctis,
1515 3953 1910 4010 admirandus
1933 3955 1997 4010 in
2024 3954 2244 4026 gloria,
2275 3953 2504 4023 faciens
2529 3953 2857 4008 mirabilia.

781 4102 1024 4151 ΚΕΦΑΛ.
1079 4097 1164 4152 Λ’.

2375 4094 2554 4169 485
2585 4094 2810 4152 CAPUT
2853 4095 3021 4150 xxx.

160 4205 286 4257 Οἷα
344 4209 457 4263 τὴν
527 4204 770 4277 Ῥώμην
806 4207 1188 4277 Δκατασχὼν
1257 4207 1746 4277 Κίωνσταντῖνος

1944 4209 1951 4255 .'
1974 4203 2426 4269 Constantinus,
2455 4205 2638 4277 Roma
2649 4209 2909 4277 recepta,
2933 4204 3044 4260 Deo
3061 4207 3242 4273 grata
3255 4201 3535 4272 facinora

490 4271 751 4349 θεοφίλῆ
795 4271 1231 4348 διεπράττετο
1281 4276 1450 4345 ἔργα.
1752 4271 1755 4272 ν

1281 4276 1450 4345 ἔργα.
1752 4271 1755 4272 ν
2589 4275 2825 4345 fecerit.

233 4389 410 4436 Ταῦτα
460 4381 529 4441 δὴ
587 4387 678 4436 καὶ
723 4384 789 4435 τὰ
845 4388 1069 4452 συγγενῆ
1127 4383 1332 4442 τούτοις
1383 4366 1824 4434 ΚωνσταντῖνοςῙ

1949 4385 2082 4438 Haec
2105 4398 2307 4455 porro,
2349 4386 2528 4454 atque
2557 4381 2648 4437 his
2679 4381 2916 4450 similia,
2948 4380 3372 4437 Constantinus
3408 4383 3533 4434 tam

158 4480 236 4542 τῷ
283 4477 378 4529 τὴν
413 4477 560 4530 νίκην
608 4473 754 4544 παρά
806 4467 964 4533 δόξαν
1015 4474 1316 4541 πεπραχότι
1370 4477 1484 4540 Θεῷ
1542 4469 1740 4541 εὔφημὴ

1942 4471 2188 4528 iriﬁcam
2211 4475 2569 4528 consecutus
2595 4470 2926 4534 victoriam,
2958 4471 3144 4525 Deum
3170 4467 3530 4524 celebrando

160 4581 280 4628 σαςν
339 4565 434 4618 τὴν
479 4560 678 4633 Ῥώμην
736 4559 1027 4626 εἰσήλαυνε,
1082 4560 1142 4610 τὸ
1194 4557 1440 4610 ἕπινίκεον
1495 4556 1751 4619 ἁλαλςίζω;

1944 4576 2124 4628 nens,
2189 4565 2246 4616 et
2288 4576 2436 4616 voce
2473 4559 2721 4615 clariore
2775 4558 3204 4629 triumphando
3241 4557 3535 4625 jubilans,

154 4653 462 4726 τρανότερον
514 4652 741 4716 πάντων,
793 4649 880 4702 οἷα
922 4655 1136 4720 σωτῆρα
1177 4651 1269 4698 καὶ
1321 4647 1584 4720 λυτρωτὴν
1634 4650 1745 4720 μετέ

1934 4649 2084 4704 'bem
2125 4653 2459 4705 Romanum
2490 4654 2574 4704 est
2603 4649 2908 4718 ingressus
2937 4664 2952 4714 ;
2979 4647 3212 4702 civibus
3241 4645 3525 4700 omnibus

156 4735 513 4812 φαιδρότητος
557 4739 638 4792 ὅτι
680 4738 950 4803 πλείστης,
996 4744 1088 4797 τῆς
1131 4732 1348 4809 καρδίας
1395 4739 1583 4788 ὡσανεὶ
1628 4755 1747 4810 προ-

1938 4737 2163 4794 laritate
2200 4745 2258 4793 et
2299 4737 2502 4794 laetitia
2539 4754 2780 4794 summa
2829 4737 3046 4793 animis
3093 4751 3302 4791 eorum
3333 4733 3529 4790 exsul-

155 4823 444 4896 πηδώσης,
499 4831 592 4880 σὺν
643 4831 852 4900 κρότοις
896 4831 987 4878 καὶ
1031 4825 1304 4898 εὐφημίαις
1358 4829 1746 4896 προπεμπόντωι

1938 4826 2158 4892 ntibus,
2205 4843 2345 4883 cum
2361 4826 2575 4898 plausu
2610 4825 2886 4898 felicique
2933 4825 3133 4881 omine
3161 4830 3217 4879 et
3239 4823 3529 4879 acclama-

155 4937 214 4970 τε
263 4921 352 4968 καὶ
417 4914 819 4988 εἰσδεχομένων,
884 4918 944 4968 τὸ
1009 4921 1104 4976 τῆς
1153 4918 1300 4973 νίκης
1375 4909 1746 4985 διακατέχοντε

1934 4931 2031 4970 )ne
2055 4931 2194 4972 eum
2241 4921 2531 4988 tanquam
2588 4922 2954 4970 servatorem
3021 4919 3079 4969 et
3143 4913 3525 4968 liberatorem

157 5009 429 5079 τρόπαιον,
481 5008 749 5076 στεφάνοις
787 5008 1034 5077 πρότερον
1073 5007 1166 5060 τὴν
1209 5003 1356 5055 πολιν
1405 5007 1578 5054 πᾶσαν
1635 4999 1748 5055 διει·

1934 5021 2072 5068 ιυω,
2101 5005 2682 5074 victoriaatrOpseum
2738 5003 3046 5067 ferentem,
3093 5018 3227 5056 cum
3279 5001 3525 5072 quidem

156 5094 448 5166 λημμένων.
500 5094 559 5147 Ὀ
613 5091 672 5147 δὲ
709 5097 767 5146 τὸ
813 5097 942 5162 πρὸς
991 5095 1119 5146 Θεὸν
1165 5091 1390 5144 εὐσεϐεῖν
1439 5087 1544 5143 οἷον
1605 5092 1747 5163 ἔμφυ·

1936 5094 2035 5148 ius
2066 5093 2276 5148 urbem
2297 5100 2481 5149 totam
2511 5092 2746 5148 coronis
2775 5091 3170 5155 obsedissent,
3194 5089 3527 5162 producen-

156 5185 246 5236 τόν
276 5185 432 5255 ἔχων,
479 5188 569 5236 καὶ
615 5181 746 5256 μηδ’
795 5183 922 5244 ὅλως
968 5188 1074 5241 τοῖς
1104 5187 1308 5253 κρότοις
1358 5179 1407 5232 ἐν
1454 5179 1642 5252 μηδενὶ
1670 5199 1747 5232 σα·

1936 5198 2030 5236 )us
2063 5187 2241 5254 atque
2266 5181 2716 5252 excipientibus.
2745 5181 3169 5236 Constantinus
3197 5185 3397 5234 autem
3427 5193 3527 5232 ve-

154 5272 421 5344 λευόμενος
466 5277 560 5332 τὴν
603 5273 660 5326 ἐκ
707 5276 834 5326 Θεοῦ
893 5274 1144 5341 σῦναρσιν
1197 5273 1448 5342 ἐγνωκὼς,
1499 5269 1648 5329 εὐθὺς
1701 5273 1745 5322 τε

1934 5287 2000 5326 ω
2029 5286 2171 5341 erga
2225 5273 2412 5326 Deum
2443 5271 2718 5341 pietatem
2757 5285 2793 5324 a
2830 5273 3048 5324 natura
3077 5267 3187 5322 sibi
3228 5266 3525 5339 quodam-

159 5369 254 5414 τοῦ
301 5369 530 5438 σταυροῦ
572 5370 785 5436 σημεῖον
833 5359 907 5434 ἔφ’
935 5358 1098 5431 ὕψους
1137 5357 1562 5416 ἀναστηλοῦσθαι
1599 5377 1750 5428 προσ·

1934 5359 2050 5414 odo
2074 5357 2318 5414 insitam
2347 5359 2597 5428 habens,
2631 5372 3022 5429 nequaquam
3061 5356 3362 5428 applausu
3423 5354 3521 5410 tali

156 5453 332 5504 τάττει
363 5467 378 5481 ·
431 5455 522 5504 καὶ
571 5450 683 5524 ἅμα
735 5457 806 5522 τῷ
851 5449 985 5521 λόγῳ
1041 5443 1262 5522 ἀνδριὰς
1314 5447 1386 5508 εἰς
1433 5446 1552 5518 ὄψιν
1599 5447 1747 5499 αὐτοί

1930 5453 2229 5514 immotus,
2255 5452 2318 5503 ut
2345 5447 2450 5519 qui
2481 5464 2517 5503 a
2547 5446 2668 5502 Deo
2693 5445 3027 5502 secundum
3051 5460 3250 5500 rerum
3275 5459 3521 5500 suarum

159 5538 470 5617 ἕχαλκεύετο
501 5557 517 5571 ⁸
583 5540 644 5594 οὗ
707 5541 844 5594 κατὰ
887 5541 982 5603 τὴν
1041 5532 1215 5600 δεξιὰν
1267 5543 1430 5615 χεῖρα
1493 5543 1588 5600 τῆς
1639 5539 1750 5600 ἴσης

1934 5552 2219 5596 ιοοθεευω
2246 5537 2592 5610 provenisse
2618 5535 2812 5610 sciret,
2843 5535 3042 5592 statim
3063 5535 3256 5592 crucis
3285 5533 3525 5608 signum
