4028 6294
578 232 717 297 12τ5

1898 242 2287 308 NICEPHORI
2322 246 2641 312 CALLlSTI

3722 266 3823 323 {276

575 366 637 425 Ῐῐι
676 376 917 441 sublimi
944 386 1078 444 luco
1116 388 1295 445 statui
1312 388 1514 461 jussit.
1545 386 1661 449 Nec
1690 406 1863 450 mora
1899 388 2022 450 ulla
2047 392 2229 450 inter-

2338 374 2466 441 ὕλης
2522 382 2581 434 τό
2620 388 2713 435 τοῦ
2770 391 3000 458 σταυροῦ
3046 392 3260 458 σημεῖον
3305 382 3656 445 ἀνεστηλοῧτοο
3701 393 3724 443 ὃ
3765 402 3821 447 127

577 473 775 545 posita
809 478 917 539 est,
951 476 1008 532 et
1036 481 1234 535 statua
1265 479 1341 535 ad
1368 480 1626 537 formam
1654 480 2228 557 similitudinemque

578 563 708 634 ejus
724 580 796 619 ex
834 582 950 621 aere
983 562 1312 625 fabrefacta
1342 576 1453 636 est,
1505 587 1641 643 quas
1687 572 1901 628 dextra
1941 589 2126 630 manu
2156 592 2229 631 ex

576 652 787 708 eadem
817 655 1067 712 materia
1095 658 1285 713 crucis
1308 657 1551 728 signum
1575 657 1951 717 elaboratum
1980 666 2226 720 teneret.

578 740 722 796 Eam
737 736 1015 809 statuam,
1032 761 1270 802 crucem
1288 747 1369 803 ita
1394 748 1717 818 magniﬁco
1734 749 1992 822 laetoque
2022 750 2231 809 habitu

577 832 898 898 tenentem,
951 833 1152 890 Romae
1191 836 1253 890 in
1312 834 1445 893 loco
1511 838 1771 894 maxime
1796 838 2014 895 celebri
2041 840 2232 897 ﬁrmis

578 918 848 975 innixam
880 916 1283 979 fundamentis
1304 924 1581 981 collocari
1622 928 1921 1000 prmcepit,
1955 942 2094 984 cum
2123 930 2233 986 hu-

572 1005 1057 1077 jusmodiLatina
1087 1012 1471 1084 inscriptione
1497 1034 1511 1070 :
1548 1013 1669 1071 Hoc
1697 1015 2008 1085 salutifero
2038 1018 2229 1088 signa,

579 1101 631 1151 et
657 1111 795 1152 vero
818 1098 1444 1174 fortitudinisindicio,
1470 1104 1673 1161 urbem
1696 1110 1951 1163 vestram
1967 1109 2120 1177 jugo
2144 1114 2234 1178 ty-

579 1184 764 1240 ranni
800 1186 1052 1245 solutam
1085 1190 1337 1248 liberavi
1362 1212 1382 1248 :
1425 1198 1811 1266 senatumque
1844 1203 1900 1252 et
1937 1198 2232 1267 populum

580 1274 889 1329 Romanum
904 1276 965 1331 in
981 1276 1313 1336 libertatem
1330 1280 1913 1357 vindicans,antiquo
1925 1284 2234 1353 splendori

581 1369 634 1418 et
654 1362 1038 1434 amplitudini
1062 1370 1315 1424 restitui.
1334 1370 1604 1426 Romana
1628 1372 1769 1427 urbe
1794 1373 1852 1427 in
1873 1379 2230 1445 potestatem

571 1468 746 1507 suam
773 1452 1015 1510 redacta
1038 1457 1298 1527 primum
1324 1459 1599 1515 omnium
1632 1466 1692 1515 ut
1724 1472 2068 1517 sanctorum
2101 1462 2229 1518 reli-

569 1541 729 1613 quiae
760 1542 1041 1608 collectae,
1061 1546 1236 1616 justas
1258 1548 1580 1620 sepulturas
1611 1549 2067 1618 mandarentur,
2089 1566 2228 1607 con-

572 1627 780 1686 stituit.
814 1628 1037 1689 Deinde
1068 1632 1210 1690 illud
1241 1638 1497 1707 curavit,
1527 1644 1592 1693 ut
1618 1639 1695 1695 ab
1720 1636 1937 1695 exsilio
1966 1641 2227 1713 proscri-

2338 473 2576 542 κατέχων
2624 470 2673 523 ἓν
2730 472 2937 547 σοϐαρῷ
2979 479 3067 527 καὶ
3100 472 3422 549 φαιδροτέρῳ
3460 485 3527 548 τῷ
3561 482 3820 553 σχήματιρ

2338 566 2410 629 τῷ
2492 563 2624 612 κατὰ
2707 561 2904 634 Ῥώμην
2973 558 3203 637 μάλιστα
3269 562 3687 639 δεδημοσιενμέιῳ
3739 578 3822 641 τόπῳ

2340 640 2557 702 ὶκέλευεν
2604 647 2846 723 ἀσφαλῶς
2904 648 3140 725 ἂνιστᾷν.
3197 658 3374 707 Ταῦτα
3433 651 3496 713 δὴ
3551 665 3605 727 τῇ
3648 658 3826 729 Ῥωμαίων

2341 744 2478 809 φωνῇ
2512 747 2583 809 τῷ
2614 736 2886 811 ἀνδριάντι
2914 742 3348 818 προσεπιγράψας
3372 761 3388 775 ⁸
3437 748 3637 817 Τούτῳ
3677 756 3738 817 τῷ
3764 769 3831 800 σν-

2339 824 2660 900 τηριὼδει
2717 835 2985 903 σημείῳ,
3048 840 3133 904 τῷ
3195 831 3480 903 ἀληθινῷ
3526 833 3731 907 ἐλέγχῳ
3765 845 3835 899 τῆς

2342 908 2630 988 ἀνδρίας,
2674 923 2787 977 τὴν
2825 920 3012 973 πόλιν
3050 923 3220 992 ὑμῶν
3255 922 3376 975 ἀπὸ
3417 922 3605 994 ζυγοῦ
3654 933 3740 976 τοῦ
3775 947 3838 977 τν-

2340 1006 2573 1078 ράννου
2608 998 3055 1062 διασωθεῖσαν
3081 1010 3515 1086 ἠλευθέρωσα.
3536 1012 3659 1066 Ἔτι
3677 1018 3839 1085 uiuat

2342 1097 2451 1151 τὴν
2484 1095 2846 1167 σύγκλητον
2875 1102 3117 1151 καὶτὸν
3149 1090 3353 1173 δῆμον
3384 1098 3683 1174 Ῥωμαίων
3707 1112 3757 1175 τῇ
3779 1104 3842 1178 ἆρ-

2340 1188 2510 1255 χαίᾳ
2569 1183 2949 1261 ἕπιφαντείᾳ
2999 1194 3109 1242 καὶ
3154 1188 3567 1265 λαμπρότητι
3601 1191 3840 1267 ἐλευθερώ-

2343 1291 2458 1334 σας
2496 1272 2907 1335 ἀποκατέστη
2926 1297 3022 1332 σα.
3054 1284 3159 1339 Τῆς
3185 1275 3243 1331 δὲ
3281 1279 3481 1352 Ῥώμης
3510 1280 3836 1355 ἐγκρατὲςγηθ-

2338 1365 2452 1425 νὼς,
2497 1371 2697 1435 πρῶτον
2728 1366 2950 1431 πάντων,
3009 1368 3074 1418 τὰ
3120 1376 3219 1418 τῶν
3259 1366 3426 1439 ἁγίων
3459 1368 3701 1439 συλλέγειν

2337 1448 2572 1521 λείψανα,
2619 1457 2708 1506 καὶ
2764 1455 2888 1527 ὁσία
2942 1452 3273 1528 παραδοῦναι
3303 1465 3443 1529 ταφῇ
3475 1472 3492 1487 ’
3542 1453 3646 1510 εἶτα
3688 1450 3832 1511 σπλε-

2338 1558 2449 1611 σμα
2504 1539 2659 1594 ἐτίθει
2709 1546 2831 1607 τοὺς
2891 1547 2939 1597 ἓν
2996 1542 3222 1617 ἐξορίαις
3280 1546 3667 1599 ἀνακαλεῖσθαι.
3710 1548 3836 1601 ἐτῑπι

2335 1624 2513 1701 δόγμα
2550 1630 2697 1703 ἐξῆγε
2733 1636 3083 1706 Χριστιανοὺς
3133 1640 3205 1707 μὴ
3267 1633 3579 1702 διώκεσθαι,
3622 1635 3842 1690 iamiam

570 1718 655 1790 pti
686 1727 1126 1779 revocarentur.
1183 1723 1452 1783 Edictum
1500 1728 1760 1800 denique
1793 1729 2125 1801 proposuit,
2160 1735 2224 1786 ut

2337 1723 2450 1779 τοὺς
2502 1719 2553 1771 ἐν
2601 1716 2839 1793 δεσμοῖς,
2888 1728 2979 1776 καὶ
3022 1732 3130 1785 τοῖς
3173 1721 3581 1797 δημοσιευθεωι
3620 1728 3701 1788 τὰς
3738 1726 3848 1785 οὖς-εις

577 1822 650 1861 ne
678 1807 816 1878 quis
864 1807 1227 1869 Christianos
1282 1823 1752 1888 persequeretur,
1805 1825 1867 1873 ut
1912 1817 2137 1889 captivi
2168 1823 2227 1874 et

572 1890 756 1953 vincti
819 1898 1206 1969 solverentur,
1260 1909 1323 1960 ut
1367 1902 1530 1962 bona
1592 1905 1896 1977 publicata
1946 1908 2226 1976 legitimis

572 1987 1023 2057 possessoribus
1046 1991 1170 2046 suis
1202 1993 1668 2050 restituerentur.
1691 1995 1912 2052 Adbtec
1938 1997 1997 2051 in
2019 1996 2228 2068 primis

572 2075 1187 2136 maturavitecclesias
1212 2082 1310 2136 Dei
1330 2087 1682 2153 restaurare,
1707 2100 1930 2156 easque
1960 2085 2228 2141 donariis

574 2178 865 2221 exornare
886 2184 898 2220 :
926 2167 1382 2226 simulacrorum
1398 2189 1539 2227 vero
1554 2189 1693 2228 aras
1723 2189 1793 2228 ex
1807 2172 1956 2245 ipsis
1978 2190 2226 2246 prorsus

574 2268 779 2309 eruere
813 2254 1241 2326 fundamentis,
1279 2264 1457 2332 atque
1502 2261 1627 2331 igni
1668 2261 2020 2319 comburere
2060 2280 2129 2320 ac
2179 2265 2229 2321 si

574 2358 729 2415 quos
748 2343 861 2399 illm
908 2340 1256 2405 habuissent
1285 2355 1634 2421 proventus,
1667 2368 1769 2408 eos
1810 2351 2031 2408 divinis
2090 2371 2229 2410 con-

575 2448 808 2488 secrare
836 2432 1093 2506 templis.
1128 2438 1268 2502 Quae
1298 2440 1503 2495 omnia
1555 2441 1705 2495 mira
1736 2438 2028 2498 celeritate
2089 2449 2231 2500 sunt

575 2520 871 2579 confecta.
925 2524 1078 2579 Totis
1108 2532 1308 2581 autem
1336 2535 1565 2599 septem
1602 2528 1818 2585 diebus
1861 2531 2070 2588 civitas
2120 2533 2230 2589 Ro-

578 2625 763 2666 mana
783 2610 1076 2669 celebrem
1103 2612 1183 2670 ob
1204 2616 1512 2672 victoriam
1527 2634 1663 2673 eam
1695 2619 1812 2690 egit
1841 2627 2225 2689 conventum,

579 2697 756 2753 simul
794 2705 852 2755 et
880 2708 1185 2759 auctorem
1232 2703 1388 2759 illius
1424 2707 1632 2774 Deum,
1676 2708 2228 2783 triumphalemque

577 2789 769 2842 crucis
786 2796 1177 2859 armaturam,
1194 2795 1545 2851 etvictorem
1560 2794 1759 2867 ipsum
1774 2799 2228 2855 Constantinum

575 2876 847 2944 laudans,
860 2877 1309 2954 honoribusque
1323 2880 1521 2954 dignis
1536 2900 1933 2959 prosequens.
1945 2890 2229 2960 Septimus

577 2967 704 3019 tum
736 2982 773 3021 a
802 2970 991 3023 morte
1036 2970 1223 3039 patris
1270 2972 1503 3043 imperii
1524 2974 1893 3030 Constantini
1939 2978 2231 3047 agebatur

2332 1807 2797 1863 ἀποκαθίστασθαι
2824 1828 2839 1845 ·
2872 1810 3112 1865 ἀνανεοῡν
3172 1809 3236 1866 δὲ
3281 1818 3375 1866 καὶ
3406 1816 3503 1875 τὰς
3559 1823 3643 1867 τοῦ
3677 1822 3778 1868 Θεοῦ
3807 1814 3853 1865 ἐι.

2333 1897 2557 1960 κλησίας
2604 1902 2744 1970 μάλα
2798 1898 3083 1954 ἐπέσπευδε
3117 1907 3207 1956 καὶ
3243 1909 3407 1975 τιμᾷν
3438 1902 3758 1976 ἀναθήμασί·
3781 1910 3856 1963 τοὺς

2336 1982 2396 2039 δε
2445 1994 2545 2039 τῶν
2593 1985 2816 2041 εἰδώλων
2864 1984 3077 2062 βωμοὺς
3118 1991 3172 2054 ἐξ
3198 1992 3371 2044 αὐτῶν
3426 1991 3742 2044 ἀνασπᾶσθαι
3779 2012 3858 2066 25.1:-

2334 2073 2524 2144 πίδων,
2578 2082 2669 2130 καὶ
2716 2085 2843 2151 πυρὶ
2911 2080 3348 2153 καταφλέγεσθαι.
3402 2081 3549 2135 Ὀσα
3610 2078 3655 2134 δ’
3721 2082 3859 2141 ἐκείνοις

2337 2160 2472 2223 ἦσαν
2525 2169 2573 2219 ἑν
2624 2165 2931 2241 προσόδοις,
2986 2175 3095 2231 τοῖς
3160 2171 3317 2233 θείοις
3379 2169 3711 2244 ἀφιεροῦσθαι
3753 2179 3861 2231 ναοῖς.

2337 2252 2403 2310 Α⁴
2454 2260 2543 2308 καὶ
2575 2258 2757 2309 θᾶττον
2811 2261 2841 2316 ἧ
2896 2257 3049 2330 λόγος
3085 2259 3283 2316 ἠνύετο.
3319 2258 3493 2313 Ἐπτά
3534 2258 3584 2312 δ’
3611 2258 3679 2331 ἐρ’
3711 2261 3863 2333 ἡμέρας

2338 2347 2586 2399 ἐπινίκιον
2634 2349 2663 2404 ἡ
2705 2345 2851 2409 πόλις
2886 2342 2981 2417 ἦγε
3036 2351 3329 2420 πανήγυριν
3356 2365 3370 2378 ”
3436 2350 3549 2421 οἶμα
3703 2352 3772 2400 τὸν
3810 2357 3866 2404 τὶς

2335 2439 2484 2496 νίκης
2522 2438 2685 2486 αἴτιον
2725 2439 2853 2488 Θεὸν
2899 2440 2989 2489 καὶ
3029 2439 3089 2488 τό
3138 2440 3408 2489 νικοποιόν
3468 2438 3640 2507 ὅπλον,
3690 2438 3794 2509 ὁμοῦ
3833 2432 3867 2487 δε

2335 2526 2426 2574 καὶ
2482 2526 2568 2574 τὸν
2619 2523 2761 2585 ἄξιον
2824 2528 3041 2583 νικητὴν
3130 2530 3532 2579 Κωνσταντῖνον
3608 2532 3863 2601 γεραίρωσι,

2332 2608 2592 2685 *Εϐδομον
2657 2610 2707 2665 δ’
2788 2609 2849 2672 ἦν
2896 2614 3008 2675 ἔτος
3076 2622 3375 2671 τηνικαῦτα
3454 2624 3528 2689 τῷ
3578 2618 3867 2681 summa.

2334 2705 2465 2776 μετὰ
2516 2706 2601 2754 τόν
2645 2703 2860 2755 θάνατον
2916 2711 3008 2756 τοῦ
3057 2705 3249 2778 πατρὸς
3298 2712 3364 2778 τῇ
3420 2703 3567 2779 ἀρχῇ
3600 2723 3612 2735 ·
3665 2703 3870 2777 ἀποχρῶν

2333 2812 2430 2852 τως
2473 2792 2559 2844 οὖν
2602 2797 2985 2853 Κωνσταντὶνός
3035 2812 3089 2845 τε
3125 2799 3214 2845 καὶ
3269 2794 3295 2846 ὁ
3353 2794 3478 2865 μετ’
3528 2794 3678 2846 αὖτοῦ
3712 2798 3873 2850 Λικίνιος

2336 2880 2479 2933 οὔπω
2537 2886 2652 2933 τότε
2703 2880 2772 2941 εἰς
2812 2884 2903 2939 τὴν
2950 2884 3086 2934 κατά
3137 2890 3272 2935 Θεοῦ
3319 2881 3605 2958 ἐπιτραπεὶς
3637 2884 3871 2955 μηνίωνηέ

2337 2970 2511 3024 εἰκότα
2563 2978 2677 3042 Θεῷ
2727 2969 3047 3043 ἀναθέμενοι,
3104 2973 3256 3045 οἶμοω
3342 2974 3434 3025 ἐπὶ
3507 2979 3629 3046 μιᾶς
3684 2972 3864 3044 705m

577 3068 793 3111 annus.
836 3052 1013 3129 486
1055 3060 1119 3113 Et
1170 3076 1309 3116 cum
1338 3060 1432 3117 ille
1501 3078 1623 3119 una
1675 3079 1813 3120 cum
1848 3065 2089 3133 Licinio,
2126 3068 2229 3140 qui

2337 3066 2571 3133 γνώμης,
2637 3060 2763 3134 ὑπὲρ
2836 3061 2976 3133 ἡμῶν
3029 3065 3180 3134 νόμον
3248 3062 3513 3136 ἔγγραφον
3574 3059 3859 3135 διαρκέπτὴ

577 3136 852 3199 nondum
878 3146 1138 3203 insanire
1159 3148 1337 3221 atque
1368 3149 1559 3207 furere
1599 3158 1806 3210 contra
1828 3156 2014 3210 Deum
2040 3173 2233 3228 cmpe-

574 3237 687 3297 rat,
729 3230 999 3290 debitum
1029 3236 1147 3291 Deo
1177 3236 1548 3308 praestitisset
1586 3241 1832 3308 cultum,
1875 3242 2057 3300 ambo
2088 3261 2233 3301 con-

577 3318 967 3377 sentientibus
983 3326 1292 3381 sententiis
1306 3328 1787 3385 constitutionem
1815 3333 2107 3402 Optimam
2123 3351 2230 3407 pro

577 3410 926 3467 Christianis
954 3411 1211 3469 edidere.
1246 3415 1532 3474 Prmterea
1557 3433 1692 3490 quae
1723 3436 1759 3475 a
1791 3423 1907 3475 Deo
1936 3422 1990 3477 ei
2019 3428 2232 3494 prteter

578 3514 749 3572 spem
774 3505 830 3555 et
853 3501 1201 3572 opinionem
1224 3506 1499 3562 omnium
1530 3506 1889 3566 accidissent
1908 3526 2003 3565 res
2033 3512 2227 3568 miriﬁ-

574 3605 701 3655 cas,
730 3594 787 3644 et
811 3595 875 3645 ut
904 3588 1225 3647 Maxentius
1264 3592 1533 3651 devictus
1572 3602 1744 3661 esset,
1790 3603 1916 3654 tum
1942 3605 2145 3656 autem
2177 3608 2234 3658 et

576 3674 1058 3735 constitutionem
1072 3696 1207 3737 eam
1237 3680 1314 3738 ad
1336 3683 1718 3741 Maximinum
1745 3685 1998 3743 Orientis
2030 3694 2235 3761 tyran-

575 3781 744 3830 num,
774 3766 1100 3825 amicitiam
1152 3769 1351 3826 adhuc
1382 3788 1523 3843 erga
1552 3790 1650 3829 eos
1698 3792 1820 3845 prae
1844 3793 1907 3832 se
1926 3774 2229 3847 ferentem,

576 3850 775 3910 verbis
790 3856 1175 3927 amplissimis
1189 3861 1679 3932 perscripserunt.
1695 3862 1794 3919 Ille
1814 3881 1990 3936 porro
2006 3866 2228 3923 factum

576 3942 639 3997 id
668 3944 926 4012 graviter
960 3945 1175 4015 ferens,
1201 3952 1260 4003 ut
1289 3955 1414 4005 arte
1458 3948 1771 4023 quapiam,
1798 3969 1872 4008 ne
1905 3953 2018 4009 illis
2039 3956 2232 4012 obuo-

571 4031 708 4086 xius
745 4048 877 4087 esse
898 4034 1214 4101 videretur,
1248 4038 1533 4110 effugeret
1570 4043 1738 4110 (nam
1767 4042 2037 4099 edictum
2068 4046 2147 4101 ad
2166 4062 2230 4102 se

575 4120 832 4176 missum
862 4122 1123 4192 rejicere,
1151 4126 1315 4197 quod
1346 4126 1479 4182 illos
1510 4134 1571 4183 ut
1619 4131 1984 4200 potentiores
2012 4139 2068 4189 et
2098 4151 2227 4192 ma-

569 4209 732 4282 jores
758 4217 1063 4277 metueret,
1092 4228 1212 4268 non
1246 4214 1418 4271 facile
1444 4217 1496 4271 ei
1527 4219 1698 4287 erat),
1726 4219 2018 4290 quidnam
2046 4239 2226 4281 exco-

2339 3149 2650 3205 ἐκτιθέασιν.
2714 3150 2789 3203 Οὐ
2854 3156 2957 3223 μὴν
3008 3146 3067 3203 δὲ
3120 3149 3249 3203 ἀλλά
3321 3158 3418 3207 καὶ
3481 3158 3591 3205 τότε
3638 3154 3865 3224 γεγιπξιὲιι

2339 3246 2447 3312 Θεῷ
2506 3243 2711 3301 τούτοις
2761 3236 3059 3313 παράδοξα,
3112 3245 3204 3293 καὶ
3261 3242 3327 3302 ὡς
3382 3244 3591 3302 ἡττήθη
3650 3241 3870 3303 Maritum,

2339 3334 2416 3383 ἔτι
2455 3327 2515 3383 δὲ
2541 3334 2633 3382 καὶ
2674 3329 2830 3382 αὐτὸν
2872 3331 3058 3382 ἐκεῖνον
3104 3333 3193 3381 τόν
3246 3334 3429 3404 νόμον,
3462 3330 3729 3403 Malitia.in
3758 3337 3810 3398 τῷ
3828 3327 3872 3377 ἐπ’

2340 3418 2622 3481 Ἀνατολῆς
2691 3421 2922 3493 τυράννῳ
3000 3416 3075 3471 ἔτι
3137 3419 3308 3492 φιλίαν
3390 3423 3763 3495 ὑποκρινομένῳ
3818 3422 3872 3468 τὲ)

2340 3513 2470 3581 πρὸς
2511 3508 2723 3575 αὐτοὺς,
2770 3509 3113 3583 λαμπρότατα
3166 3505 3580 3580 διαπέμπονται.
3624 3509 3680 3561 Ὀ
3726 3510 3776 3561 δὲ
3812 3502 3874 3557 δει-

2340 3608 2438 3659 νῶς
2488 3602 2547 3651 τό
2593 3600 2831 3672 πραχθὲν
2882 3600 3117 3669 ἐνεγκὼν,
3144 3599 3244 3650 ὑπό
3300 3602 3467 3672 χεῖρά
3514 3619 3569 3652 τε
3627 3595 3747 3651 εἶναι
3778 3592 3874 3655 δοξιι

2340 3694 2501 3762 τέχνη
2674 3708 2775 3739 τινι
2813 3685 3046 3759 μάλιστα
3089 3680 3406 3760 διαφεύγων,
3469 3688 3812 3763 παραιτεῖσθαι
3842 3678 3874 3733 ξε

2341 3786 2431 3830 καὶ
2481 3782 2567 3830 τόν
2622 3778 2912 3849 πεμφθέντα
2967 3782 3120 3849 νόμον
3170 3786 3240 3848 τῷ
3275 3785 3374 3829 τῶν
3418 3778 3672 3850 μειζόνων
3717 3772 3800 3828 δέει
3832 3790 3871 3843 ξιτ

2342 3870 2570 3941 εὐχερῶς
2616 3865 2772 3937 ἔχων,
2828 3869 2880 3916 τί
2934 3861 3266 3933 διανοεῖται;
3309 3864 3641 3940 πλασάμενος
3680 3862 3807 3922 δέθεν
3832 3860 3873 3911 pg.

2338 3960 2485 4009 κόθεν
2539 3956 2864 4020 κεκινῆσθαι,
2915 3962 3024 4016 τοίς
3081 3956 3182 4007 ὑπὸ
3226 3961 3386 4028 χεῖρα
3435 3958 3566 4031 ὑπὲρ
3622 3958 3873 4030 Χριστιανὼ

2336 4049 2627 4121 γράμματα
2676 4042 3022 4116 διεχαραττεν
3054 4063 3067 4076 ⁸
3116 4044 3151 4096 οἱ
3194 4047 3385 4117 μήποτ’
3428 4046 3592 4108 αὐτὸς
3637 4045 3714 4117 ἀφ’
3745 4044 3871 4095 ﬁrmi

2340 4134 2677 4208 διεπράξατο.
2737 4136 2966 4205 Ἀπατᾲν
3023 4138 3083 4194 δὲ
3125 4140 3279 4192 αὑτὸν
3336 4137 3619 4210 ᾑρημένος,
3676 4126 3875 4205 ὶψιύδετε.

2336 4230 2403 4284 Ἀ
2433 4224 2483 4280 δ’
2523 4229 2756 4300 ἔγραφεν,
2787 4225 2921 4286 ἦσαν
2953 4238 3142 4285 ταῦτα.

578 4299 826 4368 gitavit?
862 4301 1172 4357 Simulavit
1210 4303 1430 4360 scilicet
1463 4311 1519 4361 et
1551 4306 1741 4374 ﬁnxit,
1789 4325 1852 4364 se
1892 4313 2143 4369 consilio
2191 4319 2435 4388 proprio
2492 4299 2743 4384 motum,
2797 4319 2873 4374 de
2900 4319 3247 4376 Christianis
3282 4316 3614 4388 benignius
3648 4309 3877 4371 statuisse

578 4393 636 4443 et
677 4389 756 4443 ad
800 4390 1057 4460 populos
1093 4392 1207 4447 sibi
1258 4393 1531 4450 subditos
1557 4411 1665 4467 pro
1696 4397 1780 4451 eis
1829 4397 2073 4464 litteras,
2114 4418 2210 4459 res
2246 4408 2569 4464 nonnullas
2613 4424 3100 4466 commemorans
3151 4424 3304 4481 quas
3347 4422 3668 4480 nunquam
3705 4400 3877 4459 fecerat,

578 4477 759 4533 dedit.
790 4478 996 4550 Itaque
1032 4480 1311 4538 consulto
1352 4484 1619 4555 seipsum
1676 4485 1892 4542 fallens
1925 4496 2105 4560 atque
2163 4493 2489 4567 decipiens,
2548 4499 2831 4555 mentitus
2868 4504 2979 4554 est.
3039 4477 3190 4564 Qum
3228 4501 3432 4554 autem
3476 4477 3726 4569 scripsit,
3762 4494 3878 4545 erat!l

578 4566 679 4638 huj
689 4568 945 4623 usmodi.

1175 4697 1400 4753 CAPUT
1451 4699 1633 4756 XXXI.

815 4890 1174 4949 Christianis
1206 4895 1402 4949 volens
1426 4898 1634 4952 nolens
1661 4899 1993 4967 proposuit.

641 4993 849 5052 Jovius
881 4997 1235 5054 Maximinus
1284 5001 1591 5073 Augustus
1626 5001 1873 5060 Sabino.
1917 5008 1979 5061 Et
2003 5002 2232 5062 fortitu-

574 5085 699 5141 dini
743 5089 877 5152 tum,
906 5091 962 5142 et
991 5085 1340 5144 hominibus
1368 5091 1655 5147 omnibus
1686 5098 1895 5149 notum
1928 5111 2079 5162 esse,
2107 5111 2232 5167 per-

571 5191 823 5230 suasum
846 5174 1066 5241 habeo,
1095 5177 1376 5234 dominos
1417 5187 1652 5237 nostros
1681 5188 1739 5237 et
1788 5189 2066 5255 parentes
2098 5185 2230 5241 Dio-

573 5261 897 5321 cletianum
944 5270 1001 5321 et
1040 5267 1399 5333 Maximium,
1455 5286 1593 5325 cum
1631 5268 1902 5327 viderent
1952 5271 2231 5330 mortales

570 5369 723 5425 pene
754 5371 986 5421 omnes,
1019 5356 1271 5413 deorum
1312 5358 1517 5415 relicto
1547 5358 1728 5426 cultu,
1754 5378 1817 5417 se
1867 5362 2233 5420 Christiano-

569 5455 703 5497 rum
735 5443 894 5513 genti
926 5442 1275 5516 adjungere,
1310 5454 1466 5504 recte
1489 5448 1889 5516 constituisse,
1927 5458 1990 5506 ut
2020 5469 2231 5507 omnes

574 5529 677 5597 qui
715 5545 749 5586 a
775 5531 1027 5589 deorum
1050 5532 1485 5593 immortalium
1499 5535 1783 5608 religione
1808 5537 2226 5606 descivissent,

2261 4707 2309 4762 D

575 4798 660 4856 De
696 4800 887 4857 edicto
925 4801 1247 4859 Maximini
1274 4804 1546 4876 Gallerii,
1576 4808 1736 4878 quod
1780 4806 1841 4864 in
1864 4810 2088 4880 scripto
2118 4826 2231 4883 pro
2284 4806 2287 4809 ’

2941 4718 3182 4768 ΚΕΦΑΛ.
3225 4712 3359 4771 ΛΑ’.

2343 4825 2493 4890 Περὶ
2532 4830 2646 4884 τῆς
2684 4820 3239 4873 ἑκουσιακουσίου
3278 4819 3431 4890 ὑπὲρ
3473 4816 3653 4889 ἡμῶν
3684 4814 3875 4889 “sui;

2431 4874 2441 4896 ⁸
2588 4874 2598 4880 Ι
2631 4874 2645 4884 ’
2674 4892 3039 4964 Μαξιμίνου
3078 4898 3188 4943 τοῦ
3229 4874 3614 4964 Γαλλὲρίόν.

2414 5022 2444 5054 (ι
2496 4998 2681 5062 Ἰόϐιος
2728 5001 3016 5072 Μαξιμίνος
3063 4996 3320 5059 Σεϐαστός
3374 4995 3599 5067 Σαϐίνῳ.
3649 5001 3736 5047 Καί
3779 5002 3875 5057 πατεῖ

2340 5100 2403 5163 τῇ
2464 5099 2529 5163 σῇ
2583 5090 2925 5165 στιϐαρότητι
2954 5092 3044 5140 καὶ
3090 5089 3235 5160 παρὰ
3270 5092 3432 5139 πᾶσιν
3464 5084 3742 5161 ἀνθρώποις
3779 5089 3874 5148 φατε·

2339 5184 2429 5257 ρόν
2481 5177 2608 5234 εἶναι
2646 5180 2900 5244 πέπονθα,
2942 5181 3061 5239 τοὺς
3098 5173 3362 5238 δεσπότας
3416 5178 3586 5248 ἡμῶν,
3631 5169 3870 5267 Διοκλπτῖν

2339 5275 2423 5323 νόν
2460 5276 2550 5323 καὶ
2604 5269 2928 5333 Μαξιμιανὸν
2980 5269 3097 5328 τούς
3148 5269 3424 5338 ἡμετέρους
3478 5268 3721 5337 πατέρας,
3769 5258 3868 5315 in“

2343 5357 2580 5413 συνεῖδον
2662 5356 2860 5430 σχεδὸν
2929 5357 3155 5416 ἅπαντας
3212 5354 3530 5429 ἀνθρώπους,
3594 5344 3868 5416 καταλειφξιν

2344 5469 2439 5510 an;
2489 5456 2580 5509 τῆς
2644 5456 2742 5500 τῶν
2809 5450 2930 5500 θεῶν
2990 5446 3289 5519 θρησκείας,
3336 5445 3405 5515 τῷ
3459 5442 3593 5495 ἔθνει
3641 5448 3729 5493 τῶν
3790 5439 3865 5503 ἷξε·

2346 5545 2566 5591 στιανῶν
2619 5536 2831 5599 ἑαυτοὺς
2886 5541 3281 5608 συμμεμικότας
3329 5532 3492 5609 ὀρθῶς
3539 5528 3856 5597 διατεταχέναι
