4028 6294
190 290 340 355 4217

1218 290 1796 356 ECCLESIASTICA'S‘
1835 297 2194 358 HISTORIA?
2235 294 2376 357 LIB.
2415 299 2536 359 VII.

3414 299 3558 362 1278

188 427 396 485 πάντας
446 418 764 497 ἀνθρώπους,
820 426 944 487 τοὺς
998 422 1100 478 ἀπὸ
1148 427 1244 487 τῆς
1294 433 1394 477 τῶν
1444 427 1568 478 θεῶν
1622 424 1782 478 αὐτῶν

1899 426 2256 483 coercitione
2292 431 2350 484 et
2377 425 2642 484 vindicta
2666 425 2909 500 publica
2934 427 3016 485 ad
3039 428 3391 487 eorumdem
3419 431 3559 488 deo-

187 522 297 566 τῶν
345 512 611 566 ἀθανάτων
679 514 963 588 θρησκείας
1007 512 1481 587 ἀναχωρήσαντας,
1539 510 1790 586 προδήλῳ

186 603 406 655 κολάσει
460 608 551 656 καὶ
606 607 834 677 τιμωρίᾳ
892 603 959 663 εἰς
1014 607 1109 661 τὴν
1167 605 1445 675 θρησκείαν
1510 610 1613 654 τῶν
1667 606 1789 655 θεῶν

188 690 566 750 ἀνακληθῆναι.
623 690 762 746 Ἀλλ’
800 694 878 745 ὅτε
932 694 1033 764 ἐγὼ
1083 695 1142 744 τὸ
1186 700 1388 763 πρῶτον
1438 692 1671 763 εὐτυχῶς
1723 690 1790 753 είς

187 786 287 839 τήν
341 781 621 839 Ἀνατολήν
669 801 1018 854 παρεγενμην,
1061 786 1151 833 καὶ
1201 783 1356 852 ἔγνων
1405 781 1476 842 εἰς
1517 786 1661 841 τίνας
1706 782 1789 834 τό·

182 890 325 933 πους
365 871 636 931 πλείστους
684 880 784 924 τῶν
838 871 1137 946 ἀνθρώπων,
1188 873 1256 923 τὰ
1294 867 1533 943 δημόσια
1585 870 1788 943 ὠφελεῖν

184 957 532 1032 δυναμένους,
580 962 682 1013 ὑπὸ
737 970 835 1012 τῶν
881 957 1151 1013 δικαστῶν
1196 957 1289 1013 διὰ
1339 964 1426 1018 τήν
1480 961 1788 1034 προειρημέ-

180 1070 279 1108 νην
323 1051 495 1102 αἰτίαν
543 1049 890 1125 ἐξορίζεσθαι,
931 1050 1134 1121 ἑκάστῳ
1186 1058 1284 1102 τῶν
1325 1046 1591 1102 δικαστῶν
1645 1049 1787 1101 ἕντο-

179 1138 279 1201 λάς
311 1132 542 1205 δέδωκα,
579 1142 715 1193 ὥστε
763 1137 966 1212 μηδένα
1005 1143 1200 1192 τούτων
1250 1146 1340 1192 τοῦ
1383 1139 1566 1192 λοιποῦ
1617 1159 1788 1212 προσ-

181 1230 434 1300 φέρεσθαι
488 1236 595 1289 τοῖς
650 1228 1012 1302 ἐπαρχιώταις
1067 1227 1272 1289 ἀπηνῶς
1319 1243 1334 1257 ⁸
1406 1226 1535 1280 ἀλλά
1595 1227 1786 1299 μᾶλλον

179 1315 431 1389 κολακείᾳ
502 1322 592 1370 καὶ
664 1325 928 1391 προτροπῇ
986 1322 1078 1376 τὴν
1140 1325 1240 1371 τῶν
1303 1320 1427 1370 θεῶν
1503 1318 1785 1390 θρησκείαν

178 1405 378 1467 αὐτοὺς
431 1406 721 1462 ἀνακαλεῖν.
770 1414 1067 1465 Τηνικαῦτα
1103 1404 1191 1459 οὖν
1243 1408 1325 1459 ὅτε
1371 1406 1666 1468 ἀκολούθως
1715 1412 1779 1478 τῇ

176 1494 415 1548 κελεύσει
468 1503 530 1569 τῇ
589 1496 685 1568 ἐμῇ
744 1498 844 1549 ὑπὸ
898 1504 999 1548 τῶν
1059 1493 1325 1549 δικαστῶν
1378 1495 1677 1568 ἐφυλάττετο
1717 1497 1784 1548 τὰ

175 1587 631 1657 προστεταγμένα,
688 1582 952 1639 συνέϐαινε
989 1582 1193 1659 μηδένα
1238 1583 1293 1637 ἐκ
1336 1594 1434 1637 τῶν
1487 1592 1578 1646 τῆς
1632 1585 1783 1639 Ἀνα-

177 1671 337 1734 τολῆς
400 1682 567 1747 μερῶν
625 1680 757 1747 μήτε
807 1675 1093 1750 ἐξόριστον,
1148 1680 1279 1747 μήτε
1336 1674 1640 1749 ἐξύϐριστον
1693 1693 1784 1746 γε-

175 1764 367 1814 νέσθαι
407 1783 420 1795 ·

178 1853 429 1923 γενέσθαι
461 1872 534 1919 τι,
591 1852 663 1916 εἰς
708 1858 802 1911 τήν
854 1862 956 1906 τῶν
996 1856 1120 1906 θεῶν
1173 1856 1454 1925 θρησκείαν
1506 1852 1784 1911 ἀνακεκλῆ.

177 1943 332 1992 σθαι.
400 1944 545 1995 Μετὰ
610 1938 668 1995 δε
717 1949 882 1995 ταῦτα
937 1943 1019 1995 ὅτε
1072 1949 1143 2013 τῷ
1207 1942 1510 2016 παρελθοντι
1566 1940 1783 2013 ἐνιαυτῷ

174 2030 419 2103 εὐτυχῶς
485 2030 669 2089 ἐπέϐην
724 2031 796 2094 εἰς
848 2038 941 2091 τὴν
989 2028 1369 2105 Νικομήδειαν,
1420 2029 1571 2083 κάκεῖ
1620 2028 1783 2084 διετέ-

170 2118 323 2185 λουν,
388 2124 725 2193 παρεγένοντο
781 2120 990 2174 πολῖται
1054 2130 1144 2182 τῆς
1199 2118 1361 2183 αὑτῆς
1419 2121 1612 2182 πόλεως
1652 2125 1786 2194 πρὸς

171 2230 243 2282 με
291 2209 400 2281 οἶμα
436 2211 567 2279 μετά
612 2218 712 2262 τῶν
771 2211 960 2273 ξοάνων
1010 2219 1110 2262 τῶν
1170 2212 1313 2281 θεῶν,
1370 2210 1615 2280 μειζόνως
1669 2207 1786 2262 δεό-

172 2319 345 2370 μενοι,
406 2300 488 2352 ἶνα
526 2304 682 2352 παντὶ
724 2304 899 2374 τρόπῳ
937 2302 995 2352 τὸ
1044 2307 1277 2352 τοιοῦτον
1330 2300 1472 2360 ἔθνος
1524 2295 1783 2373 μηδαμῶς

172 2388 506 2461 ἓπιτρέποιτο
555 2386 602 2439 ἐν
641 2396 702 2462 τῇ
756 2388 924 2441 αὐτῶν
984 2385 1208 2460 πατρίδι
1264 2388 1444 2443 οἰκεῖν.
1506 2387 1640 2442 Ἀλλ’
1699 2388 1783 2441 ὅτε

173 2480 339 2549 ἔγνων
383 2476 665 2539 πλείστους
703 2486 799 2539 τῆς
848 2478 1012 2539 αὐτῆς
1051 2480 1331 2551 θρησκείας
1379 2474 1576 2547 ἄνδρας
1615 2476 1664 2529 ἐν
1694 2477 1783 2529 αὐ·-

171 2573 290 2628 τοῖς
327 2572 435 2628 τοῖς
491 2569 700 2638 μέρεσιν
747 2566 924 2632 οἰκεῖν,
985 2567 1145 2627 οὕτως
1196 2567 1369 2627 αὐτοῖς
1417 2569 1513 2627 τὰς
1568 2564 1783 2639 ἀποκρί-

177 2675 292 2717 σεις
343 2653 630 2727 ἀπένειμον,
677 2656 756 2707 ὅτι
808 2663 870 2728 τῇ
932 2657 1021 2728 μὲν
1075 2654 1280 2713 αἰτήσει
1331 2655 1496 2706 αὐτῶν
1548 2653 1782 2726 ἀσμένως

176 2745 344 2820 χάριν
387 2745 618 2816 ἔσχηκα,
671 2743 778 2796 ἀλλ’
822 2745 882 2797 οὐ
934 2747 1078 2817 παρὰ
1121 2747 1323 2797 πάντων
1374 2751 1526 2795 τοῦτο
1575 2743 1780 2803 αἰτηθὲν

177 2841 437 2885 κατεῖκον.
471 2833 531 2886 Εἰ
568 2838 659 2905 μεν
688 2828 775 2885 οὖν
808 2853 937 2895 τινες
990 2835 1084 2885 εἶεν
1115 2841 1175 2905 τῇ
1235 2832 1398 2884 αὐτῶν
1449 2828 1781 2903 δεισιδαιμο-

179 2925 273 2994 νίᾳ
325 2918 668 2994 διαμένοντες,
746 2922 906 2983 οὕτως
974 2923 1060 2975 ἕνα
1133 2922 1349 2974 ἕκαστον
1412 2920 1460 2973 ἐν
1521 2930 1584 2994 τῇ
1666 2920 1781 2996 ἰδίᾳ

176 3015 481 3086 προαιρέσει
524 3016 618 3070 τὴν
664 3008 917 3084 βούλησιν
944 3013 1085 3083 ἔχειν
1114 3028 1128 3042 ·
1161 3014 1249 3063 καὶ
1279 3010 1323 3063 εἰ
1367 3008 1654 3082 βούλοιντο,
1686 3015 1778 3070 τὴν

1898 531 2035 571 rum
2091 512 2478 572 caremonias
2517 516 2709 572 redire
2748 522 3119 587 cogerentur.
3158 521 3557 592 Posteaquam

1897 620 2039 660 vero
2064 621 2175 675 ego
2202 604 2459 677 primum
2485 604 2729 660 feliciter
2753 610 2811 661 et
2832 607 3142 678 auspicato
3168 607 3228 663 in
3256 608 3557 665 Orientem

1897 693 2162 764 perveni,
2191 698 2372 765 atque
2393 694 2669 766 cognovi,
2698 695 2757 750 in
2783 710 2920 766 quae
2948 695 3079 751 loca
3102 712 3287 767 quam
3315 697 3557 768 plurimi

1896 781 2195 847 homines,
2254 783 2359 854 qui
2396 782 2740 854 reipublicae
2778 783 3085 839 commodi
3123 790 3180 839 et
3217 785 3388 840 utiles
3428 802 3557 842 esse

1895 870 2249 942 potuissent,
2274 887 2318 927 a
2339 870 2644 942 judicibus
2673 876 2731 927 et
2755 871 3068 944 prietectis,
3098 873 3178 929 ob
3207 889 3343 930 eam
3368 891 3556 947 quam

1896 959 2021 1014 dixi
2047 975 2318 1026 causam,
2358 960 2420 1016 in
2450 960 2726 1028 exsilium
2765 960 2881 1017 acti
2910 960 3161 1017 fuissent
3202 979 3214 1017 :
3252 962 3557 1033 judicibus

1896 1048 1980 1103 eis
1998 1048 2282 1104 omnibus
2304 1048 2610 1115 mandavi,
2629 1065 2705 1104 ne
2725 1050 3050 1122 quisquam
3071 1066 3280 1107 eorum
3304 1053 3555 1123 posthac

1895 1135 2198 1192 crudelius
2236 1136 2573 1209 quidquam
2603 1137 2679 1193 de
2728 1138 3197 1209 provincialibus
3249 1145 3555 1206 statueret,

1895 1226 2001 1280 sed
2030 1226 2233 1298 potius
2270 1225 2584 1282 blandiore
2612 1227 3021 1283 cohortatione
3052 1243 3156 1284 eos
3193 1228 3271 1285 ad
3303 1229 3556 1285 deorum

1896 1328 2070 1371 sacra
2116 1319 2442 1371 revocaret.
2490 1317 2865 1388 Quapropter
2912 1330 3049 1373 cum
3092 1317 3175 1374 ita
3212 1318 3449 1389 judices
3493 1325 3558 1374 ut

1892 1416 2003 1476 par
2053 1408 2198 1469 erat,
2249 1404 2438 1475 jussis
2491 1404 2643 1459 meis
2688 1404 3187 1477 obsequerentur,
3230 1407 3446 1473 evenit,
3494 1413 3558 1463 ut

1890 1507 2072 1549 nemo
2102 1508 2349 1564 prorsus
2392 1493 2453 1548 in
2493 1493 2892 1549 Orientalibus
2930 1494 3202 1566 partibus
3243 1495 3416 1568 487
3464 1497 3557 1553 vel

1890 1589 1953 1645 in
2001 1581 2276 1638 exsilium
2317 1582 2664 1648 mitteretur,
2723 1582 2817 1638 vel
2853 1583 3076 1654 injuria
3116 1587 3299 1657 atque
3345 1588 3560 1640 contu-

1890 1670 2067 1728 melia
2108 1670 2463 1727 afﬁceretur.
2501 1674 2568 1727 Et
2596 1670 2885 1743 plerique,
2916 1673 3084 1744 quod
3122 1673 3270 1729 nihil
3309 1672 3556 1743 gravius

464 1762 591 1816 ἀλλά
628 1762 818 1835 μᾶλλον
864 1764 920 1816 ἐκ
956 1770 1049 1817 τοῦ
1091 1768 1163 1837 μὴ
1210 1762 1405 1837 βαρέως
1452 1765 1565 1816 κατ’
1614 1763 1782 1815 αὐτῶν

1891 1760 2225 1832 duriusque
2264 1761 2326 1815 in
2364 1775 2467 1816 eos
2497 1761 2976 1832 constitueretur,
3012 1761 3090 1819 ad
3128 1762 3383 1819 deorum
3420 1763 3558 1819 reli-

1892 1849 2130 1920 gionem
2177 1849 2428 1905 rediere.
2465 1851 2674 1905 Postea
2714 1862 2853 1905 vero
2894 1864 3035 1906 cum
3075 1865 3236 1906 anno
3279 1852 3555 1924 proximo

1890 1937 2301 1995 Nicomediam
2340 1937 2583 1994 feliciter
2609 1938 2916 2009 ingressus
2944 1950 3160 2005 essem,
3197 1939 3401 2013 ibique
3433 1955 3555 1996 mae-

1890 2038 2118 2093 nerem,
2142 2033 2434 2082 venerunt
2463 2027 2542 2083 ad
2575 2041 2671 2083 me
2701 2028 2832 2098 ejus
2865 2028 3032 2085 urbis
3058 2029 3216 2084 cives
3248 2045 3384 2085 cum
3416 2030 3556 2087 deo-

1890 2126 2028 2172 rum
2077 2114 2435 2181 simulacris,
2487 2120 2545 2171 et
2592 2131 2688 2172 me
2736 2130 3105 2190 magnopere
3141 2124 3448 2188 rogarunt,
3491 2121 3557 2174 ut

1891 2204 2090 2260 modis
2139 2204 2422 2261 omnibus
2468 2220 2766 2271 curarem,
2812 2222 2887 2262 ne
2936 2209 3097 2276 genti
3146 2208 3196 2262 ei
3246 2207 3306 2263 in
3364 2208 3557 2280 patria

1892 2308 2103 2349 eorum
2140 2293 2512 2351 domicilium
2554 2294 2777 2350 habere
2819 2296 3274 2366 permitteretur.
3327 2297 3554 2362 Quibus

1890 2382 2200 2454 respondi,
2233 2399 2331 2438 me
2359 2383 2609 2455 quidem
2647 2397 2855 2440 eorum
2888 2383 3156 2456 petitioni
3192 2384 3556 2456 perlibenter

1892 2471 2213 2543 gratiﬁcari
2257 2471 2432 2539 velle,
2483 2472 2590 2529 sed
2635 2487 2759 2528 non
2803 2472 2882 2529 ab
2929 2473 3215 2529 omnibus
3264 2490 3335 2530 ex
3376 2490 3554 2546 aequo

1890 2576 2099 2634 preces
2136 2576 2238 2617 eas
2277 2560 2436 2633 apud
2471 2576 2568 2616 me
2605 2562 2753 2617 ﬁeri.
2788 2562 2961 2627 Quod
2992 2561 3043 2617 si
3089 2563 3192 2633 qui
3247 2563 3309 2618 in
3349 2579 3553 2635 super-

1892 2649 2127 2705 stitione
2183 2664 2391 2705 eorum
2417 2655 2884 2722 perseverarent.
2916 2650 3174 2707 liberum
3205 2650 3266 2707 id
3324 2653 3406 2707 eis
3443 2667 3553 2723 pro

1890 2739 2365 2811 uniuscujusque
2404 2739 2648 2795 arbitrio
2687 2744 2743 2796 et
2780 2739 3084 2796 voluntate
3125 2756 3258 2797 esse
3299 2758 3313 2797 :
3357 2756 3553 2813 neque

1890 2830 2093 2884 tamen
2116 2843 2239 2893 eos,
2267 2827 2317 2882 si
2342 2828 2420 2883 ad
2445 2828 2696 2884 deorum
2724 2828 3077 2898 religionem
3101 2830 3552 2900 agnoscendam

1889 2916 2082 2973 redire
2130 2915 2370 2986 vellent,
2417 2916 2744 2988 prohiberi.
2801 2912 2914 2974 Sed
2965 2918 3124 2973 enim
3180 2922 3236 2973 et
3286 2920 3554 2974 Nicome-

1889 3005 2201 3062 diensibus
2231 3008 2287 3061 et
2316 3005 2569 3063 aliarum
2598 3006 2840 3062 urbium
2870 3006 3125 3073 civibus,
3157 3023 3295 3079 quas
3320 3011 3378 3063 et
3406 3008 3553 3079 ipsa:

172 3108 280 3153 τῶν
344 3103 465 3154 θεῶν
515 3103 797 3175 θρησκείαν
856 3103 1234 3171 ἐπιγινώσκειν.
1299 3098 1479 3172 Ὀμως
1531 3104 1621 3152 καὶ
1670 3108 1780 3164 τοῖς

1890 3095 2169 3152 eamdem
2198 3095 2566 3165 petitionem,
2594 3095 2866 3151 videlicet
2908 3100 2971 3151 ut
3000 3110 3076 3152 ne
3113 3097 3250 3168 quis
3281 3096 3555 3153 Christia-

172 3198 278 3250 τῆς
340 3190 500 3250 αὐτῆς
560 3190 753 3251 πόλεως
807 3187 1195 3262 Νικομηδεῦσι,
1255 3192 1343 3241 καὶ
1396 3196 1511 3251 ταῖς
1572 3187 1779 3253 λοιπαῖς

169 3278 409 3346 πόλεσιν,
466 3277 520 3331 αἱ
556 3283 647 3331 καὶ
679 3284 835 3333 αὑταὶ
866 3280 933 3341 εἰς
978 3287 1228 3332 τοσοῦτον
1271 3283 1365 3337 τὴν
1415 3279 1597 3351 ὁμοίαν
1627 3282 1777 3338 α’ίτη-

172 3387 266 3421 σιν
319 3364 790 3440 περισπουδάστως
847 3372 975 3441 πρός
1020 3388 1083 3441 με
1120 3371 1460 3431 πεποιήκασι,
1515 3362 1777 3436 δηλονότι,

173 3458 267 3510 ἳνα
314 3452 502 3529 μηδεὶς
567 3465 664 3509 τῶν
718 3465 1045 3529 Χριστιανῶν
1102 3462 1218 3518 ταῖς
1269 3456 1477 3508 πόλεσιν
1530 3457 1773 3525 ἓνοικοίη,

1496 3561 1509 3574 ⁸
1575 3546 1655 3597 ὅτι
1707 3544 1774 3605 δὴ

174 3637 310 3687 αὐτὸ
356 3641 507 3687 τοῦτο
536 3639 626 3687 καὶ
652 3637 700 3687 οἱ
748 3634 969 3708 ἀρχαῖοι
1017 3634 1388 3707 αὐτοκράτορες
1441 3635 1622 3695 πάντες
1674 3631 1781 3688 διε-

172 3545 410 3627 ἆνάγκην
466 3547 627 3617 ἑσχον
691 3546 982 3619 προσφιλῶς
1050 3544 1436 3619 ἀποκρίνάσθαι

177 3722 410 3797 φύλαξαν
440 3743 453 3754 ·
494 3727 581 3777 καὶ
634 3724 807 3785 αὐτοῖς
851 3732 961 3786 τοῖς
1017 3726 1150 3785 θεοῖς
1197 3719 1269 3775 δι’
1320 3722 1409 3784 οὓς
1459 3725 1644 3785 πάντες
1692 3724 1780 3775 άν-

179 3813 382 3886 θρωποι
432 3817 521 3865 καὶ
570 3813 700 3870 αὕτη
750 3815 780 3871 ἠ
834 3820 930 3863 τῶν
989 3809 1261 3884 δημοσίων
1314 3810 1582 3874 διοίκησις
1638 3817 1780 3865 συνί-

180 3907 391 3965 σταταῐ,
424 3903 625 3975 ἤρεσεν,
666 3903 799 3954 ὥστε
837 3905 931 3959 τὴν
993 3904 1251 3959 τοσαύτην
1301 3904 1512 3959 αἴτησιν
1546 3899 1605 3959 ἣν
1652 3900 1777 3975 ὑπὲρ

179 3992 459 4063 θρησκείας
520 3996 611 4042 τοῦ
672 3991 811 4042 θείου
869 3989 1036 4041 αὐτῶν
1096 3988 1408 4064 ἀναφέρουσι
1484 3988 1779 4062 βεϐαιῶσαί

174 4098 262 4153 με.
312 4085 600 4152 Τοιγαροῦν
644 4079 687 4131 εἰ
729 4083 819 4131 καὶ
846 4081 912 4131 τὰ
956 4077 1189 4149 μάλιστα
1247 4085 1307 4150 τῇ
1344 4086 1409 4151 σῇ
1462 4081 1779 4132 καθοσιώσει

173 4171 280 4243 πρὸ
325 4170 511 4219 τούτου
542 4174 632 4219 τοῦ
679 4172 876 4241 χρόνου
937 4162 1030 4219 διά
1076 4170 1395 4239 γραμμάτων
1449 4166 1776 4233 ἐπέσταλται,

175 4260 270 4309 καὶ
336 4252 408 4309 δι’
462 4256 672 4308 ἐντολῶν
730 4256 917 4328 ὁμοίως
978 4256 1330 4321 κεκέλευσται,
1383 4256 1464 4308 ἵνα
1513 4262 1585 4329 μὴ
1645 4261 1780 4311 κατά

170 4365 276 4396 των
325 4342 672 4418 ἐπαρχιωτῶν
742 4350 841 4396 τῶν
905 4346 964 4397 τὸ
1022 4351 1251 4397 τοιοῦτον
1327 4345 1466 4407 ἔθνος
1538 4342 1776 4417 ἒπιμελη-

1888 3198 2107 3241 norum
2147 3184 2413 3240 civitates
2451 3184 2757 3251 incoleret,
2799 3198 3024 3255 magno
3074 3185 3273 3241 studio
3319 3191 3377 3242 et
3415 3199 3554 3241 con-

1888 3273 2151 3331 tentione
2163 3273 2327 3345 apud
2348 3286 2445 3327 me
2464 3272 2901 3344 interposuere,
2915 3273 3267 3329 necessitate
3283 3274 3551 3345 quadam

1888 3361 2149 3432 benigne
2177 3361 2481 3433 respondi,
2516 3377 2613 3417 me
2642 3376 2906 3435 quoque,
2940 3363 3231 3434 quoniam
3260 3362 3324 3419 id
3352 3363 3553 3433 ipsum

1889 3453 2070 3507 etiam
2120 3451 2351 3523 antiqui
2393 3451 2783 3523 imperatores
2835 3466 3048 3507 omnes
3106 3456 3468 3518 servassent,
3497 3456 3556 3507 et

1888 3540 2000 3596 diis
2026 3540 2190 3612 ipsis,
2234 3554 2340 3611 per
2368 3554 2520 3612 quos
2555 3555 2768 3595 omnes
2809 3540 3086 3596 homines
3127 3555 3261 3596 cum
3293 3541 3426 3612 ipsa
3463 3556 3553 3595 re-

1887 3628 2404 3699 rumpublicarum
2437 3628 2871 3697 gubernatione
2905 3629 3247 3691 constituat.
3290 3629 3553 3701 placuis-

1888 3711 1994 3782 set,
2025 3716 2371 3788 petitionem
2411 3717 2732 3787 ejusmodi,
2765 3732 2903 3789 quas
2944 3716 3019 3772 de
3062 3717 3407 3772 divinorum
3445 3732 3553 3774 nu-

1887 3806 2121 3862 minum
2165 3805 2327 3861 cultu
2357 3820 2602 3862 causam
2635 3806 2708 3861 ad
2740 3821 2837 3861 me
2866 3806 3130 3868 referret.
3163 3807 3548 3862 conﬁrmare.

1886 3890 2141 3952 Proinde
2167 3895 2400 3951 etiamsi
2422 3895 2679 3951 antehac
2699 3894 2999 3951 devotioni
3028 3900 3142 3951 tuas
3169 3896 3552 3968 potissimum

1886 4000 1993 4059 per
2027 3983 2250 4040 litteras
2294 3984 2718 4053 signiﬁcatum,
2750 3989 2807 4039 et
2854 3998 2962 4055 per
2987 3984 3294 4054 jussiones
3344 3984 3551 4039 itidem

1886 4073 2246 4130 mandatum
2297 4079 2409 4137 est,
2466 4081 2531 4130 ut
2575 4088 2650 4128 ne
2698 4073 2847 4145 quid
2894 4089 3033 4128 cum
3076 4072 3548 4145 provincialibus

1886 4162 2165 4236 pratfecti,
2195 4162 2416 4235 quibus
2449 4165 2535 4218 tot
2565 4166 2988 4233 tantorumque
3014 4162 3375 4234 populorum
3404 4177 3551 4217 cura

1888 4256 1977 4308 est
2001 4252 2292 4323 injuncta,
2332 4250 2519 4307 dirius
2550 4252 2888 4307 severiusve
2915 4256 3118 4321 agant,
3145 4250 3253 4306 sed
3282 4251 3547 4306 clemen-

1889 4342 1992 4411 ter,
2023 4345 2329 4397 moderate
2359 4344 2416 4397 et
2440 4340 2730 4411 patienter
2754 4356 2855 4396 eos
2882 4339 3075 4396 ferant
3107 4355 3120 4394 :
3150 4355 3313 4395 nunc
3347 4345 3547 4395 tamen

176 4434 361 4487 θέντων
390 4430 704 4505 διαφυλάξαι
755 4430 922 4506 μηδὲν
973 4437 1233 4507 τραχέως,
1286 4430 1413 4485 ἀλλά
1472 4432 1781 4496 ἀνεξικάκως

1890 4430 2089 4486 visum
2116 4445 2361 4502 quoque
2394 4434 2482 4485 est
2526 4429 2750 4501 scripto
2789 4428 2902 4485 isto
2932 4429 3342 4485 fortitudinem
3382 4434 3550 4483 tuam

173 4526 270 4574 καὶ
333 4526 641 4597 συμμέτρως
701 4526 1161 4594 συμπεριφέροιντο
1217 4522 1395 4584 αὐτοῖς
1436 4539 1450 4555 ⁸
1507 4523 1647 4594 ὅμως
1700 4526 1782 4576 ἵνα

176 4616 312 4684 μήτε
368 4610 468 4662 ὑπὸ
523 4618 622 4662 τῶν
678 4608 1080 4683 βενεφικιαλίων,
1142 4615 1274 4683 μήτε
1323 4610 1409 4662 ὑπ’
1466 4610 1630 4663 ἄλλων
1680 4620 1781 4670 τῶν

175 4704 448 4771 τυχόντων
477 4697 647 4773 ὕϐρεις
694 4705 824 4772 μήτε
867 4704 1118 4771 σεισμοὺς
1170 4701 1473 4771 ὑπομένοιεν
1509 4719 1522 4733 ο
1569 4699 1783 4753 ἀκόλου-

181 4791 268 4841 θον
299 4791 516 4861 ἐνόμισα
562 4794 651 4841 καὶ
696 4791 899 4851 τούτοις
950 4795 1059 4850 τοῖς
1095 4791 1376 4863 γράμμασι
1404 4795 1496 4847 τὴν
1525 4794 1622 4849 σὴν
1672 4809 1782 4843 στι-

179 4877 447 4951 ϐαρὸτητα
507 4879 811 4950 ὑπομνῆσαι
868 4894 881 4906 ⁸
942 4879 1081 4940 ὅπως
1160 4883 1251 4929 καὶ
1319 4885 1434 4939 ταῖς
1490 4877 1781 4940 κολακείαις

177 4971 269 5018 καὶ
315 4974 431 5028 ταῖς
487 4974 811 5040 προτροπαῖς
874 4965 1065 5038 μᾶλλον
1122 4970 1216 5024 την
1268 4973 1368 5017 τῶν
1425 4967 1547 5018 θεῶν
1608 4971 1783 5039 ἐπιμέ-

176 5054 317 5107 λειαν
373 5058 496 5115 τοὺς
552 5057 828 5130 ἡμετέρους
889 5053 1223 5128 ἓπαρχιώτας
1296 5059 1563 5116 ποιήσειας
1616 5054 1783 5127 ἐπιγι-

178 5150 415 5200 νώσκειν.
446 5142 599 5198 Ὀθεν
646 5147 690 5196 εἶ
732 5164 807 5204 τις
856 5151 917 5216 τῇ
972 5148 1138 5195 αὐτοῦ
1184 5147 1484 5218 προαιρέσει
1529 5147 1623 5203 τήν
1659 5147 1782 5217 θρη-

182 5237 359 5285 σκείαν
431 5240 533 5285 τῶν
610 5235 732 5285 θεῶν
801 5231 1151 5304 ἒπιγνωστέαν
1218 5232 1530 5307 προσλάϐοι,
1601 5241 1781 5287 τοῦτον

180 5318 536 5385 ὑποδέξασθαι
578 5327 852 5394 προσήκει.
887 5320 947 5374 Εἰ
992 5318 1050 5373 δέ
1080 5340 1212 5382 τινες
1256 5329 1316 5394 τῇ
1374 5319 1488 5393 ἰδίᾳ
1528 5324 1783 5395 θρησκείᾳ

180 5408 475 5463 ἀκολουθεῖν
524 5408 818 5482 βούλοιντο,
866 5412 915 5462 ἓν
954 5418 1016 5483 τῇ
1069 5408 1233 5462 αὐτῶν
1285 5409 1497 5483 ἐξουσίᾳ
1545 5411 1780 5464 καταλεί-

175 5518 308 5552 πειν.
342 5502 525 5574 Διόπερ
572 5500 600 5557 ἡ
639 5504 704 5558 σὴ
748 5498 1065 5559 καθοσίωσις
1094 5503 1153 5551 τὸ
1207 5498 1482 5571 ἐπιτραπέν
1533 5518 1617 5552 σοι
1663 5496 1780 5553 δια-

177 5587 444 5660 φυλάττειν
493 5582 700 5660 ὁφείλει,
761 5588 856 5640 κᾶν
909 5582 1098 5660 μηδενὶ
1156 5586 1365 5650 ἐξουσία
1417 5585 1547 5662 δοθῇ
1589 5604 1603 5618 ·
1643 5591 1778 5643 ὥστε

1892 4519 2241 4588 admonere,
2267 4522 2328 4573 ut
2353 4517 2434 4573 illi
2462 4533 2656 4590 neque
2682 4534 2719 4573 a
2741 4517 3224 4586 beneﬁcialibus,
3241 4532 3438 4588 neque
3469 4516 3548 4571 ab

1891 4607 2022 4663 aliis
2068 4607 2531 4679 quibuscunque
2563 4606 2793 4677 injuriis
2841 4605 3199 4670 afﬁciantur,
3237 4611 3547 4669 vexentur,

1892 4697 2285 4762 excutiantur,
2318 4694 2422 4750 sed
2468 4694 2669 4766 potius
2719 4698 2785 4749 ut
2828 4695 3114 4750 humanis
3150 4693 3548 4763 benignisque

1892 4783 2405 4841 exhortationibus
2417 4784 2668 4839 deorum
2682 4799 2891 4839 curam
2907 4788 2965 4839 et
2976 4784 3202 4838 cultum
3219 4797 3549 4852 agnoscere

1890 4872 2389 4947 persuadeantur.
2414 4876 2617 4944 itaque
2640 4872 2687 4927 si
2709 4872 2845 4943 quis
2864 4871 3096 4944 judicio
3118 4872 3247 4943 ipse
3277 4886 3389 4925 suo
3410 4869 3550 4925 deo-

1890 4980 2025 5020 rum
2058 4962 2409 5033 religionem
2439 4960 2888 5033 suscipiendam
2922 4960 3178 5029 duxerit,
3212 4975 3350 5015 eum
3382 4975 3543 5014 com-

1890 5052 2068 5124 plecti
2109 5051 2281 5108 decet
2315 5066 2328 5106 :
2361 5052 2410 5106 si
2437 5054 2541 5124 qui
2570 5066 2712 5105 vero
2743 5049 3128 5106 caeremonias
3168 5065 3312 5104 suas
3343 5047 3547 5119 sejun-

1890 5143 2033 5198 ctim
2104 5141 2273 5213 sequi
2341 5140 2593 5201 malunt.
2666 5138 2911 5195 arbitrio
2967 5138 3369 5210 potestatique
3424 5151 3546 5191 suae

1891 5229 2266 5303 relinquendi
2308 5233 2464 5284 sunt.
2520 5227 2699 5300 488
2747 5227 2919 5283 Dabit
2967 5242 3109 5296 ergo
3161 5224 3401 5281 devotio
3444 5231 3547 5279 tua

1890 5335 2161 5392 operam,
2193 5322 2258 5375 ut
2298 5316 2466 5390 quod
2510 5318 2868 5372 mandatum
2914 5317 2965 5371 ei
3011 5320 3119 5382 est,
3157 5319 3444 5378 servetur,
3491 5318 3549 5369 et

1891 5412 1955 5465 ut
1992 5408 2215 5465 nemini
2241 5408 2487 5479 posthac
2517 5405 2976 5477 provincialium
3003 5410 3347 5460 nostrorum
3389 5419 3426 5458 a
3457 5419 3546 5457 re-

1886 5497 2108 5569 ligione
2155 5512 2266 5553 sua
2317 5496 2794 5553 revocandorum
2843 5494 3093 5550 facultas
3142 5492 3537 5565 permittatur.

1890 5590 2068 5645 Porro
2090 5590 2152 5644 ut
2172 5586 2344 5658 jussa
2368 5584 2496 5641 haec
2527 5590 2733 5642 nostra
2757 5583 2837 5641 ad
2862 5583 3138 5641 notitiam
3160 5581 3541 5637 subditorum
