4028 6294
625 267 652 325 1
661 266 769 325 279

1906 266 2293 325 NICEPHORI
2336 267 2661 325 CALLISTI

3743 278 3836 335 uno

610 400 957 452 nostrorum
996 391 1367 467 perveniant,
1409 393 1836 452 constitutione
1864 409 1903 453 a
1931 398 1988 452 te
2017 393 2228 468 public.

2323 396 2489 457 L700;
2566 398 2845 469 ἡμετέρους
2936 394 3272 471 ἕπαρχιώτας
3342 401 3575 471 προσήκει
3637 397 3837 457 ἀνακαλεῖν.

611 490 707 543 tus
737 484 1047 559 proposita
1071 499 1281 541 curare
1306 483 1577 540 debebis.

1196 773 1421 828 CAPUT
1462 772 1664 828 XXXII.

606 872 682 927 De
706 871 1004 942 praecipiti
1020 871 1411 940 perversitate
1433 875 1486 926 et
1514 877 1676 925 motu
1700 869 2025 927 Maximini
2047 875 2260 926 contra

1040 942 1487 999 Constantinum
1516 942 1829 1010 Magnum.

677 1102 811 1156 Haec
867 1117 1006 1156 cum
1061 1101 1145 1156 ita
1200 1117 1324 1157 non
1378 1116 1450 1156 ex
1504 1100 1817 1168 sententia,
1873 1099 1978 1156 sed
2033 1115 2258 1170 magna

600 1189 949 1246 necessitate
978 1190 1276 1246 adductus
1306 1189 1671 1255 mandasset,
1701 1189 1946 1246 minime
1976 1190 2141 1246 visus
2167 1193 2257 1245 est

598 1293 741 1335 vera
767 1280 986 1345 dicere,
1016 1280 1102 1335 eis
1132 1280 1239 1351 qui
1267 1279 1330 1334 in
1361 1280 1580 1335 animis
1612 1279 1735 1334 suis
1767 1279 2250 1345 considerabant,

599 1368 783 1439 paulo
805 1384 943 1423 eum
970 1373 1107 1423 ante
1127 1383 1234 1439 per
1249 1367 1459 1437 judicii
1486 1367 1578 1422 sui
1594 1367 2253 1436 inconstantiamlonge

596 1456 715 1512 alia
746 1472 817 1512 ac
845 1457 1083 1512 diversa
1113 1457 1508 1512 constituisse.
1540 1458 1915 1528 Quapropter
1938 1472 2118 1512 nemo
2148 1472 2251 1527 pu-

591 1545 746 1601 blice
787 1551 1113 1602 conventus
1144 1560 1374 1616 cogere,
1408 1561 1587 1601 nemo
1617 1544 1801 1600 libere
1827 1560 1964 1616 qua;
2001 1545 2253 1614 legitim-

589 1633 784 1690 cultus
810 1636 995 1689 nostri
1030 1639 1168 1690 sunt
1205 1648 1490 1705 peragere
1525 1632 1807 1689 audebat.
1838 1636 2040 1705 Neque
2071 1634 2129 1689 id
2163 1650 2250 1689 re-

588 1724 873 1795 scriptum
901 1724 1101 1795 ipsum
1124 1722 1384 1792 volebat,
1412 1722 1581 1795 quod
1606 1722 1986 1778 securitatem
2017 1728 2245 1779 tantum

578 1811 757 1868 nobis
788 1812 866 1867 ab
902 1812 1135 1883 injuriis
1169 1818 1227 1867 et
1261 1811 1639 1867 contumeliis
1666 1811 2039 1869 concedebat
2071 1829 2085 1866 :
2131 1813 2245 1867 mi-

582 1902 744 1956 nime
782 1907 982 1957 autem
1027 1906 1358 1957 conventus
1391 1915 1589 1969 agere,
1622 1899 1861 1956 divinas
1894 1899 2113 1955 domos
2144 1916 2246 1957 ex-

581 1994 827 2055 struere,
849 1995 905 2045 et
933 1991 1053 2045 alia
1080 2005 1216 2062 quae
1248 1989 1426 2046 solita
1455 1997 1863 2061 consuetaque
1890 1988 2069 2045 nobis
2102 1994 2242 2045 sunt

584 2078 780 2135 facere
820 2078 1200 2150 permittebat
1245 2095 1422 2134 :cum
1467 2078 1715 2150 quidem
1740 2094 1813 2134 ea
1850 2078 2055 2134 omnia
2086 2094 2241 2135 verte

587 2168 824 2237 pietatis
857 2169 1142 2240 pacisque
1184 2173 1401 2223 uestrae
1426 2167 1549 2223 dux
1579 2173 1634 2222 et
1670 2173 1879 2223 auctor
1915 2167 2242 2239 imperator

584 2254 1031 2322 Constantinus,
1094 2273 1217 2312 una
1263 2272 1404 2311 cum
1458 2256 1701 2325 Licinio,
1735 2255 1941 2311 litteris
1990 2257 2114 2312 suis
2160 2256 2240 2313 ad

580 2359 718 2400 eum
747 2360 1082 2416 omnesque
1104 2344 1316 2400 ditioni
1342 2349 1399 2399 et
1418 2344 1673 2415 imperio
1699 2359 1907 2400 eorum
1935 2344 2239 2415 subjectos

587 2432 849 2505 populos
876 2434 1052 2498 datis,
1078 2434 1461 2505 permisisset.
1480 2435 1771 2490 Ceterum
1791 2433 1978 2504 impio
2007 2432 2089 2488 illi
2108 2433 2238 2489 haec

580 2522 958 2594 displicuere,
991 2524 1271 2595 quamvis
1312 2530 1522 2595 postea
1553 2522 1762 2579 divina
1786 2522 2049 2578 vindicta
2096 2539 2235 2580 coa-

585 2617 736 2678 ctus,
791 2612 880 2667 vel
928 2613 1150 2668 invitus
1204 2612 1417 2668 eadem
1469 2627 1602 2684 quae
1642 2611 1723 2667 illi
1781 2612 2231 2679 constituerant,

582 2702 813 2755 sancire
861 2716 1107 2756 necesse
1154 2700 1450 2758 habuerit.
1491 2701 1796 2767 Praecipua
1842 2706 2044 2757 autem
2107 2703 2235 2772 ejus

577 2790 865 2845 vecordiae
892 2807 1077 2845 causa
1112 2795 1262 2857 erat,
1295 2790 1463 2863 quod
1494 2789 1969 2860 magnitudinem
1998 2790 2233 2863 imperii

573 2879 741 2949 quod
769 2880 821 2934 ei
847 2870 1163 2948 obtigerat,
1205 2880 1358 2936 ferre
1397 2885 1574 2952 atque
1605 2880 1899 2935 sustinere
1941 2895 2066 2935 non
2097 2895 2233 2951 pos-

577 2974 664 3022 set
695 2985 709 3022 :
739 2969 1141 3039 quamobrem
1167 2969 1635 3038 cogitationibus
1659 2973 1717 3024 et
1742 2968 2011 3025 consiliis
2033 2969 2229 3024 stultis
2270 2992 2311 3049 ρ

572 3060 763 3122 actus,
821 3057 1018 3128 inepte
1066 3062 1121 3114 et
1171 3072 1490 3130 perperam
1537 3074 1632 3113 res
1686 3058 1953 3127 gerebat.
1995 3060 2128 3113 Jam
2174 3062 2232 3114 et

574 3145 741 3201 inani
771 3146 831 3200 in
863 3148 1068 3203 animo
1100 3163 1212 3202 suo
1238 3146 1500 3203 inﬂlatus
1529 3147 1893 3217 arrogantia,
1917 3162 2022 3219 per
2050 3152 2226 3213 teme,

516 3274 523 3281 ι
572 3234 808 3290 ritatem
858 3240 915 3291 et
961 3235 1388 3292 conﬁdentiam
1441 3252 1743 3309 opponere
1795 3252 1858 3291 se
1910 3252 2094 3293 ausus
2140 3240 2228 3292 est

567 3323 1061 3394 imperatoribus,
1087 3324 1193 3396 qui
1220 3340 1360 3380 eum
1393 3324 1595 3380 multis
1627 3329 1807 3398 atque
1848 3325 2227 3397 incompara-

570 3411 798 3467 bilibus
833 3413 1028 3469 modis
1058 3414 1234 3483 longe
1273 3413 1708 3470 antecellebant
1737 3430 1974 3485 genere,
2005 3414 2226 3470 educa-

571 3503 753 3567 tione,
791 3502 1181 3569 institutione,
1210 3503 1546 3576 prudentia,
1575 3501 1883 3573 dignitate,
1910 3518 2053 3559 vera
2081 3518 2225 3573 erga

572 3592 759 3647 Deum
807 3593 1048 3664 pietate,
1084 3598 1264 3664 atque
1307 3592 1368 3648 in
1397 3592 1578 3648 rebus
1604 3592 1888 3648 omnibus
1928 3591 2217 3657 ofﬁciosa,

569 3679 802 3736 decenti
862 3687 917 3737 et
969 3683 1279 3738 moderata
1330 3682 1516 3737 animi
1574 3681 2042 3737 constitutione:
2083 3697 2219 3754 qua:

566 3769 814 3825 virtutes
862 3771 923 3825 in
965 3772 1049 3826 eis
1098 3777 1162 3826 ut
1210 3772 1529 3842 praecipuae
1563 3775 1620 3828 et
1660 3770 1921 3827 maxime
1962 3770 2218 3827 illustres

566 3873 691 3929 prae
727 3858 857 3913 aliis
898 3859 1142 3915 miriﬁce
1187 3860 1519 3917 elucebant.
1560 3862 1641 3915 Ac
1676 3860 1940 3931 primum
1970 3859 2219 3932 quidem

563 3946 626 4002 in
664 3946 853 4003 solitis
892 3964 1030 4021 quae
1075 3948 1313 4020 publice
1343 3949 1567 4006 ﬁebant
1594 3948 2132 4006 acclamationibus
2161 3954 2219 4005 et

564 4036 741 4103 votis,
784 4037 978 4107 primo
1020 4037 1153 4094 loco
1194 4055 1255 4094 se
1303 4038 1631 4095 renuntiari
1671 4038 1899 4094 curavit
1938 4056 1952 4098 :
1999 4038 2216 4094 deinde

560 4131 761 4181 autem
788 4126 1118 4182 amentiam
1149 4128 1208 4182 in
1234 4127 1534 4183 insaniam
1556 4126 2050 4192 vertens,faadera
2075 4144 2214 4183 cum

564 4214 785 4270 Licinio
809 4223 986 4271 antea
1015 4221 1195 4287 pacta
1222 4217 1391 4288 rupit.
1423 4218 1490 4271 Et
1517 4232 1658 4271 cum
1688 4218 1746 4271 in
1780 4216 1984 4272 animo
2008 4232 2213 4272 secum

2372 484 2484 539 Ἵνα
2528 482 2588 539 δὲ
2619 486 2751 544 αὕτη
2801 489 2947 559 ἡμῶν
2993 489 3024 546 ἡ
3060 488 3289 549 κελευσις
3334 489 3400 550 εἰς
3441 496 3605 558 γνῶσιν
3628 497 3705 539 τῶν
3738 490 3837 563 ἑπιρ-

2372 582 2583 646 χιωτῶν
2630 578 2890 649 ἡμετέρων
2920 576 3064 648 ἔλθη,
3112 573 3434 649 διατάγματι
3481 578 3567 628 ὑπὸ
3609 585 3683 629 σοῦ
3719 599 3832 650 προτί.

2374 666 2508 717 θίντι
2539 668 2597 717 τό
2627 664 3018 738 κεκελευσμένον
3049 665 3236 738 esse“
3262 663 3511 725 δηλῶσαι.
3540 689 3565 719 ο

2968 788 3209 836 ΚΕΦΑΛ.
3253 782 3375 837 ΛΒ’.

2367 882 2526 949 Περὶ
2563 887 2677 939 τῆς
2716 879 2805 941 εἰς
2835 880 3165 949 προῦπτον
3217 877 3605 951 διαστροφῆς
3638 886 3729 930 καὶ
3762 879 3841 931 ἔτι.

2437 953 2806 1012 ναστάσεως
2856 951 3228 1024 Μαξιμίνου
3267 955 3429 1003 κατά
3473 957 3841 1004 Κωνσταντίνυ

2436 1028 2548 1073 τοῦ
2582 1022 2902 1092 Μεγάλου.

2435 1109 2591 1162 Ταῦτ’
2634 1110 2693 1162 οὐ
2732 1113 2869 1163 κατὰ
2914 1131 3146 1184 γνωμην,
3195 1110 3323 1164 ἀλλὰ
3368 1116 3458 1164 καὶ
3487 1107 3667 1182 σφόδρα
3703 1111 3845 1182 ina-(n-

2366 1203 2559 1270 σμὲνως
2651 1197 3093 1273 διακελευόμενος,
3194 1197 3443 1273 οὐδαμῶς
3510 1199 3695 1259 τάληθές
3747 1199 3844 1269 λέγει)

2361 1285 2527 1357 ἐῴκει,
2585 1291 2644 1341 τό
2701 1292 2802 1363 πρὸ
2861 1288 3097 1361 βραχέος
3154 1289 3316 1341 αὐτοῦ
3371 1287 3689 1359 ἐννοουμένοις
3731 1288 3842 1357 τελέει·

2361 1373 2508 1427 ϐολον
2563 1384 2659 1438 τῆς
2711 1383 2924 1449 γνώμης
2968 1383 3057 1430 καὶ
3110 1379 3358 1432 ἄστατον.
3412 1382 3584 1430 Τοίνυν
3636 1376 3714 1428 οὐκ
3753 1376 3836 1445 ἐντῷ

2360 1473 2556 1537 φανερῷ
2606 1484 2680 1525 τις
2728 1464 2931 1540 ἐθάρρει
2981 1469 3242 1535 συνάγειν,
3277 1470 3365 1517 καί
3418 1485 3469 1517 τι
3516 1474 3606 1515 τῶν
3650 1462 3833 1520 ἀντείπω

2357 1560 2420 1624 τῇ
2464 1555 2718 1626 θρησκεία
2768 1554 3061 1627 ἐλευθερίως
3099 1563 3260 1607 ποιεῖν
3303 1571 3315 1582 '
3374 1553 3482 1606 ἐπεί
3523 1558 3670 1624 τοίγε
3700 1551 3783 1605 οὐδε
3807 1573 3834 1603 τι

2356 1641 2579 1713 γράμμα
2625 1642 2769 1692 ταῦτ’
2802 1642 2969 1697 ἤθελε.
3010 1645 3079 1694 Τό
3126 1638 3184 1693 δε
3235 1641 3606 1714 ἀνεπηρέαστον
3642 1643 3755 1710 ἡμῶν

2356 1733 2539 1799 τρέπου
2587 1725 2744 1788 δῆθεν
2799 1731 3160 1802 παρεκελεύετο
3217 1748 3229 1760 °
3290 1730 3349 1781 οὗ
3406 1736 3501 1802 μὴν
3556 1734 3635 1781 καὶ
3681 1725 3843 1788 συνόδους

2357 1827 2685 1890 συγκροτεῖν,
2745 1821 2910 1881 θείους
2964 1839 3017 1871 τε
3073 1823 3248 1881 οἳκους
3303 1822 3515 1894 ἐγείρειν

2354 1907 2455 1958 ὅσα
2485 1909 2609 1979 ἡμῖν
2640 1908 2857 1960 εἰωθότα
2904 1904 3039 1966 ἦσαν
3074 1926 3086 1940 '
3119 1914 3207 1961 καὶ
3251 1918 3423 1960 ταυτα
3460 1915 3549 1961 τοῦ
3577 1915 3656 1967 τῆς
3680 1904 3849 1964 εὐσεϐίας

2351 2000 2443 2046 καὶ
2474 1996 2679 2069 εἰρήνης
2718 1998 2843 2066 ἡμῖν
2895 1999 3145 2068 ἀρχηγοῦ
3197 1994 3458 2069 βασιλέως
3509 2000 3693 2067 σύναμα
3714 2003 3766 2063 τῷ
3802 2005 3852 2045 .ti-

3571 1836 3583 1847 '
3643 1824 3716 1868 καὶ
3754 1818 3847 1867 tit}:

2349 2088 2498 2153 κινίῳ
2553 2086 2621 2136 τὰ
2672 2086 2872 2137 τοιαῦτ’
2949 2083 3312 2158 ἐπιτρέποντος
3369 2094 3480 2147 τοῖς
3541 2084 3853 2154 καταπεμοδιῐςι

2348 2171 2580 2243 μάλιστα
2627 2175 2937 2246 γράμμασιν
2972 2174 3112 2243 αὖτῴ
3156 2193 3207 2226 τε
3237 2178 3327 2226 καὶ
3374 2179 3539 2225 πᾶσιν
3580 2173 3644 2232 ei;
3684 2173 3760 2222 ὑπὸ
3787 2180 3855 2239 χεὶ-

2347 2279 2417 2332 ρα
2457 2265 2662 2332 γέγονεν
2710 2258 2857 2316 εἶναι.
2893 2262 2968 2314 Ou’
3002 2268 3106 2334 μὴν
3136 2282 3193 2334 γε
3221 2271 3293 2332 τῷ
3344 2258 3594 2314 δυσσεϐεῖ
3636 2259 3752 2311 ταῦτ’
3784 2263 3853 2327 ἦρε-

2349 2367 2442 2401 σκε
2471 2367 2485 2380 ·
2541 2349 2635 2401 κᾶν
2682 2349 2732 2413 ἐς
2774 2350 2987 2425 ὕστερον
3035 2358 3096 2423 τῇ
3159 2353 3277 2424 θείᾳ
3323 2350 3721 2421 συνελαυνόμενος
3758 2345 3852 2415 δας,

2346 2442 2435 2490 καὶ
2482 2439 2621 2490 ἄκων
2670 2442 2737 2491 τὰ
2766 2440 2921 2510 ὃμοια
2962 2445 3052 2491 καῖ
3102 2442 3255 2501 αὐτὸς
3292 2447 3405 2500 τοίς
3455 2446 3690 2511 κρατοῦσι
3722 2437 3857 2506 regem.

2345 2534 2449 2579 τεῖν
2526 2528 2872 2598 ἠναγκάζετο.
2953 2528 3287 2600 Ἐκπεριῆλθε
3345 2525 3409 2581 δὲ
3465 2528 3595 2596 αὐτῷ
3661 2527 3774 2578 αἰτία
3805 2543 3855 2595 μῦ

2346 2621 2546 2687 πρώτη,
2597 2617 2773 2689 ὅτιπερ
2827 2616 2934 2688 οὐχ
2963 2618 3069 2677 οἷός
3114 2637 3167 2668 τε
3212 2613 3272 2675 ἦν
3319 2622 3490 2689 φέρειν
3536 2616 3588 2668 τό
3631 2612 3855 2686 μίγεθοςξς

2344 2702 2605 2779 ἕπετράπη
2661 2708 2841 2779 ἀρχῆς
2870 2725 2882 2737 ·
2936 2708 3130 2764 ἣκιστα
3180 2701 3238 2758 δε
3296 2712 3527 2778 σώφρονι
3572 2705 3775 2775 ἀγόμενος
3807 2701 3853 2750 1::-

2341 2802 2541 2864 γισμῷ,
2606 2792 2955 2865 ἀπειροκάλως
3025 2796 3270 2866 ἐνεχείρει
3331 2803 3448 2855 τοῖς
3500 2796 3759 2864 πράγμασι.
3800 2796 3853 2840 ὴ

2343 2886 2544 2952 σήματι
2573 2879 2632 2935 ὃε
2678 2879 2900 2954 διακένῳ
2931 2888 3020 2941 τὴν
3056 2884 3242 2953 ψυχὴν
3293 2881 3495 2953 ἀρθεὶς,
3532 2879 3631 2941 ἤδη
3671 2885 3744 2932 καὶ
3775 2880 3856 2928 uti

2341 2978 2443 3022 τῶν
2499 2974 2826 3046 κρατούντων
2876 2977 2967 3024 καὶ
3024 2971 3365 3046 ἀσυγκρίτοις
3416 2978 3620 3046 μέτροις
3663 2970 3850 3042 ὑπερεχέιο

2340 3079 2460 3125 τωνν
2537 3065 2693 3132 γένει,
2748 3059 3036 3134 ἀνατροφῇ,
3090 3059 3330 3133 παιδεία,
3394 3067 3597 3114 συνέσει
3641 3065 3719 3112 καὶ
3762 3057 3838 3118 ξίν

2337 3169 2485 3221 ματι,
2517 3155 2608 3201 καὶ
2649 3158 2711 3222 τῇ
2746 3154 2878 3223 πρὸς
2924 3155 3046 3203 Θεὸν
3086 3150 3337 3223 εὐσεϐείᾳ,
3401 3157 3494 3203 καὶ
3537 3158 3604 3219 τῷ
3649 3150 3715 3220 tif
3750 3148 3837 3198 ἁπιει

2339 3245 2563 3310 σώφρονι
2635 3244 2726 3292 καὶ
2801 3239 3191 3310 κατεσταλμένῳ
3246 3248 3345 3303 τῆς
3423 3240 3605 3312 ψυχῆς
3656 3238 3841 3308 παραπή-

2333 3347 2482 3403 ματι.
2530 3330 2595 3382 ‘A
2628 3325 2694 3387 δή
2747 3348 2864 3380 τινα
2899 3333 2988 3381 καὶ
3040 3330 3105 3389 ὡς
3135 3338 3404 3403 κορυφαῖα
3455 3334 3650 3388 τούτοις
3688 3332 3761 3377 καί
3791 3324 3850 3374 ἐπὶ·

2337 3438 2505 3489 σημα,
2549 3426 2650 3470 τῶν
2701 3418 2868 3470 ἄλλων
2917 3416 3051 3478 ἦσαν
3118 3421 3390 3491 ὑπερφυῶς
3445 3416 3785 3489 διαλάμποντι,
3817 3414 3853 3465 ti;

2333 3508 2525 3580 τόλμην
2582 3512 2673 3560 καὶ
2748 3509 2946 3580 θράσος
3009 3510 3358 3579 ἀνηρεθίζετο.
3429 3516 3529 3562 Καὶ
3578 3516 3754 3581 πρῶτον
3802 3520 3850 3571 με)

2331 3595 2589 3650 ἐπιϐάλλει
2656 3604 2770 3659 ταῖς
2829 3595 2882 3659 ἐξ
2947 3599 3090 3658 ἔθους
3140 3594 3435 3669 δημοσίαις
3505 3603 3687 3669 φήμαις
3731 3608 3851 3665 προτί·

2333 3704 2455 3745 στος
2525 3683 2934 3757 ἀναγορεύεσθαι
2985 3703 2998 3716 '
3055 3690 3148 3743 τὴν
3198 3682 3249 3739 δ’
3304 3685 3558 3738 ἀπόνοιαν
3616 3685 3680 3745 εἰς
3728 3685 3849 3753 μανίη

2328 3772 2607 3845 ἐπιτείνας⁹
2672 3777 2767 3833 τὰς
2822 3776 3085 3835 συνθήκας
3143 3771 3361 3839 διέλυεν,
3416 3774 3481 3837 ἃς
3529 3776 3650 3847 μετὰ
3686 3772 3850 3825 Auum

2327 3868 2610 3921 πεποίηται
2670 3869 2939 3938 πρότερον.
2989 3864 3073 3915 Ἐν
3101 3872 3170 3935 νῷ
3215 3860 3272 3916 δι
3308 3862 3519 3936 βάλλων
3567 3868 3650 3915 καὶ
3687 3866 3735 3913 τό
3767 3874 3851 3908 ut:

2328 3952 2607 4015 Μαξέντιον
2653 3954 2919 4023 γενόμενον
2968 3950 3062 4005 δια
3108 3962 3198 4013 τῆς
3237 3960 3329 4006 τοῦ
3373 3960 3609 4026 σταυροῦ
3655 3952 3848 4023 ἐνεργείας.

2325 4040 2383 4093 οὗ
2431 4046 2586 4112 μόνον
2630 4045 2763 4112 μετὰ
2801 4049 2900 4093 τῶν
2948 4038 3225 4115 βασιλέων,
3277 4040 3405 4093 ἀλλά
3442 4061 3503 4113 γε
3560 4038 3625 4099 δὴ
3680 4042 3751 4090 καὶ
3779 4033 3849 4085 ιε’

2324 4129 2485 4182 αὐτοῦ
2528 4130 2781 4191 ὡπλίζετο
2825 4138 2915 4183 τοῦ
2971 4133 3354 4202 σταυρωθέντος
3404 4136 3659 4202 Χριστοῦ.
3704 4132 3778 4179 Καὶ
3810 4121 3849 4177 εἰς

2324 4218 2477 4292 φοϐον
2537 4219 2847 4283 συνελαθεὶς,
2907 4223 2993 4272 τόν
3049 4222 3186 4272 κατὰ
3240 4225 3572 4291 Χριστιανῶν
3621 4222 3701 4269 καὶ
3752 4209 3851 4287 ρῦθις

560 4303 688 4373 ipse
717 4309 1041 4376 reputaret,
1081 4321 1219 4375 quae
1259 4321 1364 4377 per
1391 4306 1515 4360 vim
1553 4310 1610 4361 et
1647 4304 1973 4361 efﬁcaciam
2016 4306 2208 4360 crucis

2323 4309 2493 4381 ἡρέμα
2540 4307 2720 4366 ἀνίησι
2796 4305 3053 4380 διωγμόν.
3123 4308 3386 4367 Ὀπηνίκα
3461 4308 3636 4361 πολλοὶ
3685 4309 3756 4376 μεν
3790 4319 3846 4349 ιιι

561 4393 854 4449 Maxentio
876 4394 1252 4459 accederant,
1285 4393 1466 4467 489
1494 4410 1614 4450 non
1645 4393 1841 4450 solum
1872 4399 2078 4450 contra
2103 4396 2208 4451 im-

556 4489 884 4553 peratores,
905 4498 1115 4538 verum
1141 4484 1319 4539 etiam
1348 4483 1640 4539 adversus
1669 4481 2023 4539 cruciﬁxum
2052 4483 2211 4540 Chri-

2323 4396 2465 4448 ἄλλοι
2503 4396 2823 4469 περιϐόητοι,
2867 4399 3164 4469 θαυμαστοί
3216 4416 3270 4449 τε
3321 4402 3412 4449 καὶ
3467 4403 3684 4468 γενναῖοι
3727 4384 3847 4459 ἄνδρες

2322 4488 2383 4537 τό
2408 4493 2500 4538 τοῦ
2530 4492 2821 4561 μαρτυρίου
2856 4483 3114 4544 διήνυσαν
3145 4481 3388 4540 στάδιον.

558 4574 722 4625 stum
765 4586 936 4626 arma
976 4573 1254 4644 sumpsit.
1298 4574 1362 4628 Et
1403 4578 1623 4628 terrore
1664 4577 1993 4644 correptus,
2024 4573 2316 4644 paulatim
2355 4590 2566 4629 rursus
2610 4578 3084 4646 persecutionem
3125 4574 3187 4630 in
3228 4576 3598 4631 Christianos
3628 4565 3844 4646 permisit-

562 4660 691 4724 Quo
723 4664 992 4732 tempore
1022 4659 1189 4716 multi
1224 4677 1371 4716 sane
1402 4660 1746 4717 admirandi
1778 4670 1834 4717 et
1861 4661 2041 4718 fortes
2070 4663 2173 4717 viri
2205 4663 2267 4719 in
2301 4663 2561 4735 martyrii
2593 4664 2791 4720 stadio
2823 4672 3061 4719 strenue
3094 4680 3338 4719 cursum
3380 4678 3674 4736 peregere.

1148 4750 1375 4806 CAPUT
1411 4751 1639 4806 XXXIII.

554 4837 843 4907 Magnum
874 4838 1329 4894 Constantinum
1362 4840 1559 4895 Roma
1595 4854 1632 4894 a
1671 4840 1981 4908 Sylvestro
2010 4854 2209 4897 sacro-

854 4914 1059 4965 sancto
1100 4910 1390 4981 baptismo
1427 4910 1731 4967 initiatum
1774 4926 1915 4968 esse.

632 5019 762 5072 Haec
809 5033 944 5074 cum
995 5017 1171 5073 divus
1216 5018 1539 5089 imperator
1579 5019 1997 5076 Constantinus
2037 5019 2206 5075 audi-

555 5106 755 5172 visset,
779 5113 958 5178 atque
975 5107 1035 5161 in
1061 5106 1267 5177 primis
1289 5106 1694 5177 cognovisset,
1721 5114 1783 5161 ut
1807 5106 1901 5162 ille
1933 5112 2203 5178 apertam

552 5195 842 5250 adversus
899 5195 1263 5251 Christianos
1333 5196 1808 5267 persecutionem
1877 5197 2202 5263 renovarit,

546 5284 714 5356 quod
745 5300 781 5340 a
818 5298 1005 5356 puero
1040 5284 1329 5340 malitiam
1361 5292 1416 5339 et
1444 5284 1671 5354 ﬂagitia
1714 5284 1923 5341 omnia
1960 5284 2200 5355 odisset,

547 5373 820 5428 animum
846 5373 1190 5444 despondit,
1224 5389 1406 5446 seque
1436 5374 1637 5444 ipsum
1667 5372 1824 5429 curis
1858 5374 2198 5440 maceravit,

547 5462 757 5517 sedulo
797 5463 1068 5530 cogitans
1098 5462 1410 5534 quomodo
1448 5463 1611 5517 hunc
1655 5478 1900 5534 quoque
1930 5478 1961 5518 e
2002 5463 2201 5519 medio

550 5547 752 5609 tollere
780 5554 1001 5625 posset.
1034 5553 1222 5624 Atque
1252 5566 1391 5608 eum
1435 5549 1582 5607 talia
1615 5551 2026 5617 meditantem,
2060 5567 2198 5608 cum

2918 4759 3162 4808 ΚΕΦΑΛ.
3194 4752 3318 4807 AI".

2264 4839 2267 4842 ’
2315 4839 2451 4893 Ὀτι
2481 4844 2539 4893 εν
2577 4840 2763 4913 Ῥώμῃ
2797 4843 3059 4913 όμέγας
3100 4848 3591 4903 Κωνσταντῑνος
3627 4836 3844 4911 παριτοῦ

2599 4911 2790 4982 ἁγίου
2828 4911 3203 4971 ἐϐαπτίσθη
3259 4913 3656 4986 Σιλϐἐστρου.

2385 5018 2543 5070 Ταῦθ’
2605 5020 2630 5070 ό
2686 5021 2945 5080 θειότατος
2995 5019 3241 5092 βασιλεὺς
3296 5021 3677 5078 Κωνσταντῖνος
3723 5013 3840 5065 iam.

2317 5108 2547 5178 ζόμενος,
2602 5114 2692 5161 καὶ
2739 5109 2973 5180 μάλιστα
3027 5111 3092 5169 ὡς
3122 5108 3189 5170 εἰς
3242 5105 3507 5183 προῦπτον
3562 5107 3752 5159 ἀνεκίνει
3785 5102 3839 5149 τέν

2313 5193 2573 5268 διωγμὸν,
2607 5204 2961 5272 μισοπόνηρος
3009 5199 3077 5249 ὢν
3129 5201 3186 5250 ἑκ
3230 5195 3440 5263 παιδός,
3500 5197 3742 5267 ἀπελεγιτο
3780 5192 3836 5242 τὸ

2310 5284 2519 5357 ψυχὴν,
2561 5292 2651 5339 καὶ
2703 5287 2883 5340 ἑαυτὸν
2936 5284 3273 5340 κατεδαπάνα
3307 5292 3596 5361 φροντίσιν,
3636 5287 3749 5341 ὅπως
3779 5278 3831 5325 αἱ

2309 5382 2490 5427 τουτον
2539 5373 2594 5427 ἐκ
2617 5380 2780 5448 μέσου
2812 5382 3097 5435 ποιήσειεν.
3153 5376 3305 5429 Οὕτω
3336 5374 3386 5429 δ’
3427 5379 3606 5448 ἔχοντι
3644 5371 3830 5424 nisi“

2309 5470 2401 5515 τοῦ
2461 5465 2597 5516 θείου
2656 5463 2924 5537 ἠξιωμὲνῳ
2985 5464 3368 5538 βαπτίσματος,
3416 5471 3565 5525 νόσος
3610 5481 3677 5521 τις
3714 5460 3831 5527 cf?“

2312 5551 2453 5624 αὐτῷ
2508 5551 2742 5627 ἀκρατῶς
2798 5556 3220 5630 ἐπεισρρήσασα,
3279 5553 3487 5627 πληγὴν
3541 5554 3600 5606 οὐ
3652 5547 3827 5622 upupa
