4028 6294
151 344 295 404 1281

1220 334 1799 397 ECCLESIASTICE
1835 334 2190 392 HISTORIA)
2226 334 2361 392 LIB.
2401 333 2523 392 VII.

3395 332 3533 387 1282

148 473 341 535 δεινῶς
404 472 522 524 καθ’
571 469 690 524 ὅλου
743 475 835 522 τοῦ
920 473 1160 541 σώματος
1220 468 1611 540 ύφερπύσασαν,
1669 466 1745 514 καῖ

1867 480 2143 537 nondum
2169 495 2345 536 sacro
2381 478 2599 535 tinctus
2642 476 2853 532 fuisset
2893 475 3159 541 lavacro,
3197 489 3269 531 ex
3311 474 3533 546 impro-

144 564 270 616 ὀλον
325 564 567 635 ἄντικρυς
621 567 832 635 τραῦμα
880 555 1106 627 ἕδείκνυ,
1163 561 1254 609 καὶ
1296 561 1445 629 τέρας
1492 554 1597 607 οἷον
1626 554 1760 625 ὁρώ-

140 672 301 724 μενον
329 668 343 682 ·
397 655 590 703 πυκνόν
625 668 679 702 τε
733 647 931 700 ἀνέσπα
977 651 1034 701 τό
1104 654 1307 718 πνεῦμα
1360 649 1450 696 καὶ
1518 646 1754 714 συνεχὲς,

142 742 249 794 οὐκ
304 741 423 793 ἄνευ
470 759 636 792 πονων
704 742 1197 811 κατασπερχόμενον
1231 752 1242 765 ·
1294 740 1384 787 καὶ
1426 734 1537 806 μετ’
1587 732 1758 802 ὀλίγον

141 829 318 903 λέπρα
378 825 565 900 βαθεῖα
629 829 764 878 κατά
823 829 1015 887 παντὸς
1091 822 1288 886 ἐξήνθει
1343 829 1436 875 τοῦ
1495 824 1756 892 σώματος.

147 918 274 970 Ἐπὶ
327 913 395 974 δή
454 924 516 988 τῇ
576 918 775 976 ταύτης
824 917 1071 986 θεραπείᾳ
1110 913 1286 965 πολλοὶ
1461 912 1623 983 μάγοι
1669 913 1759 960 καὶ

144 1002 419 1071 ἓπαοιδοὶ,
462 1008 553 1056 καὶ
602 1003 659 1055 ἐκ
715 1000 970 1076 Περσίδος
1018 999 1078 1056 δε
1129 1001 1223 1054 ούκ
1262 1000 1537 1072 ἕλοίχιστοι
1572 999 1759 1070 γόητες

142 1099 512 1166 παρεγένοντο,
562 1097 654 1145 καὶ
702 1100 951 1145 τοσοῦτον
1010 1096 1236 1155 ὤνησαν,
1276 1092 1384 1160 ὅσῳ
1433 1093 1523 1141 καὶ
1565 1087 1758 1159 μᾶλλον

143 1188 250 1242 τήν
296 1188 447 1235 νόσον
493 1182 750 1245 ηὔξησαν.
807 1180 924 1234 Ἐπὶ
981 1177 1049 1238 δὴ
1098 1182 1301 1241 τούτοις
1337 1177 1570 1237 Ἕλληνες
1607 1178 1753 1243 ἧκον,

143 1274 204 1324 οἱ
241 1280 306 1344 τῇ
353 1278 444 1324 τοῦ
496 1278 804 1345 κρατοῦντος
855 1271 1128 1341 μεταθέσει
1175 1268 1478 1339 ἀχθόμενοι,
1530 1270 1623 1325 τήν
1668 1270 1756 1318 νό-

146 1379 245 1412 σον
325 1361 594 1432 εὑρηκότες
670 1361 963 1431 ἑπίκουρον,
1032 1362 1158 1432 πρὸς
1226 1357 1439 1417 ἑαυτοὺς
1515 1357 1758 1427 μετάγειν

140 1448 397 1522 ἐπειρῶτο
447 1457 556 1509 τοῖς
616 1450 1059 1520 μαγγανεύμασι·
1128 1450 1219 1498 καὶ
1274 1444 1322 1497 ἓν
1379 1452 1451 1515 τῷ
1519 1451 1758 1497 Καπετω-

142 1538 248 1609 λίῳ
310 1536 675 1610 κολυμϐήθραν
717 1545 915 1611 χρῆναι
966 1538 1207 1606 γενέσθαι
1262 1534 1634 1609 ἐτερατεύοντο,
1695 1531 1756 1590 ἣν

147 1623 227 1685 δὴ
262 1626 511 1701 ⁵ἀφθὸρων
550 1624 755 1679 παίδων
807 1627 992 1698 αἵματι
1034 1625 1416 1696 πληρωθεῖσαν,
1461 1627 1548 1674 τὸν
1594 1620 1757 1694 βασι-

143 1715 244 1768 λέα
281 1716 594 1788 λουσάμενον
645 1718 693 1768 ἓν
738 1722 902 1790 νεαρῷ
945 1719 1035 1766 καί
1087 1716 1161 1766 ἔτι
1216 1713 1508 1783 ἀτμίζοντι,
1566 1711 1620 1762 ἔκ
1665 1718 1756 1763 τοῦ

1863 568 1995 625 viso
2026 569 2377 638 gravissime
2414 566 2703 637 aagritudo
2732 565 3016 638 quaedam
3045 567 3320 635 occupat,
3352 563 3530 635 plaga

1867 663 2023 713 certe
2044 658 2258 728 ingens
2283 662 2341 713 et
2373 655 2741 730 prodigiosa,
2773 670 2910 726 quas
2938 669 3043 726 per
3083 669 3304 723 corpus
3339 659 3530 709 totum

1867 762 2134 818 serpens,
2150 752 2331 819 atque
2344 746 2613 817 idipsum
2647 744 3018 808 exulcerans,
3034 758 3105 798 ac
3143 742 3322 797 veluti
3340 757 3528 797 unum

1864 835 2086 890 vulnus
2134 835 2418 900 efﬁciens,
2479 833 2809 891 anhelitum
2839 834 2970 903 ejus
3009 847 3194 903 quem
3239 830 3449 887 acerbe
3475 836 3531 886 et

1866 925 2124 995 graviter
2150 924 2424 989 ducebat,
2470 923 2813 995 frequenter
2841 927 3023 994 atque
3064 921 3215 976 adeo
3251 920 3531 975 continue

1864 1012 2202 1086 rumpebat,
2252 1017 2309 1069 et
2351 1011 2534 1084 paulo
2564 1016 2704 1083 post
2730 1011 2793 1066 in
2828 1008 3059 1082 lepram
3089 1009 3394 1065 radicibus
3414 1007 3529 1063 alte

1866 1101 2013 1157 actis
2061 1117 2312 1174 corpore
2376 1105 2497 1158 toto
2543 1100 2763 1157 evadit.
2833 1099 2920 1154 Ad
2964 1114 3153 1171 quam
3193 1097 3529 1153 curandam

1865 1189 2034 1246 multi
2066 1192 2227 1259 magi
2253 1191 2739 1254 etincantatores,
2790 1187 2964 1243 multi
2990 1187 3172 1243 etiam
3189 1202 3262 1241 ex
3290 1184 3527 1241 Perside

1864 1279 2116 1336 aderant
2146 1281 2521 1352 impostores,
2556 1279 2622 1334 Hi
2644 1281 2877 1334 tantum
2902 1276 3073 1332 abest
3098 1280 3166 1330 ut
3188 1275 3524 1346 quidquam

1864 1369 1918 1423 ei
1946 1369 2293 1441 profuerint,
2319 1376 2382 1424 ut
2412 1367 2690 1423 morbum
2713 1366 2893 1422 etiam
2916 1366 3120 1438 ipsum
3139 1363 3524 1420 adauxerint.

1867 1457 1962 1512 His
1998 1458 2179 1514 etiam
2212 1457 2642 1530 superveniunt
2674 1455 2876 1523 Graeci,
2906 1455 3007 1527 qui
3065 1453 3439 1526 imperatoris
3465 1452 3527 1507 in

1864 1545 2146 1619 religione
2176 1547 2564 1602 mutationem
2597 1559 2754 1615 aegre
2776 1542 3051 1607 ferentes,
3083 1558 3189 1614 per
3239 1540 3523 1597 morbum

1864 1650 2027 1700 eum,
2082 1642 2374 1708 tanquam
2425 1641 2834 1706 opportunum
2881 1631 3193 1704 quoddam
3236 1629 3526 1686 auxilium

1864 1724 2161 1790 oblatum,
2204 1722 2372 1779 illum
2399 1722 2745 1795 imposturis
2800 1721 2924 1776 suis
2984 1721 3064 1776 ad
3119 1726 3317 1791 partes
3375 1735 3519 1774 suas

139 1807 352 1879 ῥᾴστου
398 1810 770 1879 προχωρήσειν
822 1809 914 1863 τὴν
966 1805 1257 1877 κάθαρσινο
1320 1802 1484 1864 οἶλλως
1542 1797 1622 1868 δὲ,
1680 1803 1745 1870 μή

1864 1812 2207 1883 pertrahere
2244 1820 2542 1867 conantur
2581 1825 2593 1866 :
2627 1814 2686 1865 et
2717 1813 3049 1865 monstroso
3075 1809 3417 1871 ostendunt,
3464 1808 3526 1863 in

141 1895 260 1947 οἷόν
307 1914 360 1946 τε
416 1890 545 1947 εἶναι
585 1893 813 1956 ἀποξέειν
852 1898 947 1951 τήν
1001 1893 1210 1965 λέπραν.
1265 1892 1417 1944 Οῦτω
1468 1898 1538 1961 τῷ
1594 1897 1755 1959 καινῷ

137 1990 242 2035 τοῦ
296 1984 607 2057 πράγματος
659 1982 1040 2050 ἀπατήσαντες,
1095 1984 1159 2033 τὰ
1211 1984 1299 2053 μεν
1337 1978 1503 2053 βρέφη
1564 1980 1619 2030 ἑκ
1661 1985 1754 2029 τοῦ

140 2068 352 2144 σχεδὸν
402 2072 584 2134 εὐθέως
645 2073 997 2144 συνήθροιστο
1051 2071 1241 2144 ἄπειρα
1272 2087 1284 2099 ·
1318 2071 1382 2129 ὡς
1426 2064 1477 2121 δ’
1507 2068 1532 2119 ό
1575 2070 1754 2139 καιρός

137 2163 350 2224 ἐνέστη,
406 2166 496 2213 καὶ
547 2160 597 2213 οἱ
646 2158 834 2233 δήμιοι
884 2162 1018 2212 κατά
1060 2168 1159 2211 τῶν
1201 2156 1400 2231 βρεφῶν
1439 2156 1749 2223 ὡπλίσοντο,

136 2258 321 2321 παρῆν
361 2247 420 2302 δὲ
449 2254 538 2302 καὶ
577 2251 603 2301 ό
644 2247 911 2322 βασιλεὺς,
954 2253 1009 2301 αἱ
1046 2257 1143 2301 τῶν
1182 2244 1387 2300 παίδων
1418 2250 1629 2319 μητέρες
1666 2245 1753 2297 λύ-

140 2358 318 2391 σασαι
367 2342 457 2398 τὰς
507 2343 669 2411 κόμας
716 2344 804 2390 καὶ
862 2338 1061 2409 μαζοὺς
1115 2337 1383 2409 εὐκόσμως
1413 2339 1750 2408 παρυποφαί-

134 2447 332 2480 νουσαι
385 2431 900 2499 στενοχωρουμένους
957 2434 1029 2496 τῷ
1081 2426 1321 2497 γάλακτι,
1382 2424 1649 2496 ὀλολυγαῖς
1696 2443 1751 2477 τε

135 2522 239 2569 καὶ
287 2513 541 2590 ὀδυρμοῖς
598 2520 684 2569 τὸν
744 2516 870 2588 ἀέρα
934 2515 1229 2568 ἑνεπίπλων.
1291 2518 1397 2572 Τὴν
1454 2513 1624 2565 αἰτίαν
1691 2508 1751 2566 δε

135 2616 247 2659 τῶν
296 2609 492 2679 θρήνων
547 2603 840 2678 διεγνωκὼς
891 2607 917 2657 ὁ
965 2613 1187 2679 κρατῶν,
1233 2605 1304 2674 τῷ
1354 2605 1621 2676 συμπαθεῖ
1655 2612 1749 2665 τῆς

136 2701 352 2768 γνώμης
427 2695 593 2753 ἣττων
668 2700 936 2767 γενόμενος
1006 2696 1032 2747 ὁ
1118 2693 1584 2768 φιλανρωπότατος,
1665 2712 1747 2744 νο-

146 2792 261 2837 σεῖν
306 2783 495 2856 μᾶλλον
547 2786 744 2857 ᾑρεῖτο,
799 2788 826 2843 ἦ
887 2785 1130 2855 ὑγιαίνων
1178 2790 1425 2835 τοσοῦτον
1464 2800 1627 2854 μυσος
1671 2780 1750 2855 ἐρ·

140 2875 436 2945 γάσασθαι.
529 2879 629 2927 Καὶ
687 2870 929 2945 δακρύων
1022 2872 1250 2945 ἔμπλεως
1334 2876 1574 2943 γεγονὼς,
1641 2872 1750 2933 Τῆς

136 2964 422 3035 Ῥωμαίων,
477 2968 627 3032 φησὶ,
688 2961 961 3035 βασιλείας
996 2964 1027 3020 ἡ
1085 2962 1205 3024 ἀξία
1242 2966 1418 3032 πηγήν
1460 2967 1550 3012 καὶ
1594 2961 1747 3034 ῥίζαν

134 3056 239 3111 τὴν
266 3051 527 3104 εὐσέϐειαν
574 3055 840 3109 κέκτηται.
893 3050 984 3105 Ἷν’
1012 3048 1099 3103 οὖν
1138 3050 1191 3114 ἐξ
1237 3051 1401 3113 αὐτῆς
1430 3069 1491 3122 με
1528 3052 1747 3122 τεχθέν‹

129 3161 206 3194 τα
256 3147 418 3193 πᾶσιν
476 3138 757 3207 ἀποδείξω,
812 3146 900 3199 τὴν
961 3143 1135 3213 ὑγείαν
1180 3138 1228 3191 ἄν
1287 3137 1512 3214 δευτέρω
1569 3146 1746 3191 ποιοῦ·
1777 3180 1816 3235 C

126 3250 237 3302 μαι
286 3238 382 3291 τῆς
431 3239 531 3282 τῶν
590 3229 797 3283 ἀκάκων
850 3227 1056 3283 παίδων
1100 3230 1261 3291 ζωῆς.
1296 3229 1511 3282 »Ταῦτ’
1567 3229 1739 3293 εἰπὼν,

127 3319 213 3380 εἰς
248 3323 341 3377 τήν
383 3319 554 3370 οἰκίαν
604 3318 757 3379 αὖθις
813 3317 1107 3393 ἀνέτρεχεν,
1160 3315 1303 3391 ἀδρᾷ
1360 3315 1509 3370 δόσει
1551 3322 1611 3370 τό
1661 3339 1745 3371 πι-

126 3410 262 3482 κρὸν
301 3415 402 3459 τῶν
455 3411 690 3480 μητέρων
743 3412 1108 3480 περιαιρήσας.
1158 3413 1258 3460 Καὶ
1297 3403 1366 3464 δὴ
1410 3410 1594 3469 νυκτὸς
1634 3407 1745 3460 ἐπι-

127 3500 434 3567 γενομένης,
491 3500 575 3549 τόν
628 3496 803 3568 ἔρανον
869 3504 964 3558 τῆς
1026 3502 1398 3571 χρηστότητος
1475 3492 1739 3567 δρέπεται,

134 3589 335 3658 Πέτρος
386 3588 487 3657 γὰρ
534 3590 625 3637 καὶ
675 3585 877 3648 Παῦλος
922 3588 972 3637 οἱ
1005 3592 1278 3657 κορυφαῖοι
1305 3594 1403 3637 τῶν
1442 3583 1741 3637 ἀποστόλων

133 3671 285 3744 αύτῷ
311 3671 660 3745 ἐπιφαίνονται
690 3676 885 3726 οὑτωσὶ
912 3675 1193 3740 φάσκοντες
1217 3693 1229 3706 ·
1277 3680 1318 3727 K
1330 3695 1369 3723 ω
1381 3695 1406 3724 ν
1422 3693 1454 3726 σ
1466 3694 1493 3726 τ
1507 3694 1575 3726 αν
1588 3694 1616 3725 τ
1629 3681 1684 3725 ῖν
1698 3693 1739 3741 ε,

132 3764 322 3833 ἡμεῖς
360 3765 546 3832 ῖσμεν
588 3766 818 3836 Πέτρος
855 3767 964 3814 καὶ
1013 3763 1258 3823 Παῦλος
1323 3764 1382 3815 οἰ
1436 3763 1742 3834 πεμφθέν-

130 3868 242 3911 τες
278 3852 446 3924 παρά
481 3858 589 3902 τοῦ
631 3848 956 3904 δεσπότου
998 3858 1178 3917 Θεοῦ,
1223 3846 1457 3903 δοῦναί
1489 3870 1592 3903 σοι
1633 3869 1743 3903 σω-

130 3943 368 4012 τηρίας
404 3942 468 3991 τό
510 3938 853 4011 σύμϐολον.
886 3938 1012 3992 Εἶτα
1050 3949 1452 4014 παρηγγυῶντο,
1485 3942 1572 3992 τόν
1605 3942 1741 4015 ἱερέα

129 4037 228 4088 τῆς
272 4027 464 4091 πόλεως
515 4027 817 4103 Σίλϐεστρον
868 4029 1178 4101 ἀνιχνεύειν,
1228 4029 1352 4101 παρ’
1479 4029 1738 4101 κολυμϐή-

130 4120 263 4189 θραν
310 4116 510 4181 ἐνεῖναι,
661 4118 992 4191 λουσάμενον,
1055 4121 1235 4171 θᾶττον
1298 4118 1581 4193 ἀποτρίψοι
1644 4124 1738 4178 τὴν

125 4206 324 4259 νόσον·
376 4206 698 4281 οἷςάφθόροις
745 4214 901 4261 παισὶ
953 4212 1012 4261 τὸ
1064 4212 1157 4280 ζῇν
1211 4207 1634 4281 ἔχοιρίσατο.”Ως
1686 4205 1736 4260 δ’

123 4294 316 4353 ἀνῆκεν
394 4298 419 4347 ό
501 4296 657 4357 ὕπνος
710 4297 882 4366 αὐτόν,
943 4296 1263 4371 ἕπιπαρόντα
1311 4297 1397 4349 τόν
1444 4296 1619 4371 ἰατρὸν
1672 4301 1737 4358 ὡς

122 4383 449 4459 πορρωτάτω
496 4384 758 4451 ἐξήλαυνε,
809 4392 880 4458 μή
929 4392 1022 4445 τήν
1075 4386 1399 4459 ἀνθρωπίνην
1457 4386 1736 4438 τουλοιποῦ

122 4477 324 4544 τέχνην
370 4477 400 4532 ἦ
452 4473 751 4549 ἐπικουρίαν
803 4472 968 4528 ἕνδείν
1037 4474 1179 4547 αύτῷ
1230 4476 1410 4544 λέγων,
1468 4480 1615 4548 χειρὶ
1682 4473 1734 4529 δ’

121 4560 384 4632 ’Υψίστου
426 4566 485 4615 τό
541 4573 835 4637 συναρῆγον
873 4563 1175 4636 ἐφέψεσθαι,
1244 4568 1343 4617 Καὶ
1400 4566 1425 4616 ό
1473 4568 1563 4635 μεν
1616 4562 1734 4626 ἐζή-

347 4649 455 4703 ἇπεὶ
494 4648 553 4704 δὲ
598 4658 688 4705 καὶ
742 4651 1047 4725 Σίλϐεστρος
1093 4652 1466 4725 μετεστέλλετο,
1517 4658 1607 4706 καὶ
1666 4661 1730 4726 τῇ

1080 4742 1124 4793 εἰ
1182 4741 1325 4803 θεούς
1377 4740 1489 4813 εἶχε
1540 4746 1731 4815 Πέτρον

1769 4526 1814 4580 D

120 4669 249 4722 γετο
282 4669 295 4682 ⁶

120 4741 474 4812 προσηκούσῃ
560 4743 693 4800 καθῆ
705 4760 798 4793 στο
857 4749 980 4814 τιμῇ
992 4786 1003 4807 ,

119 4832 218 4880 καὶ
274 4829 473 4881 Παῦλον
517 4832 605 4889 τὰς
647 4829 859 4892 κλήσεις
907 4829 1271 4903 ἀκριϐέστερον
1316 4826 1571 4905 διηρώτα.
1622 4831 1733 4883 Σίλα

122 4915 338 4992 ϐεστρος
379 4913 458 4983 δὲ,
510 4917 680 4990 Ἡμῖν,
746 4924 896 4990 φησὶ,
949 4917 1190 4992 βασιλεῦ,
1240 4919 1300 4970 οῦ
1367 4919 1543 4971 πολλοὶ
1600 4922 1728 4986 θεοὶ,

124 5004 236 5057 ἀλλ’
290 5005 380 5071 ἇῖς,
424 5007 484 5058 οὗ
532 5009 678 5080 ἔργον
722 5009 787 5059 τά
827 5011 1121 5080 σύμπαντα.
1183 5012 1368 5080 Πέτρος
1412 5005 1471 5060 δὲ
1528 5010 1582 5060 ὃν
1633 5014 1734 5082 φής

123 5098 218 5146 καὶ
268 5094 471 5157 Παῦλος
529 5096 632 5148 θεοὶ
683 5098 772 5168 μεν
821 5100 1027 5165 οὔκουν,
1078 5093 1257 5149 δοῦλοι
1310 5093 1369 5149 δε
1441 5104 1575 5150 Θεοῦ
1641 5102 1732 5150 καὶ

124 5182 411 5235 ἀπόστολοι
442 5201 455 5213 ⁸
504 5182 552 5237 οῖ
592 5180 660 5243 δὴ
703 5185 970 5259 εύάρέστοι
1021 5184 1364 5259 διαφερόντως
1418 5191 1508 5238 καὶ
1554 5191 1732 5240 πίστει

121 5277 212 5324 καὶ
264 5275 408 5344 πόθῳ
454 5278 735 5346 γενόμενοι,
785 5280 880 5334 τὴν
940 5283 1036 5337 τῆς
1090 5277 1388 5345 ἁγιωσύνης
1447 5274 1728 5350 ἀκρόπολιν

121 5360 506 5434 κατειλήφασι·
569 5369 657 5416 καὶ
720 5373 919 5439 πρῶτοι
969 5374 1069 5417 τῶν
1127 5365 1285 5437 ἁγίων
1334 5364 1501 5417 εἰσίν·
1554 5367 1604 5417 οἱ
1658 5362 1725 5425 δή

120 5458 320 5525 πρῶτοι
375 5457 467 5503 καὶ
520 5458 655 5505 πᾶσι
712 5457 806 5512 τήν
857 5461 944 5506 τοῦ
979 5459 1175 5528 Κυρίου
1206 5457 1350 5527 ἡμῶν
1389 5454 1567 5513 Ἰησοῦ
1596 5462 1731 5529 Χρι-

199 5557 278 5633 (1)
303 5557 540 5633 «__Actus
564 5558 722 5614 beati
735 5559 1016 5633 Sylvestri
1030 5561 1375 5633 apostolicae
1400 5561 1560 5616 sedis
1584 5576 1732 5632 pra;-

129 5627 294 5695 sulis,
321 5626 455 5684 licet
482 5629 612 5700 ejus
643 5632 748 5703 qui
774 5626 1014 5704 scripsit
1041 5626 1265 5689 nomen
1295 5626 1664 5703 ignoremus,
1693 5649 1731 5690 a

1865 1899 2154 1972 Capitolio
2187 1900 2388 1955 lacum
2416 1900 2536 1956 sive
2592 1899 2892 1971 piscinam
2945 1897 3075 1953 ﬁeri
3105 1902 3397 1969 oportere,
3462 1896 3526 1951 in

1862 2005 1986 2062 qua
2020 1989 2431 2045 innocentium
2462 2004 2788 2060 puerorum
2832 1987 3144 2058 sanguine,
3200 2001 3393 2058 eoque
3436 2000 3526 2040 re-

1862 2079 2020 2134 centi
2073 2079 2272 2134 adhuc
2325 2083 2385 2134 et
2420 2082 2753 2150 vaporante
2803 2075 3047 2148 repleta,
3101 2076 3150 2130 si
3197 2074 3523 2147 imperator

1860 2173 2082 2233 avaret,
2111 2168 2282 2224 facile
2321 2184 2461 2224 eum
2501 2171 2800 2230 curatum,
2840 2180 3180 2237 corpusque
3212 2164 3345 2235 ejus
3378 2179 3525 2235 pur—

1861 2262 2070 2326 gatum
2099 2257 2188 2312 iri.
2217 2256 2395 2312 Aliter
2445 2272 2607 2324 vero,
2641 2260 2705 2311 ut
2733 2271 2772 2311 a
2810 2254 2911 2310 tali
2958 2253 3125 2325 lepra
3176 2252 3520 2318 mundetur,

1859 2345 1987 2401 ﬁeri
2017 2361 2140 2401 non
2179 2361 2376 2417 posse.
2425 2348 2503 2401 Ea
2532 2360 2595 2401 re
2623 2348 2748 2400 tam
2779 2358 2940 2399 nova
2968 2358 3106 2398 cum
3132 2341 3213 2397 illi
3241 2340 3522 2397 homines

1859 2432 2258 2506 decepissent,
2298 2434 2621 2506 derepente
2678 2432 2936 2488 infantes
2982 2430 3224 2502 plurimi
3274 2444 3521 2500 congre-

1860 2528 2095 2593 gantur.
2139 2522 2207 2577 Et
2229 2523 2357 2594 jam
2385 2528 2626 2594 tempus
2646 2522 2836 2585 adest,
2868 2519 3299 2591 carniﬁcesque
3343 2534 3406 2575 se
3441 2518 3520 2575 ad

1858 2610 2097 2667 illorum
2126 2611 2354 2667 caedem
2384 2611 2734 2683 expediunt.
2754 2610 2935 2665 Adest
2959 2609 3088 2680 jam
3111 2614 3169 2664 et
3192 2610 3521 2680 imperator

1858 2699 2009 2771 ipse.
2047 2702 2193 2756 Ecce
2249 2705 2454 2755 autem
2506 2703 2729 2755 matres
2771 2713 3098 2771 puerorum
3168 2697 3516 2763 adveniunt,

1859 2788 2089 2859 capillis
2118 2789 2329 2862 passis,
2365 2788 2728 2844 mammillas
2758 2788 3037 2843 decenter
3053 2785 3514 2858 quodammodo

1859 2878 2375 2943 subostendeutes,
2396 2878 2565 2934 lactis
2591 2876 2766 2948 copia
2792 2875 3133 2947 angustiam
3161 2879 3218 2929 et
3245 2873 3516 2930 dolorem

1857 2967 1973 3022 illis
1998 2967 2315 3039 parientes.
2350 2969 2448 3023 Ηω
2480 2966 2711 3022 ululatu
2739 2970 2797 3022 et
2826 2965 3069 3037 planctu
3099 2963 3317 3020 ccelum
3351 2979 3514 3018 com-
3594 3000 3595 3003 η

1856 3058 2045 3128 plent.
2083 3058 2261 3112 Porro
2293 3057 2621 3126 imperator
2652 3070 2833 3111 causa
2861 3054 3006 3110 tanti
3034 3053 3229 3109 luctus
3252 3053 3512 3123 cognita,

1857 3145 2264 3202 misericordia
2298 3149 2662 3210 commotus,
2715 3142 3080 3199 mulierculis
3120 3141 3425 3211 condolet,
3459 3146 3517 3197 et

1855 3249 1965 3306 pro
2012 3235 2386 3291 humanitate
2428 3249 2541 3291 sua
2588 3249 2832 3290 summa
2861 3231 3220 3288 sententiam
3269 3235 3512 3287 mutat:

1854 3325 2174 3395 potiusque
2215 3339 2375 3392 aeger
2402 3339 2531 3378 esse
2570 3322 2712 3388 vult,
2743 3337 2929 3395 quam
2965 3336 3071 3392 per
3120 3326 3243 3376 tam
3279 3319 3517 3375 abomi-

1852 3415 2125 3468 nandum
2148 3413 2340 3468 scelus
2365 3412 2804 3469 convalescere.
2843 3409 3020 3483 490
3051 3410 3254 3480 Itaque
3284 3407 3514 3480 prolixe

1850 3501 2237 3573 illacrymans
2270 3516 2282 3555 :
2310 3520 2336 3552 cr
2364 3501 2636 3565 Romani,
2660 3500 2870 3573 inquit,
2908 3497 3145 3570 imperii
3170 3497 3433 3566 dignitas
3456 3501 3517 3552 et

1851 3588 2187 3661 amplitudo
2242 3590 2468 3646 fontem
2517 3596 2697 3662 atque
2751 3588 3018 3644 radicem
3071 3601 3277 3641 veram
3328 3584 3517 3640 habet

1850 3679 2153 3750 pietatem.
2189 3680 2259 3733 Ut
2288 3678 2467 3750 igitur
2488 3694 2560 3734 ex
2598 3694 2670 3734 ea
2707 3693 2803 3733 me
2828 3674 3176 3749 provenisse
3224 3673 3511 3730 omnibus

1848 3766 2078 3839 liquido
2103 3767 2440 3833 ostendam,
2473 3767 2877 3823 valetudinem
2891 3780 3087 3821 meam
3102 3764 3511 3820 innocentium

1849 3871 2176 3929 puerorum
2212 3857 2345 3912 vitae
2402 3856 2762 3929 posthabeo.
2828 3878 2849 3905 ι
2901 3854 2999 3911 His
3056 3853 3256 3910 verbis
3313 3852 3510 3918 dictis,

1849 3945 2041 4002 solida
2068 3961 2314 4017 prorsus
2327 3944 2725 4002 beneficentia
2749 3943 3208 4002 acerbissimum
3247 3944 3509 3998 matrum

1848 4034 2118 4091 dolorem
2144 4035 2369 4091 solatur
2388 4040 2443 4092 et
2468 4035 2682 4100 aufert,
2704 4033 3003 4106 simulque
3029 4032 3283 4088 domum
3314 4047 3508 4087 rever-

1848 4122 2008 4180 titur.
2071 4124 2383 4180 Enimvero
2451 4130 2628 4180 nocte
2710 4123 2990 4195 proxima
3043 4121 3330 4177 bonitatis
3380 4121 3509 4192 ejus

1847 4210 2107 4268 fructum
2160 4213 2410 4284 percipit
2469 4212 2938 4284 amplissimum.
2996 4211 3203 4266 Petrus
3249 4210 3409 4265 enim
3454 4212 3512 4265 et

1846 4302 2066 4359 Paulus
2112 4302 2527 4374 apostolorum
2567 4303 2867 4373 principes
2910 4300 2963 4356 ei
2993 4303 3288 4371 apparent
3325 4301 3380 4354 et
3424 4297 3512 4352 di-

1846 4395 1989 4446 cunt
2029 4406 2043 4445 :
2077 4390 2482 4456 Constantine,
2521 4407 2623 4447 nos
2652 4406 2856 4446 sumus
2892 4390 3100 4445 Petrus
3129 4392 3186 4443 et
3206 4388 3432 4442 Paulus
3470 4403 3507 4443 a

1844 4478 2096 4535 Domino
2116 4481 2236 4535 Deo
2258 4480 2338 4535 ad
2367 4486 2423 4535 te
2468 4479 2648 4545 missi,
2672 4483 2739 4533 ut
2757 4480 2992 4549 signum
3034 4477 3139 4532 tibi
3151 4483 3202 4531 et
3222 4475 3503 4531 indicium

1842 4568 2053 4624 salutis
2082 4568 2484 4625 exhibeamus.
2522 4569 2743 4624 Deinde
2770 4584 2909 4624 eum
2940 4566 3278 4631 hortantur,
3312 4570 3375 4618 ut
3403 4580 3508 4619 an-

1842 4655 2083 4712 tistitem
2113 4672 2424 4713 sacrorum
2449 4657 2578 4728 ejus
2612 4656 2775 4712 urbis
2817 4655 3178 4728 Sylvestrem
3217 4653 3502 4724 inquirat,

1840 4745 2004 4816 apud
2030 4761 2213 4817 quem
2258 4745 2499 4816 piscina
2519 4747 2610 4809 sit,
2642 4746 2703 4801 in
2727 4761 2852 4812 qua
2881 4745 2927 4799 si
2948 4743 3197 4807 lavaret,
3240 4742 3503 4796 celeriter

1842 4833 2124 4891 morbum
2147 4849 2393 4889 omnem
2415 4850 2729 4890 cessurum
2757 4850 2769 4889 :
2796 4833 2976 4906 idque
2990 4847 3065 4888 ea
3097 4831 3306 4901 gratia,
3334 4830 3499 4901 quod

1839 4922 2262 4978 innocentibus
2279 4923 2707 4994 etiucorruptis
2726 4921 3057 4977 infantibus
3080 4921 3262 4976 vitam
3279 4919 3496 4974 donas-

1841 5015 1952 5067 set.
2003 5010 2181 5066 Porro
2248 5016 2311 5066 ut
2381 5028 2521 5067 eum
2579 5026 2831 5066 somnus
2876 5009 3137 5080 reliquit.
3196 5007 3499 5063 medicum

1840 5105 2137 5156 astantem
2159 5098 2514 5169 longissime
2552 5113 2677 5154 ase
2731 5096 2982 5169 repellit,
3029 5110 3152 5151 non
3191 5095 3320 5166 jam
3378 5099 3502 5150 arte

1841 5193 1945 5244 aut
1959 5203 2073 5260 ope
2090 5189 2356 5245 humana
2371 5203 2433 5243 se
2450 5186 2719 5257 indigere
2740 5185 2967 5250 dicens,
2995 5183 3281 5240 auxilium
3322 5183 3498 5237 dein-

1841 5292 1983 5350 ceps
2009 5281 2068 5333 et
2097 5276 2349 5333 salutem
2398 5276 2476 5333 ab
2519 5274 2805 5332 Altissimi
2861 5290 3047 5330 manu
3072 5274 3494 5328 adventuram.

1841 5365 2050 5438 Itaque
2099 5365 2367 5422 medicus
2430 5365 2509 5422 ab
2548 5381 2619 5421 eo
2673 5363 2945 5419 discedit.
3005 5364 3070 5418 Ut
3116 5367 3318 5417 autem
3368 5360 3500 5432 Syl-

1840 5460 2029 5512 vester
2068 5454 2148 5527 (1)
2188 5454 2412 5512 accitus
2461 5453 2675 5518 adfuit,
2707 5456 2763 5509 et
2788 5468 2860 5509 ea
2885 5468 3011 5524 qua
3051 5450 3250 5506 decuit
3286 5449 3499 5505 obser-

1840 5560 2042 5618 multis
2073 5566 2274 5617 tamen
2295 5560 2357 5617 in
2388 5559 2529 5616 urbe
2559 5562 2729 5616 Rom.
2773 5556 3089 5615 Catholicis
3128 5556 3246 5624 legi
3276 5570 3497 5625 cogno-

1838 5634 2058 5702 vimus,
2100 5638 2156 5690 et
2184 5648 2297 5706 pro
2342 5633 2593 5706 antiquo
2647 5647 2759 5687 usu
2804 5630 3009 5688 multas
3038 5629 3156 5687 hoc
3184 5628 3499 5684 imitantur
