4028 6294
567 325 703 388 1283

1876 323 2268 382 NICEPHORI
2307 313 2632 383 CALLISTI
3705 331 3798 387 19.85

559 457 762 514 vantia
787 459 846 510 et
871 453 1250 510 veneratione
1291 451 1600 508 considere
1627 451 1832 522 jussus
1880 454 1986 516 est,
2026 451 2212 506 habe-

2331 457 2452 503 στοῦ
2504 451 2720 508 θεότητα
2770 443 3083 519 διεκήρυξαν
3136 448 3320 513 ἔθνεσι,
3358 451 3444 500 καὶ
3475 447 3518 512 ἐξ
3549 450 3681 502 αὐτῶν
3705 461 3804 508 πᾶσι

563 552 729 602 retne
767 547 912 601 deos
945 543 1093 599 Petri
1135 547 1190 598 et
1230 541 1390 599 Pauli
1435 541 1856 613 appellatione,
1900 540 2216 610 diligenter

563 651 702 692 eum
743 633 1165 691 Constantinus
1191 635 1279 688 est
1303 632 1742 704 percunciatus.
1778 630 1864 686 Ibi
1895 629 2213 701 Sylvester,

563 725 764 788 Nobis,
793 723 1004 795 inquit,
1025 738 1060 777 o
1082 721 1425 792 imperator,
1452 720 1535 776 dii
1561 721 1728 778 multi
1756 734 1877 776 non
1908 726 2073 778 sunt.
2109 719 2216 775 sed

562 830 739 878 unus,
772 812 943 883 cujus
968 827 1122 882 opus
1153 815 1241 868 est
1284 811 1630 868 universum
1660 811 1795 864 hoc.
1829 812 2032 866 Petrus
2073 823 2216 868 vero

560 908 614 958 et
637 901 874 967 Paulus,
904 918 1052 973 quos
1069 901 1285 964 dixisti,
1314 899 1395 955 dii
1422 915 1664 971 prorsus
1678 914 1798 954 non
1814 902 1974 963 sunt,
2006 913 2217 954 verum

563 992 716 1046 servi
747 997 803 1046 et
851 991 1108 1062 apostoli
1154 990 1249 1045 Dei
1280 1008 1292 1045 :
1333 989 1436 1061 qui
1462 989 1626 1060 quod
1657 988 1955 1060 praecipue
1977 991 2218 1060 propter

562 1081 864 1149 egregiam
896 1079 1100 1143 tidem,
1135 1079 1556 1149 charitatisque
1591 1077 1866 1134 ardorem
1901 1082 1957 1133 et
1989 1075 2218 1132 deside—

559 1170 717 1225 rium
752 1173 867 1224 Deo
898 1169 1059 1224 cbari
1092 1168 1366 1239 gratique
1413 1166 1594 1232 fuere,
1638 1166 1970 1222 sanctitatis
2014 1181 2217 1222 arcem

566 1263 958 1329 occuparunt,
1009 1257 1271 1328 primum
1325 1256 1478 1312 inter
1535 1259 1777 1312 sanctos
1824 1254 2026 1310 locum
2068 1255 2220 1312 obti-

560 1353 792 1402 nentes.
827 1346 1002 1401 Primi
1032 1346 1256 1417 quippe
1299 1344 1408 1414 ipsi
1441 1343 1720 1413 gentibus
1760 1343 2042 1398 omnibus
2072 1343 2220 1400 divi-

563 1436 811 1490 nitatem
853 1434 1087 1489 Domini
1118 1432 1309 1490 nostri
1333 1434 1473 1487 Jesu
1505 1431 1717 1488 Christi
1763 1431 2217 1500 annuntiarunt,

567 1529 746 1595 atque
786 1523 863 1578 ab
891 1523 1032 1594 ipsis
1054 1522 1316 1578 ecclesiae
1355 1537 1567 1577 omnes
1599 1521 1766 1578 initia
1797 1537 1906 1577 sua
1944 1535 2221 1592 sumpse-

564 1618 723 1668 runt.
763 1616 952 1682 Atque
995 1611 1096 1678 illi,
1138 1626 1316 1682 opere
1339 1616 1394 1666 et
1421 1626 1600 1666 cursu
1631 1626 1740 1665 suo
1770 1609 2089 1682 completo,
2114 1623 2220 1681 per

566 1703 922 1772 martyrium
982 1718 1051 1756 ex
1085 1701 1195 1756 hac
1226 1701 1342 1756 vita
1372 1700 1726 1769 migrarunt,
1759 1703 1816 1754 et
1843 1715 2006 1765 nunc
2043 1699 2221 1754 amici

2324 539 2612 595 Ἐκκλησία
2653 542 2740 596 τὴν
2795 535 2966 608 ἀρχὴν
3017 540 3170 609 ἔσχε.
3224 541 3324 594 Καὶ
3371 541 3425 589 τὸ
3483 541 3602 611 ἔργον
3644 541 3806 595 τελεστι-

2323 647 2424 693 τις,
2457 631 2728 700 μαρτυρίῳ
2778 626 3060 688 ὑπεξῆλθον
3107 630 3194 677 τὸν
3235 624 3366 698 βίον,
3396 632 3480 680 καὶ
3523 636 3595 680 νῦν
3620 629 3698 682 εἰσι
3721 633 3806 700 stin:

2323 724 2414 769 τοῦ
2461 718 2894 789 παντοκράτορος.
2961 714 3047 777 Ὠς
3107 712 3166 768 δὲ
3213 720 3305 768 καὶ
3356 719 3419 768 τὰ
3465 718 3561 769 θεῖα
3597 722 3807 771 τούτω-νεί-

2323 808 2576 877 κοίσματα
2619 805 2996 871 duiut-austeri
3053 805 3077 855 ὁ
3143 806 3348 878 ἱεράρης
3411 803 3582 876 ἐξάγων
3640 805 3810 874 ἐδείκνυε,

2325 902 2613 953 τηνικαῦτα
2670 891 2917 965 διαγνοὺς
2969 892 3354 967 ἀκριϐέστερον,
3398 893 3567 956 αὐτοὺς
3606 892 3706 948 εἶναι
3739 905 3815 958 ξονς

2327 992 2571 1064 ὀφθέντας
2627 989 2941 1047 διεϐιϐαίου.
3001 992 3088 1045 Ἐν
3141 990 3270 1044 ἑπτὰ
3323 988 3407 1044 οὖν
3463 994 3652 1064 ἡμέραις
3690 998 3816 1047 σέας-ι

2325 1083 2647 1156 περιθέμενος
2679 1080 2790 1133 ἀντὶ
2838 1089 2928 1139 τῆς
2985 1076 3315 1150 ἀλουργίδος,
3369 1086 3568 1150 νηστείᾳ
3600 1100 3645 1132 τε
3687 1082 3820 1151 σχολα-

2329 1189 2427 1231 σας
2481 1175 2572 1221 καὶ
2624 1177 2925 1243 προσευχῇ,
2980 1169 3187 1228 κλείσας
3231 1188 3285 1222 τε
3324 1172 3440 1230 τοὺς
3479 1166 3674 1222 εἰδώλων
3704 1176 3815 1236 ναοὺς,

2327 1264 2417 1310 καὶ
2483 1261 2549 1310 τὰ
2605 1255 2947 1332 δεσμωτήρια
2997 1254 3284 1322 διανοίξας,
3344 1257 3497 1310 πολὺν
3544 1277 3592 1311 τε
3633 1261 3704 1310 τὸν
3740 1258 3816 1310 Elim

2326 1352 2416 1399 καὶ
2465 1344 2662 1418 δαψιλῆ
2710 1351 2803 1405 τὴν
2851 1352 3114 1418 χορηγίαν
3166 1347 3334 1398 ἅπασι
3375 1350 3662 1421 παρασχὼν,
3701 1346 3813 1399 triti

2327 1433 2472 1510 ὕδωρ
2518 1435 2728 1510 ἐχώρει,
2781 1436 2947 1507 εὐχῆς
2999 1435 3230 1496 ἐκτενοῦς
3273 1438 3373 1488 ὑπὸ
3430 1438 3594 1499 πάσης
3638 1441 3811 1505 γινομινις

2328 1534 2419 1587 τῆς
2475 1525 2776 1591 ἐκκλησίας,
2826 1533 2916 1577 τοῦ
2983 1525 3293 1598 Σιλϐέστρου
3356 1526 3725 1598 προσταξαντος.
3763 1533 3814 1578 Kr.

2329 1618 2459 1688 πρὸς
2507 1618 2564 1666 τὸ
2603 1611 2746 1686 ὕδωρ
2793 1616 2818 1666 ὁ
2861 1616 3020 1686 ἱερεὺς
3065 1611 3289 1679 ἀπιδὼν,
3341 1621 3523 1679 Τοῦτο,
3565 1615 3697 1684 ἔλεγε,
3731 1614 3820 1686 βατι-

2328 1704 2434 1768 λεῡ,
2480 1713 2542 1776 τῇ
2589 1703 2856 1760 ἐπικλήσει
2913 1712 3007 1764 τῆς
3044 1703 3353 1774 ζωαρχικῆς
3401 1700 3612 1776 Τριαόος
3647 1705 3826 1772 θείοις

565 1789 1176 1861 suntOmnipotentis.
1205 1789 1309 1844 Ubi
1336 1805 1471 1844 vero
1497 1804 1698 1844 sacras
1717 1803 1960 1860 quoque
1982 1787 2219 1844 illorum

2331 1796 2592 1864 τεσχηκός
2647 1789 2932 1863 δυνάμεως,
2989 1793 3160 1864 ὥσπερ
3226 1791 3292 1843 τᾶ
3342 1795 3484 1852 ἐκτὸς
3537 1800 3617 1844 τοῦ
3670 1801 3829 1862 σώματος

567 1880 793 1948 efﬁgies
833 1878 1160 1951 requisivit,
1201 1883 1257 1934 et
1305 1877 1616 1934 hierarcha
1655 1893 1758 1932 eas
1791 1877 1874 1933 illi
1911 1877 2218 1932 exhibuit:

564 1974 692 2024 tum
743 1985 803 2023 re
830 1967 1045 2023 certius
1079 1968 1334 2036 cognita,
1361 1982 1464 2022 eos
1494 1967 1658 2037 ipsos
1687 1981 1823 2022 esse
1853 1982 2006 2038 quos
2036 1965 2222 2022 vidis-

571 2063 679 2123 set,
707 2057 1104 2112 conﬁrmavit.
1121 2056 1327 2128 Itaque
1353 2072 1462 2127 pro
1486 2071 1755 2128 purpura
1777 2071 2019 2112 saccum
2040 2056 2223 2112 sumit

573 2147 787 2202 diebus
808 2152 1058 2217 septem,
1084 2145 1396 2216 acjejunio
1427 2151 1482 2200 et
1512 2145 1768 2201 orationi
1798 2151 1996 2210 vacat,
2036 2144 2224 2200 idolo-

567 2251 704 2291 rum
750 2235 974 2305 templa
1008 2234 1248 2298 claudit,
1281 2249 1549 2290 carceres
1599 2233 1814 2304 aperit,
1853 2250 1961 2306 per
1997 2234 2224 2289 miseri-

568 2323 837 2380 cordiam
879 2325 1128 2379 multam
1168 2322 1486 2378 liberaliter
1523 2339 1734 2378 omnes
1775 2327 2143 2388 muneratur,
2166 2328 2224 2380 et

567 2415 813 2469 tandem
845 2412 919 2467 ad
937 2428 1142 2467 sacras
1165 2411 1657 2481 undasprocedit.
1689 2411 1861 2483 491
1894 2411 2224 2468 Vehemens

568 2508 770 2558 autem
791 2501 1093 2556 etintensa
1124 2501 1202 2556 ab
1232 2499 1487 2556 ecclesia
1504 2501 1691 2566 omni,
1720 2502 1803 2558 ita
1832 2507 1896 2556 ut
1927 2501 2224 2573 Sylvester

561 2591 846 2661 jusserat,
899 2590 1087 2646 oratio
1126 2589 1325 2645 ﬁebat.
1375 2591 1630 2645 Antistes
1668 2606 1846 2661 porro
1889 2591 1968 2647 ad
1997 2606 2222 2663 aquam

565 2680 852 2752 baptismi
883 2680 1226 2750 respiciens,
1261 2681 1413 2747 Haec,
1444 2679 1654 2750 inquit,
1687 2679 2032 2750 imperator,
2063 2695 2224 2752 aqua

569 2768 768 2824 divina
795 2769 1007 2823 virtute
1037 2783 1144 2838 per
1165 2767 1606 2824 invocationem
1627 2767 1876 2824 vivificaa
1924 2768 2222 2824 Trinitatis

569 2864 881 2929 concepta,
927 2857 1099 2912 sicuti
1153 2861 1318 2912 extra
1369 2872 1588 2928 corpus
1621 2856 1886 2914 hominis
1907 2857 2114 2922 abluit,
2143 2858 2225 2914 ita

569 2948 746 3004 etiam
762 2948 1034 3003 animam
1061 2946 1211 3002 intra
1246 2962 1281 3001 a
1311 2945 1486 3002 sorde
1516 2951 1571 3002 et
1601 2945 2014 3018 inquinatione
2058 2947 2224 3002 omni

565 3036 989 3101 mundiﬁcans,
1005 3033 1476 3107 splendidiorem
1492 3034 1676 3090 radiis
1705 3034 2002 3090 solaribus
2023 3035 2220 3094 eﬂicit.

2329 1884 2596 1954 καθαίρειν
2640 1879 2799 1950 οἶδεν,
2833 1882 2968 1933 οὕτω
3012 1886 3099 1934 καὶ
3131 1881 3316 1953 ψυχὴν
3346 1878 3560 1943 κηλίδος
3584 1883 3726 1944 πάσης
3753 1880 3834 1932 ἀπε-

2329 1974 2599 2044 καθαῐρον,
2653 1971 3010 2044 λαμπροτέραν
3066 1979 3162 2022 τῶν
3239 1971 3467 2029 ἡλιακῶν
3531 1970 3715 2023 ἀκτίνων
3768 1967 3837 2022 δεί-

2331 2079 2505 2114 κνυσι.
2563 2064 2664 2112 Καὶ
2711 2064 2882 2112 τοίνυν
2939 2060 3009 2129 τῷ
3057 2058 3210 2131 ἐλαίῳ
3260 2062 3528 2132 χρισϐεὶς,
3591 2063 3743 2112 εἴσεισι
3784 2063 3837 2109 τοι

2330 2149 2578 2222 λουτῆρα.
2644 2149 2784 2201 Ἐπεὶ
2839 2145 2897 2202 δὲ
2941 2154 3032 2201 καὶ
3083 2152 3113 2207 ἡ
3167 2157 3257 2209 τῆς
3288 2150 3448 2220 ἁγίας
3474 2145 3839 2221 Τριάδοςὼςὲἱῑος

2333 2239 2604 2300 ἐπίκλησις
2654 2241 2846 2311 εἴρητο,
2926 2236 3110 2310 ἀθρόον
3195 2237 3349 2308 αἴγλη
3415 2242 3575 2308 φωτὸς
3626 2236 3841 2310 ἀπορρήτου

2331 2329 2483 2379 ποθεν
2528 2322 2903 2390 ἐκπηδήσασα,
2970 2329 3056 2378 τὸν
3135 2335 3312 2399 χῶρον
3373 2332 3730 2400 κατήστραπτε.
3781 2331 3845 2376 ttat

2333 2413 2469 2488 ἦχος
2524 2413 2582 2468 δέ
2631 2435 2706 2475 τις
2752 2415 2978 2478 ἐξαίσιος
3034 2415 3374 2485 ὑπεψοίλλετο,
3444 2419 3512 2477 ὡς
3555 2415 3605 2466 ἐκ
3653 2433 3845 2486 παναρμο-

3235 2511 3333 2558 Καὶ
3383 2505 3583 2566 ἐξῆλθεν
3645 2505 3847 2572 ἁπαν-πέρι·

2335 2613 2454 2654 στος
2507 2591 2771 2665 βασιλεὺς,
2823 2593 2936 2654 ὅλος
2996 2600 3086 2644 τοῦ
3137 2595 3318 2664 ὑγιοῦς
3361 2598 3612 2664 μετέχων,
3665 2593 3733 2643 οἱοί
3779 2610 3850 2642 rm

2330 2510 2436 2557 νίου
2505 2505 2656 2577 λύρας
2715 2504 3161 2577 ἀνακροτουμενος.

2331 2688 2512 2741 καινὴν
2547 2685 2718 2757 σάρκα
2763 2685 3123 2754 ἠμφιεσμένος,
3171 2685 3359 2736 ὡσανεί
3422 2703 3565 2745 τινας
3605 2683 3768 2752 ἰχθύων
3798 2680 3848 2730 λε-

2331 2770 2493 2834 πίδας
2536 2770 2608 2842 τῷ
2650 2769 2810 2824 ὕδατι
2862 2770 3088 2843 ἐπαφείς.
3141 2770 3315 2842 Ἔλεγε
3357 2767 3422 2825 δὲ
3479 2777 3728 2824 καὶτοῦτο
3770 2772 3852 2839 τρες

2331 2866 2418 2914 τὸν
2475 2863 2730 2936 μακάριον
2784 2859 3085 2935 Σίλϐεστρον
3123 2878 3136 2889 ’
3193 2863 3260 2922 ὡς
3303 2859 3488 2934 ὅτιπερ
3528 2859 3598 2913 ἐτι
3645 2856 3853 2930 διατρίϐω

2331 2958 2437 3011 τοῖς
2465 2946 2653 3014 ὕδασι,
2707 2955 2890 3022 χειρός
2941 2970 3080 3010 τινος
3108 2948 3302 3020 ἐπαφήν
3361 2952 3436 3011 ὡς
3475 2951 3535 3000 οἷν
3573 2947 3625 3000 ἐκ
3653 2955 3729 2999 τοῦ
3752 2949 3850 3012 οὔρι-

2331 3046 2420 3094 νοῦ
2472 3041 2790 3111 πεμφθείσης
2837 3039 3137 3094 αἰσθέσθαι.
3195 3039 3305 3090 ’Σὺν
3360 3039 3508 3108 αὐτῷ
3560 3035 3616 3091 δὲ
3656 3042 3734 3089 καὶ
3773 3041 3838 3088 [ει-

566 3128 633 3180 Et
657 3127 784 3195 jam
816 3124 946 3179 oleo
962 3128 1175 3179 unctus
1205 3123 1514 3180 lavacrum
1538 3123 1632 3178 ille
1663 3123 2015 3192 ingreditur,
2043 3129 2219 3196 atque

2336 3148 2466 3188 σπος
2518 3130 2542 3179 δ
2583 3128 2743 3181 αὐτοῦ
2793 3131 2901 3188 υἱὸς
2943 3136 3034 3179 τοῦ
3084 3130 3220 3180 θείου
3268 3127 3644 3199 μεταλαμϐάνει
3672 3126 3834 3196 λουτροῦ·

565 3230 732 3270 more
784 3219 1022 3284 recepto
1054 3212 1446 3268 sanctissimae
1475 3212 1772 3268 Trinitatis
1800 3211 1866 3266 ﬁt
1894 3212 2217 3270 invocatio.

2331 3222 2420 3270 καὶ
2450 3218 2602 3289 ἄμφω
2635 3213 2693 3269 δὲ
2722 3216 2905 3276 στολὴν
2943 3213 3494 3286 λευκὴνξὲνεδύσαντο.

566 3301 956 3358 Eteccelucis
1013 3300 1432 3356 inenarrabilis
1479 3300 1762 3372 splendor
1791 3301 2064 3357 alicunde
2104 3304 2389 3371 emicans,
2425 3306 2627 3363 locum
2669 3322 2808 3362 eum
2838 3305 3110 3370 illustrat,
3143 3310 3201 3360 et
3230 3321 3418 3362 sonus
3470 3304 3705 3377 quidam
3729 3299 3854 3356 admi-

563 3392 793 3448 randus
821 3391 992 3446 veluti
1019 3389 1283 3460 psalterii
1331 3394 1388 3444 et
1416 3389 1560 3459 lyrae
1589 3389 1868 3446 absoluta
1905 3391 2224 3450 harmonia
2250 3399 2306 3449 et
2331 3400 2625 3450 concentu
2663 3395 2931 3452 redditus
2981 3394 3320 3452 exauditur.
3369 3393 3674 3464 Egreditur
3707 3386 3857 3446 deinde

563 3486 870 3553 mperator
898 3480 1160 3551 optimus
1191 3495 1221 3532 e
1263 3479 1524 3544 lavacro,
1569 3483 1725 3534 totus
1765 3479 1966 3536 salvus
2010 3487 2066 3538 et
2115 3481 2453 3547 incolumis,
2503 3483 2752 3555 perinde
2800 3489 2980 3555 atque
3013 3499 3191 3540 carne
3253 3483 3744 3543 recentiindutus,
3775 3477 3857 3548 qui-

566 3571 826 3626 busdam
870 3569 1044 3640 quasi
1073 3568 1329 3640 piscium
1360 3572 1693 3639 squammis
1734 3568 1796 3625 in
1834 3570 1999 3626 unda
2026 3570 2267 3628 relictis.
2326 3578 2517 3645 Atque
2549 3574 2628 3629 ibi
2660 3573 2833 3629 beato
2865 3590 3107 3648 quoque
3160 3573 3466 3644 Sylvestro
3503 3573 3657 3634 dixit,
3695 3585 3749 3624 se
3771 3580 3858 3622 cum

564 3660 761 3716 adhuc
792 3659 855 3714 in
919 3660 1100 3713 sacris
1139 3662 1295 3714 esset
1335 3657 1534 3722 undis,
1595 3673 1812 3714 manus
1860 3660 2178 3730 cujusdam
2210 3661 2390 3718 veluti
2444 3678 2475 3718 e
2506 3662 2657 3718 coelo
2711 3664 2912 3718 missae
2957 3668 3246 3720 attactum
3299 3663 3583 3720 sensisse.
3625 3662 3734 3716 Una
3771 3669 3858 3711 cum

562 3750 698 3819 ipso
730 3754 929 3803 autem
958 3747 1202 3818 Crispus
1242 3745 1424 3804 etiam
1461 3746 1619 3804 ﬁlius
1656 3748 1786 3818 ejus
1822 3748 2096 3806 divinum
2126 3751 2507 3823 participavit
2542 3752 2874 3817 lavacrum,
2910 3757 2966 3809 et
2997 3751 3176 3808 ambo
3214 3751 3544 3810 candidam
3582 3757 3774 3811 vestem
3809 3745 3858 3798 ἰη-

564 3837 845 3894 duerunt.

1155 3961 1376 4017 CAPUT
1404 3958 1637 4016 XXXIV.

567 4068 709 4138 Quae
746 4070 880 4138 post
914 4066 1272 4136 baptismum
1324 4067 1750 4150 commisimus
1780 4068 2041 4141 Magnus
2068 4077 2225 4128 recte

1209 4145 1602 4194 constituerit.

636 4250 767 4304 Mox
799 4246 1082 4318 deinceps
1101 4245 1296 4316 legem
1320 4221 1584 4317 primum
1610 4246 1738 4312 fert,
1757 4251 1820 4304 ut
1849 4249 1951 4321 qui
1973 4251 2224 4321 posthac

563 4352 670 4408 per
703 4335 1146 4405 blasphemiam
1177 4333 1407 4389 Christo
1449 4334 1824 4402 maledicere,
1881 4347 1984 4395 aut
2010 4356 2224 4410 quem-

2943 3967 3208 4019 KE‘PAA'.
3241 3967 3366 4018 AA'.

2337 4075 2494 4146 Περὶ
2537 4073 2658 4145 φῶν
2700 4075 2857 4146 μετὰ
2893 4075 2959 4124 τὸ
3001 4070 3343 4145 βάπτισμα
3383 4074 3408 4124 ὁ
3460 4077 3656 4145 μέγας
3706 4065 3855 4120 διετέ-

2783 4145 2932 4206 ξατο
2976 4151 3424 4196 Κωνσταντῖνο
3444 4167 3486 4206 ς.

2407 4255 2510 4303 Καὶ
2560 4248 2677 4309 δῆτ’
2710 4250 2763 4313 ἐξ
2817 4251 2979 4312 αὐτῆς
3023 4256 3175 4322 νόμον
3220 4259 3424 4324 πρῶτον
3472 4250 3738 4309 ἐκτίθησιν,
3773 4246 3860 4295 ὥστε

2331 4343 2415 4392 τὸν
2469 4347 2562 4391 τοῦ
2617 4338 2799 4392 λοιποῦ
2855 4340 3122 4410 τολμῶντα
3176 4339 3570 4412 βλασφημῆσαι
3611 4333 3858 4413 Χριστὸν,ἑ

565 4442 750 4500 quam
792 4425 894 4496 qui
925 4424 1055 4494 ejus
1087 4429 1404 4479 censentur
1434 4425 1696 4492 nomine,
1728 4425 1948 4496 injuria
1987 4427 2219 4484 afﬁcere

2332 4449 2448 4481 τινα
2494 4438 2593 4482 τῶν
2656 4429 2846 4480 ἐκείνου
2914 4433 3209 4502 τιμωμένων
3276 4429 3491 4503 ὀνόματι
3545 4426 3787 4487 ἀδικῆσαι,
3827 4424 3860 4469 τά

567 4515 834 4579 auderet,
863 4513 1175 4569 dimidiam
1195 4513 1494 4568 bonorum
1518 4530 1764 4569 suorum
1793 4523 2025 4588 partem
2052 4519 2221 4572 amit-

565 4609 732 4660 teret.
793 4604 855 4656 Et
899 4602 1183 4656 manibus
1227 4602 1355 4673 ipse
1418 4603 1540 4656 suis
1588 4603 1792 4672 ligone
1855 4612 2120 4678 accepto,
2157 4607 2218 4662 in

563 4691 791 4763 palatio
819 4706 926 4745 suo
960 4690 1126 4763 quod
1156 4690 1552 4747 Lateranense
1583 4693 1815 4759 dicitur,
1849 4695 2079 4766 primus
2109 4700 2220 4751 ter-

561 4797 690 4836 ram
725 4779 948 4843 fodere,
982 4785 1038 4833 et
1069 4780 1333 4833 ecclesiae
1363 4778 1620 4835 formam
1640 4781 1699 4836 in
1727 4798 1950 4838 nomen
1985 4785 2219 4840 Domini

563 4869 908 4925 nostriJcsu
941 4868 1149 4923 Christi
1220 4868 1556 4924 describere
1585 4871 1784 4942 coepit.
1818 4872 2038 4928 Deinde
2078 4889 2218 4946 pro-

563 4957 874 5028 mulgavit,
922 4958 1265 5028 quicunque
1313 4963 1570 5028 egerent,
1626 4965 1683 5014 et
1749 4961 2217 5018 Christianorum

563 5047 1002 5106 sacracolenda
1023 5047 1409 5118 susciperent,
1434 5048 1518 5102 eis
1546 5054 1823 5120 sumptus
1857 5055 1914 5106 et
1939 5052 2214 5107 vestitum

564 5153 634 5192 ex
666 5134 959 5207 imperiali
987 5135 1194 5190 aerario
1227 5136 1544 5207 praebitum
1577 5138 1665 5192 iri.
1689 5141 1752 5193 Et
1775 5140 1962 5204 multi,
1995 5141 2216 5213 quibus

560 5227 675 5281 hoc
707 5227 786 5296 pii
835 5231 892 5280 et
935 5224 1191 5293 religiosi
1228 5225 1332 5279 viri
1364 5230 1743 5297 testarentur,
1795 5230 2049 5299 gratiam
2081 5247 2216 5285 eam

561 5321 618 5371 et
649 5329 872 5372 munus
905 5313 1448 5385 consequebantur.
1471 5321 1644 5372 Anno
1677 5333 1747 5373 eo
1778 5333 1962 5390 supra
1992 5319 2220 5374 duode-

566 5455 860 5511 Ecclesise.
892 5457 1006 5511 Sed
1037 5472 1173 5511 cum
1206 5456 1553 5531 huiusmodi
1585 5459 1806 5531 scripta
1857 5461 1936 5515 ad
1967 5461 2219 5517 Catholi-

567 5543 775 5582 corum
824 5544 1037 5584 manus
1085 5531 1489 5654 (pervenerint,
1539 5529 1718 5586 beati'
1748 5532 1912 5588 Pauli
1964 5533 2219 5602 apostoli

567 5599 858 5654 sententia
891 5615 1080 5654 ortece
1129 5603 1222 5654 at:
1259 5601 1472 5654 Omnia
1492 5601 1766 5654 probate.
1793 5602 1960 5654 auod
1984 5603 2216 5654 bonum

566 5599 858 5654 sententia
889 5599 1222 5670 praecedat:
1259 5601 1472 5657 Omnia
1492 5601 1766 5675 probate,
1793 5602 1960 5676 quod
1983 5599 2217 5664 bonum

2333 4525 2427 4579 τῆς
2480 4523 2787 4590 περιουσίας
2845 4518 3011 4589 ἣμισυ
3070 4518 3471 4592 προσαπολλειν.
3529 4523 3684 4592 Χερσὶ
3737 4511 3776 4565 δ’
3817 4511 3861 4560 εἰη

2331 4611 2497 4669 κείαις
2545 4606 2663 4669 ἑξῆς
2713 4607 2977 4659 ἀναλαϐὼν
3037 4604 3293 4674 δίκελλαν,
3352 4607 3401 4659 ἐν
3451 4618 3521 4678 τῷ
3563 4607 3766 4672 παλατίῳ
3805 4620 3862 4649 αν-

2330 4702 2420 4747 τοῦ
2473 4698 2499 4748 ὅ
2555 4694 2907 4772 Λᾶτερνήσιον
2937 4695 3158 4768 λέγεται,
3209 4705 3415 4771 πρῶτος
3467 4706 3563 4758 τῆς
3613 4696 3773 4769 ὀρυγῆς
3803 4693 3861 4759 ἐξ·

2330 4805 2457 4856 χετο
2483 4806 2496 4818 ο

2329 4882 2420 4925 τοῦ
2476 4880 2671 4949 Κυρίου
2720 4877 2864 4946 ἡμῶν
2919 4875 3095 4931 Ἰησοῦ
3151 4881 3408 4948 Χριστοῦ.
3470 4875 3682 4928 Ἔπειτα
3726 4870 3860 4941 ἐξηφί-

2579 4790 2668 4837 καὶ
2751 4785 3034 4846 ἐκκλησίας
3100 4789 3258 4837 τύπον
3313 4783 3590 4858 διέγραφεν
3638 4785 3701 4844 εἰς
3755 4784 3862 4846 ἄνομα

2332 4964 2468 5029 ζετο,
2530 4968 2694 5017 πάντα
2723 4967 2839 5016 τινα
2867 4969 2937 5038 μὴ
2981 4965 3212 5038 εὐπόρως
3268 4968 3459 5036 ἔχοντα
3500 4968 3564 5017 τὰ
3603 4963 3860 5037 Χριστιανῶν

2331 5053 2560 5125 ἑλόμενον
2591 5094 2603 5118 ,
2636 5056 2703 5104 τὰ
2754 5073 2807 5105 τε
2865 5052 3174 5124 ἀναλώματα
3225 5060 3313 5105 καὶ
3359 5057 3454 5116 τὰς
3485 5055 3699 5110 ἐσθῆτας
3731 5052 3773 5099 ἐκ
3796 5051 3859 5094 τῶν

2333 5140 2617 5214 βασιλικῶν
2667 5147 2911 5214 ταμιείων
2977 5143 3307 5215 πορίζεσθαι.
3371 5147 3473 5196 Καὶ
3523 5140 3859 5216 μαρτνρονμῢέί

2329 5231 2429 5282 ὑπὸ
2487 5230 2711 5282 εὐλαϐῶν
2743 5227 2963 5306 ἀνδρῶν,
3015 5239 3104 5290 τῆς
3156 5234 3379 5305 χάριτος
3406 5232 3641 5294 ἠξιοὺντο
3671 5250 3682 5260 ·
3715 5230 3784 5276 καί
3823 5236 3858 5288 γε

2326 5329 2398 5393 τῷ
2450 5321 2664 5392 ἐνιαυτῷ
2705 5321 2829 5396 ὑπὲρ
2883 5317 3138 5392 χιλιαδας
3188 5317 3417 5384 δώδεκα,
3479 5320 3607 5378 πλὴν
3668 5318 3856 5390 γυναικών

2327 5468 2418 5592 least
2446 5469 2654 5593 tlinete.
2684 5485 2712 5514 »
2741 5462 3007 5520 Gelasius
3037 5478 3199 5535 papa
3225 5463 3366 5518 dist.
3391 5468 3475 5530 15,
3511 5465 3723 5520 Sancta
3742 5458 3853 5513 Rom.

2381 5551 2445 5592 cc
2505 5551 2613 5593 sta.

2381 5551 2613 5596 εειεεια.
