4028 6294
123 310 249 386 1285

1143 315 1715 376 ECCLESIASTIC/E
1753 313 2110 376 HISTORLE
2158 315 2296 374 LIB.
2338 315 2462 375 VII.

3314 309 3454 376 4886

118 451 200 498 καὶ
247 441 493 513 παιδίων,
536 448 635 496 τῶν
675 439 1064 518 βαπτισθέντων
1102 441 1128 495 ὅ
1167 442 1390 518 ἀριθμός
1419 442 1696 516 ἐλογίζετο.

1837 444 1924 510 im
1976 443 2184 516 millia,
2239 445 2344 517 qui
2402 409 2694 516 baptizati
2742 447 2898 515 sunt,
2957 443 3243 510 virorum,
3292 449 3462 504 extra

117 534 171 588 Ἡ
219 537 304 608 μὲν
357 529 446 586 οὖν
495 539 588 584 τοῦ
639 539 876 605 Χριστοῦ
927 537 1120 606 ποίμνη
1158 534 1458 606 καθημίραν
1513 535 1577 596 ὡς
1633 531 1701 586 εἰ-

116 630 221 676 πεῖν
249 618 496 677 ἐπεδίδου
528 639 544 654 ο
594 624 660 674 τὰ
699 618 757 676 δε
810 631 910 674 τῶν
959 618 1184 676 εἰδώλων
1211 621 1418 696 ὑπέρρει
1452 623 1566 678 κατ’
1599 621 1702 676 ὀλί-

114 733 202 785 γον
248 717 334 768 καὶ
373 713 662 786 ἠφανίζετο.
703 716 805 766 Καὶ
860 707 928 772 δὴ
960 716 1056 769 τὴν
1095 711 1386 783 σύγκ)ητον
1417 711 1704 784 προσκαλε-

119 805 328 878 σάμενος
392 803 525 856 κατὰ
588 805 684 860 τὴν
759 798 1040 876 βασιλικὴν
1095 800 1370 874 λεγομένην
1446 799 1700 866 Ούλπίαν,

113 893 369 956 ἐθέσπιζον
425 891 690 968 εἰλικρινεῖ
743 887 973 962 διανοίᾳ,
1016 891 1159 954 θεοὺς
1196 898 1290 946 τοῦ
1331 889 1513 947 λοιποῦ
1573 894 1707 962 μήτε

112 982 364 1056 λέγεσθαι,
441 984 573 1054 μήτε
644 983 984 1034 πιστεύεσθαι
1016 996 1030 1008 ·
1091 976 1230 1054 μηδὲ
1290 981 1392 1054 γὰρ
1433 977 1561 1037 εἶναι
1623 977 1708 1032 ἆν-

116 1074 322 1145 θρώπων
383 1071 524 1132 θεούς
557 1089 570 1102 ·
629 1068 930 1144 ἀνθρώπους
970 1065 1028 1122 δὲ
1071 1067 1261 1140 μᾶλλον
1314 1069 1458 1132 θεοὺς
1507 1067 1706 1125 ἐκείνων

113 1159 236 1214 εἶναι
263 1178 276 1190 ·
317 1157 552 1212 κάκεῖνον
589 1154 640 1209 δ’
681 1157 888 1230 ἐναργὲς
927 1153 1226 1230 ὑπόδειγμα
1260 1159 1498 1229 ἔχοντας,
1547 1174 1710 1226 προσ-

110 1256 274 1302 κυνεῖν
337 1253 429 1300 καὶ
488 1245 654 1300 σέϐειν
706 1251 793 1300 τόν
850 1249 1040 1324 Κύριον
1099 1247 1305 1302 Ἰησοῦν
1359 1248 1589 1318 Χριστὸν
1641 1247 1708 1306 ὡς

114 1337 351 1398 ἀληθινόν
409 1340 563 1401 Θεὸν,
632 1339 724 1392 καὶ
767 1337 816 1390 ἓν
874 1335 1117 1409 οὐρανοῖς
1173 1332 1548 1408 βασιλεύοντα,
1609 1337 1711 1390 Καὶ

109 1433 380 1502 τεκμήριον
430 1433 524 1480 τοῦ
571 1431 702 1498 μήτι
755 1434 849 1490 τῆς
902 1424 1131 1490 παλαιᾶς
1175 1426 1520 1500 ἒπισύρεσθαι
1583 1423 1711 1478 πλά-

109 1537 204 1580 νης
251 1519 335 1568 τόν
373 1513 422 1568 ἕν
478 1522 550 1591 τῷ
587 1513 822 1585 παλατίῳ
879 1510 1081 1568 ἐδείκνυ
1119 1519 1260 1569 νεών.
1317 1511 1374 1567 Ὁ
1427 1508 1487 1566 δε
1545 1507 1712 1585 δῆμος

111 1607 369 1678 ἓπεκρότει
417 1609 522 1666 τοῖς
581 1603 873 1677 εἰρημένοις
938 1610 1010 1673 τῷ
1058 1599 1306 1675 βασιλεῖ·
1349 1605 1439 1656 καὶ
1476 1603 1712 1674 τετράκις

112 1691 260 1760 δέκα,
309 1693 368 1746 '0
418 1701 518 1746 τῶν
563 1699 892 1766 Χριστιανῶν
938 1695 1064 1752 Θεὸς
1114 1690 1357 1752 ἀληθινός
1387 1694 1516 1752 Θεός
1547 1688 1707 1757 ἐστιν,

111 1783 350 1838 ἐπεϐόων.
405 1784 525 1840 Ἐπὶ
594 1784 802 1844 τούτοις
881 1783 1066 1855 ἐκύρου
1149 1779 1384 1836 ἑκούσιον
1447 1780 1576 1834 εἶναι
1621 1784 1712 1834 καὶ

108 1875 185 1945 μὴ
238 1873 729 1946 κατηναγκασμένον
787 1872 846 1922 τὸ
893 1866 1173 1944 βάπτισμα
1202 1886 1215 1898 °
1257 1873 1347 1922 καὶ
1403 1872 1474 1940 μὴ
1519 1867 1712 1941 ἀνθρω-

108 1964 242 2032 πίνῳ
278 1958 416 2033 φόϐῳ
465 1967 526 2032 τῇ
588 1958 804 2036 λατρεία
840 1961 1116 2031 προσιέναι
1147 1975 1161 1989 ·
1205 1953 1332 2012 ἀλλὰ
1364 1963 1589 2032 σώφρονι
1631 1956 1713 2010 λο-

106 2057 287 2122 ⁹λαισμῷ
337 2057 411 2120 τῷ
452 2049 568 2120 θείῳ
607 2047 884 2120 καταλόγῳ
962 2047 1349 2119 συζεύγνυσθαι
1403 2049 1490 2098 τὸν
1540 2047 1714 2119 αἰρού-

109 2159 277 2211 μενον.
331 2139 486 2213 Χαρά
535 2133 624 2190 οὖν
674 2135 902 2212 ἄρρητός
942 2134 1159 2212 εἰσέρρει
1198 2137 1265 2188 τὰ
1301 2133 1502 2203 πλήθη,
1540 2136 1714 2188 τοιού-

108 2249 205 2281 του
255 2233 411 2301 νόμου
472 2223 932 2300 διαφοιτῆσαντος,
987 2222 1194 2300 μηδένα
1245 2225 1440 2277 ἄκοντα
1477 2222 1553 2296 ἔφ’
1615 2223 1716 2278 iris

108 2338 207 2392 ραν
257 2321 398 2377 ἣκειν
460 2317 760 2390 θρησκείαν.
802 2315 1152 2388 Ἐκοσμοῦντο
1191 2315 1281 2385 μεν
1325 2309 1412 2365 οὖν
1453 2316 1548 2366 σὺν
1596 2319 1718 2380 ταῖς

109 2406 414 2471 ἒκκλησίαις
467 2409 533 2462 τὰ
585 2414 684 2460 τῶν
737 2404 896 2475 ἁγίων
942 2411 1170 2478 μνημεῖα
1205 2422 1218 2436 ο
1274 2405 1468 2458 καὶτὰ
1506 2405 1714 2475 θυμήρη

110 2495 444 2571 ἑϐραϐεύοντο
485 2502 600 2556 τοῖς
635 2495 685 2546 ἓν
725 2491 900 2564 ἰξορίᾳ
931 2509 944 2521 ·
978 2496 1068 2544 καὶ
1095 2498 1197 2554 πᾶς
1221 2511 1301 2554 τις
1345 2495 1576 2554 Χπιστόν
1602 2493 1723 2565 ὁμοε

109 2586 272 2658 λογῶν
298 2584 440 2658 φίλος
457 2592 528 2655 τῷ
552 2589 832 2658 κρατοῦντι
860 2580 1257 2657 ἀνεκηρύττετο.

1809 533 2088 596 mulieres
2111 539 2166 592 et
2186 549 2425 606 pueros,
2443 535 2502 598 in
2524 533 2817 595 rationem
2833 533 3301 604 regenerationis
3323 535 3464 593 sunt

1808 622 2016 684 relata.
2051 625 2115 682 Et
2151 637 2295 694 grex
2323 623 2569 695 quidem
2599 621 2814 680 Christi
2851 621 3117 695 quotidie
3145 638 3464 695 propemo-

1811 712 1959 776 dum
1987 712 2352 771 incrementa
2377 727 2482 773 sua
2513 711 2790 783 capiebat
2819 729 2832 770 :
2864 711 3323 775 simulacrorum
3355 727 3465 771 au-

1812 806 1934 862 tem
1968 799 2164 864 cultus
2203 798 2380 876 593
2421 799 2711 872 paulatim
2749 799 3004 864 difﬂuxit
3039 816 3111 860 ac
3147 800 3462 872 disparuit.

1813 889 1997 946 Porro
2029 893 2240 948 senatu
2270 889 2332 949 in
2359 887 2670 952 basilicam
2701 904 2838 961 quas
2869 888 3038 961 Ulpia
3064 888 3278 949 dicitur
3324 903 3465 949 oon-

1813 983 2047 1047 vocato.
2098 978 2330 1044 sincera
2381 983 2578 1036 mente
2623 979 2841 1046 sanxit,
2886 994 2960 1042 ne
3009 978 3085 1034 de
3127 983 3341 1038 caetero
3382 977 3468 1037 dii

1817 1083 1946 1124 esse
1996 1066 2085 1122 vel
2125 1066 2482 1139 dicerentur,
2541 1066 2634 1127 vel
2685 1066 3066 1129 crederentur
3104 1083 3119 1122 :
3161 1083 3284 1126 non
3321 1066 3468 1124 deos

1815 1157 2132 1219 hominum
2173 1171 2322 1226 esse,
2363 1155 2468 1218 sed
2503 1156 2702 1228 potius
2747 1156 3020 1214 homines
3049 1155 3194 1214 deos
3231 1155 3468 1219 illorum

1819 1261 1952 1310 esse
1981 1246 2260 1304 dictitans
2292 1261 2305 1299 :
2339 1250 2397 1305 et
2429 1261 2565 1302 cum
2593 1261 2655 1302 se
2685 1244 2888 1316 ipsum
2913 1261 2985 1302 ea
3014 1245 3074 1302 in
3104 1261 3166 1305 re
3193 1249 3469 1318 apertum

1819 1334 2324 1408 manifestumque
2352 1333 2642 1398 haberent
2661 1333 3025 1406 exemplum,
3055 1339 3120 1398 ut
3150 1333 3472 1395 Dominum

1819 1429 2090 1486 nastrum
2119 1424 2323 1490 Jesum
2355 1421 2655 1482 Christum
2686 1427 2750 1480 ut
2773 1424 2960 1484 Deum
2983 1438 3195 1485 verum
3219 1428 3476 1480 certumq

1819 1527 1936 1588 que
1964 1512 2025 1570 in
2053 1511 2216 1574 ccelis
2252 1516 2603 1582 regnantem
2634 1510 2955 1573 adorarent
2991 1517 3050 1570 et
3085 1511 3367 1571 colerent.
3405 1513 3474 1570 Et

1818 1616 1894 1658 ne
1940 1601 2075 1676 quis
2121 1599 2348 1676 aliquid
2395 1600 2612 1658 veteris
2661 1599 2877 1658 erroris
2923 1601 3087 1673 apud
3131 1616 3196 1657 se
3247 1599 3473 1663 haerere

1821 1689 2112 1764 suspicari
2159 1693 2383 1764 posset,
2431 1688 2786 1756 sinceritatis
2826 1705 2952 1749 sum
2997 1689 3287 1754 indicium
3321 1695 3474 1750 tem-9

1819 1778 1981 1850 plum
2035 1779 2097 1839 in
2147 1777 2374 1838 Palatio
2427 1793 2608 1840 suum
2657 1777 2933 1842 ostendit.
2981 1777 3243 1850 Populus
3293 1793 3478 1850 porro

1816 1867 2175 1938 huiusmodi
2202 1866 2581 1942 imperatoris
2600 1866 2774 1926 dictis
2799 1865 3200 1938 applaudens,
3221 1867 3480 1945 quadra-

1820 1957 2013 2027 gesies
2043 1955 2517 2026 Christianorum
2555 1959 2743 2022 Deum
2772 1971 2983 2020 verum
3012 1956 3200 2020 Deum
3227 1971 3359 2016 esse
3383 1972 3480 2014 ex-

1819 2045 2122 2106 clamavit.
2159 2045 2472 2110 Constituit
2501 2050 2810 2118 prmterea,
2835 2045 3240 2107 voluntarium
3271 2050 3328 2103 et
3356 2060 3481 2106 non

1821 2140 2096 2198 coactum
2134 2133 2508 2207 baptismum
2554 2151 2685 2192 esse
2722 2151 2736 2190 ε
2777 2150 2974 2208 neque
3017 2139 3179 2191 metu
3209 2137 3481 2198 humano

1823 2223 1897 2282 ad
1955 2223 2423 2283 Christianorum
2477 2222 2705 2284 cultum
2753 2239 3128 2296 quamquam
3172 2223 3478 2290 accedere,

1823 2329 2034 2374 verum
2064 2312 2384 2379 volentem,
2417 2316 2586 2372 casto
2619 2317 2976 2386 matureque
3017 2313 3286 2378 consilio,
3311 2329 3482 2374 sacro

1826 2403 2063 2461 illorum
2106 2417 2358 2459 numero
2389 2403 2700 2473 aggregari
2726 2401 2963 2461 debere.
2995 2403 3199 2475 Itaque
3227 2403 3485 2466 incredi-

1827 2491 1966 2550 bilis
1992 2492 2052 2548 in
2073 2490 2299 2564 populo
2325 2490 2434 2554 fuit
2453 2489 2676 2559 laetitia,
2697 2490 2828 2560 lege
2852 2507 2926 2548 ea
2959 2491 3291 2564 publicata;
3316 2492 3483 2564 quod

1825 2596 2004 2648 nemo
2031 2586 2240 2638 contra
2276 2579 2462 2643 animi
2496 2579 2586 2641 sui
2619 2580 2975 2640 sententiam
3015 2579 3093 2642 ad
3133 2581 3316 2641 aliam
3354 2580 3487 2641 reli-

111 2676 352 2745 gionem
399 2672 860 2751 pertraheretur.
909 2671 1054 2728 Cum
1103 2670 1366 2728 ecclesiis
1407 2669 1556 2742 ipsis
1598 2675 1994 2736 monumenta
2033 2674 2381 2731 sanctorum
2432 2669 2908 2736 exornabantur,
2957 2675 3250 2743 grataque
3293 2675 3350 2728 et
3397 2687 3492 2730 ac-

114 2769 285 2835 cepta
321 2763 382 2822 in
425 2761 700 2823 exsilium
727 2760 875 2818 actis
908 2759 1163 2836 prmmia
1187 2758 1704 2823 constituebantur
1750 2775 1764 2814 :

115 2852 404 2925 paraturis
440 2867 574 2908 esse
603 2847 1123 2926 promulgabatur.

709 3001 953 3055 ΚΕΦΑΛ.
999 3005 1040 3052 Λ
1051 2997 1122 3054 Ε’.

1811 2764 1866 2830 et
1889 2759 2239 2832 quicunque
2275 2757 2577 2818 Christum
2607 2758 3006 2830 proﬁteretur,
3037 2758 3086 2818 is
3114 2759 3347 2819 amicus
3372 2759 3488 2818 im—

2437 2997 2664 3056 CAPUT
2685 3001 2880 3056 XXXV.

111 3091 551 3168 Ἀντίρῤησές
603 3091 783 3168 πρὸς
833 3091 982 3168 τοῦς
1014 3087 1322 3168 λέγοντας
1360 3087 1628 3168 ύστερον
1667 3085 1724 3138 ἄν

1837 3087 2140 3168 Βείειταῑίο
2157 3103 2356 3168 eorum
2373 3088 2477 3168 qui
2495 3087 2806 3168 qiwerunt,
2819 3093 3022 3168 postea
3035 3089 3486 3168 constantinum

185 3159 634 3236 Nriepndstqt
661 3159 1113 3236 ’βεϐαπτίσθαι
1158 3163 1265 3236 τόν
1312 3159 1728 3236 μέγανζκωνέ

189 3228 550 3290 σταν’τῖνον
599 3228 734 3286 ’ὑπό
781 3233 1164 3304 ’ᾼρειανῶνο
1211 3228 1470 3284 ἑλέσθαι
1507 3228 1576 3284 δι
1621 3235 1728 3283 καὶ

189 3311 258 3368 τὰ
322 3312 759 3380 Χριστιανῶν
823 3301 935 3356 διὰ
999 3307 1104 3356 τόν
1186 3309 1368 3374 φόνον
1428 3310 1536 3356 τοῦ
1583 3305 1728 3358 υἱοῦ

185 3383 503 3453 Κρίσπον.
738 3431 747 3441 ,

187 3477 283 3522 Οτι
337 3487 398 3539 γε
456 3470 560 3540 μὴν
592 3467 689 3518 ἐπὶ
748 3462 953 3536 Ῥώμης
1008 3464 1110 3515 ύπὸ
1160 3460 1446 3538 Σιλϐέστρῳ
1501 3469 1573 3532 τῷ
1614 3463 1732 3534 θείῳ

108 3561 137 3612 ό
187 3561 320 3631 ἱερός
374 3560 764 3616 Κωνσταντῖνος
841 3550 1159 3624 βαπτίζεται
1210 3553 1342 3624 μετὰ
1409 3556 1502 3610 τὴν
1539 3550 1734 3612 Μαξεν-

109 3653 230 3701 τίου
279 3645 560 3698 κατάλυσιν
608 3651 681 3714 τῷ
737 3648 1016 3718 σταυρινιῷ
1075 3645 1273 3712 σημείῳ
1325 3638 1613 3714 ἀνακράτος
1660 3657 1734 3692 νε·

107 3738 414 3808 νικημένου,
471 3730 706 3786 δείκνυσι
771 3734 867 3782 καὶ
909 3731 934 3781 ό
981 3729 1286 3804 βαπτιστηρ
1335 3727 1418 3780 ἰπὶ
1457 3727 1656 3800 Ῥώμην
1686 3725 1735 3788 ἔς

115 3823 278 3897 δεῦρο
330 3825 635 3897 παραμένων
681 3826 771 3872 τοῦ
847 3822 1065 3892 χρόνου,
1119 3818 1189 3881 εἰς
1241 3821 1533 3890 μαρτυρίαν
1584 3815 1738 3888 ἀκρι-

115 3914 414 3966 ϐέστατον·
474 3913 544 3973 ὡς
604 3906 808 3985 ἀνδρῶν
891 3906 1264 3984 πρεσϐυτέρων
1329 3909 1468 3957 ἔστιν
1531 3904 1736 3958 ἀκούειν

113 4007 238 4078 περὶ
291 4000 478 4054 πολλοῦ
561 4001 886 4071 ποιουμένων
961 3995 1225 4054 ἀλήθειαν.
1279 3991 1481 4052 Μηδενὶ
1538 3991 1596 4048 δὲ
1645 3991 1739 4062 δια

117 4094 388 4164 θαύματος
441 4091 598 4159 ἴστω,
661 4088 704 4140 εἰ
761 4090 864 4162 πρὸ
912 4093 1004 4138 τοῦ
1067 4083 1438 4160 βαπτίσματος
1493 4085 1738 4142 τοιαύτης

115 4181 443 4258 ηύμοίρησεν
513 4179 540 4230 ὁ
595 4178 930 4250 πανεύφημος
1005 4175 1255 4246 χάριτος,
1314 4175 1382 4235 ὡς
1431 4180 1596 4246 Ῠωνῆς
1647 4175 1738 4245 μεν

117 4273 259 4332 θείας
298 4268 347 4320 ἓν
389 4267 590 4342 μεθέξει
632 4267 894 4340 γενέσθαι,
933 4267 1022 4316 καὶ
1069 4265 1156 4314 τόν
1203 4267 1376 4334 τίμιον
1428 4269 1521 4313 τοῦ
1579 4281 1738 4316 σταυ-

114 4366 215 4433 ροῦ
279 4361 440 4410 τύπον
498 4355 546 4408 ἐν
594 4354 795 4429 οὐρανῷ
847 4348 1103 4416 κατιδεῖν,
1177 4360 1278 4404 τῶν
1331 4369 1386 4402 τε
1453 4352 1598 4402 θείων
1649 4353 1740 4402 καὶ

1906 3159 2270 3233 Nicomediae
2290 3159 2652 3233 ab’Arionis
2674 3159 2804 3233 esse
2834 3159 3218 3233 baptizatum,
3249 3165 3304 3218 et
3331 3161 3492 3233 quod

1905 3235 2156 3360 propis;
2178 3230 2292 3364 [Elii
2333 3230 2529 3300 Crispi
2557 3231 2774 3287 eadem
2815 3230 3359 3289 Christianismum
3395 3248 3492 3290 as-

1906 3318 2102 3372 sumps
2159 3318 2192 3362 νε
2225 3341 2239 3354 ο

1913 3463 2084 3528 Quod
2115 3469 2316 3520 autem
2342 3465 2544 3520 Romae
2565 3479 2600 3522 a
2617 3462 2920 3536 Sylvestro
2946 3471 3215 3524 sacratus
3238 3468 3294 3524 et
3318 3464 3495 3525 divus

1843 3553 2270 3612 Constantinus
2302 3551 2637 3624 baptizatus
2672 3552 2767 3618 sit,
2791 3559 2927 3624 post
2953 3553 3224 3615 Maxentii
3251 3569 3496 3626 oppres-

1843 3641 2092 3706 sionem,
2134 3641 2241 3712 qui
2279 3639 2597 3704 fortissime
2636 3641 2750 3700 sub
2780 3642 2951 3712 signo
2990 3643 3182 3701 crucis
3219 3646 3310 3706 est
3333 3641 3496 3704 devi-

1843 3736 1992 3793 ctus,
2007 3729 2150 3796 satis
2164 3729 2424 3796 ostendit
2439 3729 2880 3804 baptisterium,
2895 3730 3060 3802 quod
3073 3730 3152 3786 ad
3168 3730 3283 3788 hoc
3299 3746 3497 3807 usque

1843 3824 2083 3890 tempus
2107 3817 2238 3888 ejus
2265 3817 2350 3878 rei
2371 3818 2562 3888 gratia
2583 3818 2640 3880 in
2662 3819 3068 3881 testimonium
3094 3819 3495 3880 certissimum

1844 3909 2048 3974 Romae
2087 3911 2428 3964 asservatur
2465 3923 2478 3962 :
2511 3906 2682 3973 sicuti
2715 3906 2831 3966 hoc
2865 3908 2940 3965 de
2979 3908 3119 3966 viris
3148 3913 3294 3968 natu
3318 3923 3499 3978 gran-

1846 3995 2143 4058 dioribus,
2172 3995 2279 4072 qui
2307 3995 2634 4057 vertitatem
2673 3996 2924 4060 maximi
2956 3995 3203 4063 faciunt,
3231 3997 3494 4053 auditur.

1846 4084 2076 4142 Nemini
2116 4099 2254 4142 vero
2293 4084 2511 4144 mirum
2555 4084 2743 4142 videri
2780 4085 2975 4150 debet,
3008 4087 3174 4158 quod
3212 4090 3350 4150 ante
3385 4085 3496 4150 ba-

1847 4174 2137 4248 ptismum
2151 4173 2604 4235 laudatissimus
2619 4173 2894 4248 princeps
2907 4177 3071 4238 tanta
3083 4175 3271 4246 gratia
3282 4174 3502 4246 dignus

1842 4261 2144 4332 judicatus
2170 4262 2258 4332 sit,
2292 4267 2355 4318 ut
2377 4261 2646 4320 divinam
2675 4278 2886 4325 vocem
2911 4262 2990 4319 ad
3019 4278 3081 4319 se
3102 4263 3363 4328 delatam
3395 4279 3497 4323 au-

1847 4351 2020 4415 diret,
2049 4357 2114 4407 ut
2136 4351 2544 4410 venerandam
2571 4351 2765 4408 crucis
2787 4351 3045 4414 formam
3071 4351 3132 4413 in
3163 4351 3313 4408 coelo
3339 4351 3501 4413 vide-

119 4451 272 4524 ἱερῶν
328 4445 630 4499 ἀποστόλων
685 4447 882 4518 Πέτρου
938 4445 1027 4492 καὶ
1085 4439 1292 4492 Παύλου
1348 4443 1466 4499 τοὺς
1519 4442 1727 4501 σεπτούς

1848 4445 1955 4506 ret,
1987 4445 2171 4512 utque
2200 4439 2586 4498 bonorandas
2615 4440 2890 4496 divorum
2919 4446 2975 4496 et
3017 4455 3325 4502 sacrorum
3357 4456 3502 4512 apo-

112 4544 476 4611 χαρακτῆρας
526 4534 819 4586 θεάσασθαι
850 4548 865 4562 ⁸
920 4534 1011 4582 καὶ
1065 4531 1166 4606 γὰρ
1200 4530 1390 4581 ἄνωθεν
1430 4531 1515 4580 τόν
1553 4533 1740 4602 τρόπον

112 4628 442 4698 Χριστιανός
498 4619 582 4690 ἧν,
629 4627 720 4674 καὶ
771 4620 820 4672 ἐν
877 4627 990 4682 τοῖς
1027 4617 1274 4692 οὐρανοῖς
1326 4621 1384 4669 τό
1438 4620 1599 4692 ὄνομα
1644 4617 1742 4668 ἑνε-

111 4717 323 4792 γράφη,
378 4717 478 4766 Καὶ
525 4713 590 4764 τὰ
629 4717 824 4783 σημεῖα
867 4708 947 4773 οὐ,
978 4715 1088 4772 τοῖς
1119 4706 1367 4770 ἀπίστοις
1411 4710 1585 4778 μόνον³
1617 4704 1744 4758 ἀλλὰ

113 4809 214 4857 καὶ
256 4809 368 4865 τοῖς
407 4802 726 4854 πιστεύουσι
787 4794 1174 4850 διαδείκνυται.
1227 4797 1295 4847 OE
1340 4814 1400 4868 γε
1454 4799 1558 4866 μὴν
1609 4797 1745 4847 κατὰ

111 4897 217 4951 τὴν
241 4889 350 4944 Ἐω
381 4892 448 4942 τὰ
478 4889 684 4962 Ἀρείου
725 4885 890 4940 πάλαι
926 4890 1277 4960 φρονήσαντες
1321 4882 1370 4934 ἐν
1413 4878 1746 4956 Νικομηδείᾳ

109 4990 313 5036 τοῦτον
392 4981 680 5053 ἱστόρησαν
749 4978 850 5030 ὑπὸ
917 4973 1172 5027 Εύσεϐίου
1235 4980 1328 5026 τοῦ
1384 4969 1746 5044 Νικομηδείας

110 5073 259 5145 πρὸς
311 5070 530 5121 θάνατον
570 5069 822 5139 γεγονότα
849 5067 908 5117 τό
950 5063 1236 5136 βάπτισμα
1279 5057 1554 5126 δέξασθαι.
1610 5061 1748 5113 Ἀνε-

115 5160 346 5213 ϐάλλετο
373 5161 498 5232 γὰρ,
549 5160 704 5230 φησὶ,
760 5157 819 5206 τό
874 5151 1160 5226 βάπτισμα
1206 5153 1255 5202 ἐν
1286 5160 1353 5224 τῷ
1384 5145 1626 5224 Ἰορδάνῃ
1656 5167 1748 5203 πός

112 5257 280 5322 ταμῷ
341 5244 762 5321 διαπράξασθαι.
845 5249 1010 5295 Τοῦτο
1090 5237 1149 5293 δε
1210 5240 1422 5293 αὐτόθεν
1494 5241 1607 5310 ἔχει
1661 5242 1746 5290 τόν

115 5339 348 5409 ἔλεγχον
382 5353 394 5366 ⁸
455 5338 516 5388 τό
561 5338 663 5407 γὰρ
722 5331 932 5408 ἀκριϐες
981 5332 1029 5382 ἓν
1068 5333 1238 5403 Ῥώμῃ
1287 5331 1387 5381 ὑπὸ
1440 5323 1746 5400 Σιλϐέστρου

117 5427 292 5484 αὐτὸν
353 5422 714 5498 βαπτισθῆναι
742 5424 772 5482 ἡ
824 5419 1119 5479 Ἐκκλησία
1164 5420 1430 5493 κηρύττει.
1483 5421 1584 5475 Καὶ
1611 5421 1748 5468 πᾶσι

203 5551 288 5628 (ί)
332 5571 362 5604 «
401 5553 481 5633 De
511 5543 1747 5633 9198.1’aP‘i3mP‘Q,PEiXE'if‘R‘ﬁﬂcfﬁ’rﬁﬁ'

122 5614 226 5684 sic'
257 5614 562 5681 constanti
582 5621 725 5687 ﬁde,
751 5614 890 5693 quas
918 5618 995 5674 de
1027 5614 1263 5688 imperii
1295 5614 1622 5671 donatione
1643 5614 1747 5668 cir-

1852 4528 2140 4586 stolorum
2169 4528 2320 4586 Petri
2351 4534 2407 4583 et
2437 4527 2596 4584 Pauli
2619 4527 2911 4598 imagines
2933 4528 3502 4600 spectaret.Dudum

1851 4618 2010 4676 enim
2042 4621 2220 4678 antea
2258 4615 2518 4673 moribus
2559 4616 2924 4679 Christianus
2954 4615 3165 4685 fuerat,
3195 4623 3252 4674 et
3279 4631 3505 4677 nomen

1853 4706 1982 4778 ejus
2027 4706 2090 4764 in
2133 4704 2296 4762 caelis
2343 4705 2630 4778 scriptum
2684 4710 2830 4762 erat.
2882 4707 2946 4762 Et
2986 4721 3108 4770 non
3159 4705 3505 4767 inﬁdelibus

1808 4829 1818 4841 -
1853 4798 2104 4859 tantum,
2135 4794 2237 4850 sed
2272 4798 2329 4850 et
2358 4793 2740 4851 credentibus
2779 4793 2952 4864 signa
2986 4793 3360 4854 exhibentur.
3395 4793 3508 4862 Qui

1855 4882 2032 4961 493
2074 4883 2136 4940 in
2181 4883 2412 4940 Oriente
2450 4882 2594 4947 olim
2637 4883 2870 4942 Arianae
2917 4888 3091 4939 sectas
3135 4883 3321 4948 fuere,
3361 4886 3510 4939 Con-

1857 4973 2182 5032 stantinum
2227 4971 2586 5030 Nicomedia
2627 4971 2705 5030 ab
2747 4970 3002 5034 Eusebio
3029 4973 3161 5044 ejus
3195 4973 3360 5030 urbis
3389 4971 3510 5043 epi-

1857 5075 2045 5134 seopo
2062 5060 2187 5130 jam
2213 5059 2567 5118 moriturum
2593 5059 2967 5132 baptismum
2996 5061 3512 5133 suscepissem“)-

1855 5147 2135 5206 diderunt
2186 5149 2264 5219 (l)
2306 5164 2319 5200 :
2367 5155 2682 5222 propterea
2734 5165 2872 5210 eum
2924 5165 3166 5211 sacrum
3204 5149 3510 5214 lavacrum

1855 5236 2160 5296 distulisse
2185 5237 2473 5305 dicentes,
2504 5237 2671 5314 quod
2697 5236 2757 5302 id
2787 5237 2848 5299 in
2882 5237 3142 5296 Jordane
3176 5238 3359 5296 ﬂuvio
3385 5254 3517 5310 pers-

1857 5326 2031 5382 ﬁcere
2055 5326 2330 5382 voluerit.
2363 5326 2422 5381 ld
2454 5341 2594 5381 vero
2623 5341 2694 5381 ex
2729 5341 2798 5382 eo
2825 5325 2996 5382 facile
3024 5327 3324 5394 refellitur,
3349 5326 3516 5400 quod

1857 5414 2113 5472 Ecclesia
2150 5431 2188 5470 ει
2233 5413 2528 5486 Sylvestro
2557 5429 2697 5470 eum
2737 5415 2939 5471 Romae
2979 5415 3351 5490 baptizatum
3385 5431 3514 5472 esse

1857 5537 2290 5682 (ἐιᾶιὲίῗειωιιιε,
2307 5538 2392 5598 uti
2413 5539 2616 5598 minus
2638 5537 2857 5597 similia
2869 5539 3014 5607 veri,
3036 5555 3160 5598 non
3181 5539 3455 5614 probant.
3481 5559 3510 5596 ν

1988 5627 2024 5676 u
2055 5653 2068 5666 .

1988 5627 2068 5676 αι.
