4028 6294
575 308 712 370 1287

1877 301 2264 365 NICEPHORI
2303 293 2623 360 CALLlSTI
3705 307 3800 365 ηδε

565 445 726 496 certo
754 439 1058 512 praedicat.
1084 439 1456 510 Quapropter
1481 440 1762 493 testatum
1784 436 2066 492 omnibus
2086 449 2217 490 esse

2341 430 2760 504 διαμαρτύρομαι
2805 429 2944 482 τοῦτ’
3003 426 3231 502 ἀσφαλὲς
3280 433 3365 482 καὶ
3431 431 3602 482 οἴεσθαι
3641 438 3710 484 καὶ
3748 456 3802 486 m-

563 529 722 593 volo,
773 535 834 584 ut
874 529 988 583 hoc
1037 528 1119 582 sic
1165 529 1343 582 etiam
1391 528 1504 597 ipsi
1550 531 1675 581 tuto
1715 532 1771 581 et
1819 526 2137 596 opinentur
2163 529 2219 579 et

566 620 833 674 credant.
888 618 1086 671 Ariani
1136 618 1296 672 enim
1341 616 1496 671 male
1541 615 1880 679 sentientes,
1924 616 2128 670 animo
2163 619 2219 669 et

565 710 812 762 consilio
868 707 1170 761 diabolico
1231 707 1344 761 hoc
1409 705 1801 769 coﬂnxerunt,
1854 721 1972 759 non
2013 708 2216 759 Romae

565 797 934 868 baptizatum
1001 811 1139 850 eum
1207 811 1335 850 esse
1397 800 1747 859 asserentes,
1812 798 1914 848 aut
1965 793 2217 848 fortasse

566 885 778 940 eadem
808 901 946 940 cum
970 884 1083 939 illis
1114 885 1368 940 sensisse
1399 890 1750 948 astruentes,
1770 883 2018 955 perinde
2041 887 2216 952 atque

565 974 644 1030 ab
682 974 822 1046 ipsis
861 980 1176 1046 propterea
1211 973 1495 1044 baptismi
1535 975 1788 1042 gratiam
1836 971 2158 1043 susceperit
2200 986 2214 1024 :

564 1062 729 1134 quod
774 1063 1163 1119 absurditatis
1203 1069 1259 1117 et
1290 1062 1590 1117 mendacii
1620 1063 1863 1133 plenum
1895 1067 1997 1116 est.
2047 1059 2218 1125 Quod

567 1152 616 1206 si
647 1153 804 1207 enim
838 1153 1111 1206 nondum
1152 1152 1306 1206 sacri
1344 1151 1565 1206 lavacri
1595 1151 1892 1222 particeps
1922 1151 2046 1215 fuit,
2079 1166 2217 1205 con-

567 1241 834 1311 sequitur
862 1257 999 1295 eum
1049 1256 1244 1312 neque
1283 1241 1342 1295 in
1389 1241 1630 1296 Nicaena
1659 1241 1896 1312 synodo
1936 1257 2072 1294 cum
2115 1241 2218 1294 Pa-

567 1330 759 1384 tribus
791 1345 1175 1398 congressum
1200 1345 1350 1397 esse,
1373 1334 1587 1384 etcum
1611 1329 1693 1384 eis
1712 1329 1918 1384 divina
1938 1329 2220 1400 mysteria

564 1434 688 1472 non
737 1419 1144 1489 participasse.
1189 1418 1503 1483 Quomodo
1553 1434 1693 1472 vero
1739 1417 1906 1472 aliter
1941 1418 2219 1472 benedic-

568 1509 726 1563 tione
756 1522 964 1562 eorum
1000 1505 1222 1576 dignus
1255 1511 1565 1576 reputatus
1597 1512 1768 1572 esset,
1801 1512 1857 1561 et
1885 1507 2220 1561 communis

570 1611 790 1652 mensae
838 1596 1134 1665 particeps
1184 1593 1381 1649 fuisset
1424 1595 1452 1649 Ἰ
1503 1596 1670 1650 sicuti
1720 1595 1969 1650 historia
2022 1594 2218 1649 tradit.

571 1687 787 1739 Verum
837 1685 1033 1738 Ariani
1087 1683 1333 1754 quidem
1377 1683 1504 1738 haec
1544 1685 1626 1738 sic
1663 1683 1893 1748 ludant,
1928 1700 2039 1738 nos
2080 1700 2220 1739 vero

571 1773 648 1829 ad
672 1773 981 1828 historiam
1007 1779 1396 1827 revertamur.
1427 1775 1627 1844 Neque
1659 1789 1802 1828 sane
1825 1773 2055 1842 ignoro,
2087 1790 2221 1846 qua:
2253 1786 2296 1840 Β

569 1863 750 1918 etiam
805 1861 1050 1931 gentiles
1100 1877 1206 1932 per
1250 1862 1706 1932 sycophantiam
1758 1869 1813 1917 et
1857 1862 2221 1917 calumniam

571 1951 824 2006 crimina
867 1949 1252 2005 Constantino
1291 1951 1652 2020 impingant.
1681 1951 1889 2005 Dicunt
1913 1951 2072 2004 enim
2117 1951 2221 2014 illi,

572 2040 1046 2106 Constantinum,
1086 2040 1246 2110 quod
1289 2039 1588 2110 quosdam
1629 2039 1738 2093 sibi
1779 2040 2223 2111 propinquitate

570 2134 628 2184 et
704 2129 995 2197 sanguine
1060 2128 1298 2198 junctos
1362 2127 1775 2193 interemisset,
1839 2135 1896 2183 et
1951 2129 2224 2200 Crispum

570 2217 761 2272 ﬁlium
806 2234 982 2271 suum
1027 2233 1213 2271 manu
1257 2232 1368 2271 sua
1413 2216 1752 2279 occidisset,
1793 2233 1971 2286 quem
2009 2219 2226 2271 Fausta

573 2321 853 2369 noverca,
901 2307 1075 2377 quasi
1099 2305 1260 2360 illam
1320 2305 1394 2360 de
1447 2305 1672 2360 incesto
1731 2313 1936 2376 stupro
1969 2306 2226 2376 compel-

571 2395 769 2458 lasset,
805 2396 967 2466 apud
998 2401 1230 2466 patrem
1252 2394 1546 2460 detulerit,
1580 2395 1924 2465 paenitentia
1955 2395 2224 2458 ductum,

570 2501 708 2540 cum
741 2485 991 2555 Sopatro
1031 2483 1410 2554 philosopho,
1451 2483 1556 2554 qui
1597 2490 1723 2538 tum
1765 2483 1971 2538 Plotini
2004 2483 2226 2538 schola

572 2579 845 2646 praeerat,
878 2573 951 2627 de
982 2571 1330 2627 lustralibus
1373 2572 1829 2642 purgationibus
1869 2574 2224 2639 contulisse;

571 2663 861 2734 illumque
887 2661 1288 2732 respondisse,
1317 2663 1616 2716 nemiuem
1649 2677 1894 2732 prorsus
1925 2667 2227 2717 tantarum

572 2753 1055 2823 inquinationum
1083 2751 1392 2822 reliquisse
1421 2751 1841 2820 expiationem.
1867 2753 2135 2822 Cumque
2157 2767 2228 2806 ea

573 2842 648 2896 de
688 2856 874 2894 causa
903 2841 1270 2895 in'maxima
1307 2847 1464 2894 esset
1504 2839 1903 2894 sollicitudine
1943 2847 1999 2895 et
2027 2841 2229 2896 anxie-

576 2936 712 2995 tate,
759 2931 818 2984 in
866 2930 1334 2984 Christianorum
1387 2929 1704 3000 episcopos
1750 2945 1888 2984 eum
1928 2929 2226 2996 incidisse,

577 3019 682 3090 qui
727 3018 809 3072 illi
853 3018 1097 3090 polliciti
1142 3019 1276 3087 sint,
1328 3034 1434 3089 per
1475 3019 1849 3089 baptismum
1890 3034 1954 3072 se
1999 3035 2119 3074 non
2158 3035 2230 3074 ea

579 3114 833 3176 tantum,
875 3107 974 3162 sed
1018 3106 1206 3162 multo
1259 3107 1438 3161 etiam
1471 3107 1792 3174 grandiora
1826 3107 2066 3178 piacula
2093 3124 2230 3178 pur-

579 3213 720 3268 gare
755 3212 951 3268 posse.
1005 3198 1206 3268 Itaque
1245 3195 1408 3267 quod
1449 3197 1566 3250 voti
1612 3197 1702 3250 sui
1745 3211 1997 3268 compos
2036 3196 2227 3252 factus

578 3292 752 3351 esset,
775 3285 1156 3340 vehementer
1175 3300 1314 3339 eum
1336 3283 1623 3349 laetatum,
1639 3285 2229 3357 Christianorumque

578 3391 751 3431 sacra
790 3374 1154 3430 admiratum
1193 3387 1325 3428 esse
1357 3389 1370 3427 :
1404 3374 1666 3444 datoque
1706 3374 1933 3429 Christo
1966 3375 2226 3442 nomine,

583 3464 839 3520 subditis
906 3461 1030 3516 suis
1095 3477 1229 3517 eam
1297 3461 1684 3516 ncessitatem
1743 3463 2125 3533 imposuisse,
2171 3469 2232 3519 ut

579 3553 887 3623 gentilium
925 3550 1272 3621 religionem
1305 3551 1670 3622 abjurarent.
1706 3553 1917 3606 Verum
1948 3553 2075 3607 haec
2108 3570 2230 3608 ma-

577 3642 794 3699 nifesta
820 3647 958 3695 sunt
982 3641 1290 3709 ﬁgmenta,
1310 3640 1530 3711 quibus
1556 3641 2025 3696 Christianorum
2047 3641 2230 3696 ﬁdem

579 3737 634 3786 et
677 3732 955 3802 pietatem
999 3729 1179 3784 veluti
1229 3745 1332 3801 per
1363 3729 1723 3784 comaadiam
1761 3729 2067 3785 traducere
2109 3737 2234 3784 stu-

579 3820 856 3874 duerunt.
893 3817 1073 3890 494
1105 3819 1344 3888 Crispus
1374 3819 1456 3887 (t)
1488 3819 1647 3872 enim
1678 3817 1958 3873 vicesimo
2000 3820 2232 3889 imperii

579 3909 708 3977 ejus
748 3923 907 3963 anno
955 3907 1228 3971 decessit,
1275 3913 1516 3977 propter
1553 3923 1733 3977 quem
1775 3906 1855 3962 illi
1895 3907 2232 3978 expiatione

581 4013 719 4052 eum
749 4013 903 4067 opus
936 3995 1218 4050 habuisse
1248 3995 1475 4049 dicunt.
1517 3995 1570 4048 Is
1600 4011 1843 4066 quoque
1877 3997 2091 4051 multas
2125 4012 2233 4066 pro

582 4084 932 4140 Christianis
956 4090 1256 4154 superstes
1279 4083 1477 4138 adhuc
1516 4099 1654 4138 cum
1685 4093 1852 4154 patre
1885 4085 2042 4154 leges
2085 4085 2231 4149 tulit,

584 4181 648 4229 ut
695 4177 797 4244 qui
832 4176 1163 4228 secundum
1205 4172 1262 4226 in
1311 4172 1561 4242 imperio
1611 4171 1810 4226 locum
1859 4172 2124 4238 haberet,
2179 4180 2234 4230 et

585 4266 778 4318 Caesar
826 4268 1030 4316 esset:
1063 4261 1234 4314 sicuti
1283 4259 1398 4315 hoc
1443 4260 1623 4314 hodie
1669 4276 1910 4332 quoque
1961 4266 2236 4333 tempora

585 4353 815 4421 legibus
867 4351 1010 4421 ipsis
1063 4350 1328 4420 subjecta
1388 4350 1530 4403 satis
1595 4349 1880 4410 indicant.
1945 4351 2049 4405 Ubi
2099 4366 2234 4406 vero

587 4443 836 4512 Sopater
873 4440 933 4493 in
969 4437 1337 4494 Constantini
1379 4438 1743 4510 colloquium
1786 4440 1962 4503 venit,
1995 4439 2096 4509 qui
2128 4439 2234 4493 soli

583 4532 633 4585 ei
666 4510 784 4585 orte
815 4545 951 4600 quae
981 4527 1059 4582 ad
1090 4528 1392 4583 Oceanum
1422 4532 1478 4581 et
1507 4528 1583 4582 ad
1611 4528 1881 4582 Rhenum
1914 4535 2021 4593 est,
2053 4529 2236 4599 impe-
2268 4510 2313 4564 Ῑ)

582 4619 758 4675 rabat
784 4619 814 4670 ?
849 4618 997 4672 Cum
1041 4623 1240 4672 autem
1282 4616 1574 4671 adversus
1616 4617 1973 4672 Maxentium
2011 4618 2234 4672 bellum

585 4714 832 4779 gereret,
861 4713 918 4762 et
947 4708 1004 4760 in
1033 4705 1199 4761 italia
1222 4711 1442 4775 ageret,
1471 4705 1649 4759 rebus
1679 4709 2082 4761 Romanorum
2109 4712 2235 4762 tum

584 4796 1033 4861 dissidentibus,
1059 4811 1180 4850 non
1209 4794 1377 4849 facile
1404 4800 1528 4849 erat
1559 4811 1622 4849 se
1650 4794 1830 4849 Gallis
1861 4802 1917 4850 et
1946 4797 2235 4852 Britannis

583 4888 940 4952 immiscere,
968 4885 1130 4955 apud
1163 4899 1314 4954 quos
1341 4889 1572 4938 constat
1598 4885 2050 4939 Constantinum
2078 4885 2236 4940 Chri-

585 4977 916 5030 stianorum
932 4973 1278 5042 religionem
1292 4974 1654 5042 suscepisse,
1671 4973 1833 5043 prius
1851 4974 2029 5028 etiam
2047 4990 2233 5044 quam

585 5069 795 5120 contra
817 5063 1179 5118 Maxentium
1210 5063 1578 5133 pugnaverit,
1607 5068 1664 5116 et
1694 5064 1944 5117 Romam
1974 5069 2152 5134 atque
2175 5063 2235 5116 in

585 5155 780 5226 ipsam
814 5152 1036 5208 Italiam
1064 5151 1289 5205 venerit
1320 5166 1332 5204 :
1367 5151 1428 5204 id
1457 5151 1623 5222 quod
1667 5151 1847 5205 etiam
1881 5157 1936 5205 et
1961 5154 2236 5222 tempora

587 5249 644 5299 et
672 5243 836 5313 leges
871 5257 1024 5314 quas
1051 5257 1157 5312 pro
1187 5239 1364 5295 nobis
1406 5241 1617 5305 sanxit,
1646 5244 1804 5296 certo
1828 5239 2233 5295 testiﬁcantur.

657 5387 733 5456 (ί)
789 5404 817 5436 ι(
869 5384 1116 5456 Crispus
1144 5382 1512 5456 Constantini
1564 5381 1742 5447 ﬁlius,
1771 5387 1827 5436 et
1859 5381 2113 5437 Licinius
2142 5383 2236 5456 ju-

588 5455 720 5511 niOr
753 5455 1122 5511 Constantini
1163 5471 1231 5508 ex
1275 5455 1617 5508 Constantia
1661 5469 1861 5508 sorore
1905 5470 2114 5525 nepos,
2154 5455 2235 5508 Li-

589 5526 729 5582 cinii
764 5527 1013 5582 senioris
1035 5527 1215 5587 ﬁlius,
1240 5526 1600 5596 plurimique
1627 5525 1858 5578 nobiles
1883 5531 1940 5580 et
1966 5525 2232 5594 praeclari

589 5598 721 5664 viri,
741 5602 808 5653 '20
836 5598 1204 5653 Constantini
1233 5597 1465 5668 imperii
1488 5611 1670 5661 anno,
1697 5598 1922 5652 Faustae
1949 5599 2235 5652 Constan-

2335 2678 2459 2730 ρονα
2518 2654 2772 2719 δυνατοὺς
2838 2658 2967 2709 εἶναι
3017 2655 3381 2729 διακαθαίρειν
3416 2675 3431 2687 ⁵

2328 525 2544 574 στεύειν.
2580 522 2646 572 Οἱ
2683 523 2783 593 γὰρ
2826 519 2879 581 ἐξ
2917 519 3121 591 Ἀρείου
3171 527 3340 580 κακῶς
3379 516 3666 590 διακείμενοι,
3689 534 3802 575 ratri-

2324 630 2389 661 τα
2435 613 2488 662 ἐκ
2536 606 2922 680 κακοδαίμονος
2967 605 3204 670 διανοίας
3245 607 3537 674 ἀνέπλασαν,
3578 608 3802 663 igitur?»

2327 699 2480 750 αὐτόν
2532 699 2916 770 ἀποφαίνοντες,
2973 702 3001 756 ἦ
3051 702 3180 759 ῖσως
3228 701 3292 750 τα
3341 700 3428 749 ἶσα
3467 706 3634 770 φρονεῖν
3671 699 3806 761 ἐκείνοις

2326 792 2479 840 αὐτόν
2540 792 2965 858 μνηστευόμενοι,
3025 788 3093 848 ὡς
3151 786 3204 849 ἐξ
3253 787 3446 839 ἐκείνων
3498 791 3579 844 τὴν
3611 789 3732 860 χάριν
3755 800 3808 841 tri

2327 874 2692 949 βαπτίσματος
2742 877 3006 948 εἰληφότα.
3062 875 3224 948 Ὀπερ
3285 875 3495 936 ἀτοπίας
3539 881 3616 928 καὶ
3658 875 3811 946 ψώδονς

2327 968 2637 1038 ἀνάμεστον.
2691 966 2749 1019 Εἰ
2788 969 2889 1041 γὰρ
2923 969 3064 1018 οὔπω
3097 973 3188 1018 τοῦ
3235 969 3372 1018 θείου
3417 970 3616 1037 μετέσχε
3650 966 3812 1039 Mirm,

2330 1062 2612 1126 συνάγεται
2664 1051 2796 1127 μηδ’
2851 1058 2899 1107 ἐν
2939 1063 2998 1128 τῇ
3059 1058 3194 1107 κατά
3231 1059 3451 1107 Νίκαιαν
3484 1051 3661 1124 συνόδῳ
3701 1061 3817 1128 συνέρ-

2327 1148 2526 1217 χεσθαι
2582 1152 2692 1206 τοῖς
2773 1147 3034 1219 Πατράσι,
3089 1151 3179 1196 καὶ
3261 1153 3359 1195 τῶν
3417 1146 3552 1196 θείων
3603 1151 3818 1216 μυστηρίων

2328 1235 2508 1296 αὐτοῖς
2573 1241 2850 1288 κοινωνεῖν.
2914 1241 3025 1294 Πῶς
3077 1231 3136 1285 δὲ
3211 1233 3444 1303 εὐλογίας
3501 1232 3818 1294 ἐκείνοις

2330 1323 2502 1386 ξιοῦτο
2557 1330 2646 1374 καὶ
2696 1331 2876 1384 κοινῆς
2928 1330 3137 1395 μετεῖχε
3192 1323 3474 1397 τραπέζης,
3525 1323 3586 1383 ὡς
3622 1324 3648 1379 ἠ
3691 1324 3815 1393 ἱστόρει

2328 1409 2643 1485 παρέδωκε;
2705 1413 2839 1466 ’Δλλ’
2893 1415 3150 1484 Ἀρειανοὶ
3203 1416 3293 1482 μεν
3344 1420 3507 1464 ταυτα
3541 1416 3809 1470 παιζέτωενν·

2330 1505 2480 1572 ἡμεῖς
2530 1499 2587 1553 δὲ
2626 1511 2720 1563 τῆς
2763 1504 2999 1572 ἱστορίας
3055 1501 3320 1573 ἐχώμεθα.
3373 1499 3481 1553 Οὐκ
3529 1499 3676 1570 ἀγνοῶ
3698 1519 3813 1570 Ἱεμξι

2329 1595 2420 1641 καὶ
2448 1590 2482 1641 οἱ
2514 1600 2896 1661 συκοφαντοῦσι
2939 1593 3024 1641 τόν
3081 1597 3468 1642 Κωνσταντῖνον
3514 1588 3734 1649 Έλληνες.
3767 1596 3819 1639 Kzi

2329 1682 2430 1751 γὰρ
2490 1684 2579 1731 καὶ
2637 1679 2781 1731 οὗτοί
2840 1699 3019 1750 φασιν,
3075 1681 3141 1740 ὡς
3199 1683 3284 1730 τόν
3336 1685 3707 1743 Κωνσταντίνον,
3743 1681 3824 1735 mi;

2331 1778 2401 1837 τῷ
2453 1774 2586 1839 γένει
2629 1774 2988 1842 προσήκοντας
3038 1768 3298 1831 ἀνελόντα,
3356 1773 3569 1840 Κρίσπῳ
3609 1786 3654 1818 τε
3773 1769 3828 1834 υἱῷ

2331 1857 2618 1930 αὐτόχειρα
2668 1861 2754 1908 τόν
2826 1864 2971 1928 φόνον
3032 1854 3506 1928 διαπεπραγμένον,
3553 1859 3748 1915 (hunc;
3779 1863 3832 1912 τῆς

2333 1952 2590 2019 μητρυιᾶς
2643 1943 3069 2009 διαϐεϐληκυίας,
3105 1949 3172 2006 ὡς
3220 1950 3295 2002 εἴη
3351 1945 3514 2002 αὐτὴν
3542 1948 3654 2015 πρὸς
3685 1942 3835 2000 ἀτόπους

2331 2037 2536 2108 ὁμιλίας
2621 2037 2959 2109 ὑπερεθίζων,
3011 2035 3294 2108 μετάμελον
3361 2033 3532 2086 εἶναι’
3597 2038 3674 2084 καὶ
3719 2034 3840 2084 2mi-

2334 2145 2438 2196 τρῳ
2507 2124 2768 2196 φιλοσόφῳ
2823 2131 3110 2182 τηνικαῦτα
3191 2133 3283 2184 τῆς
3337 2124 3592 2176 Πλωτίνον
3641 2119 3840 2195 διατριεὲς

2332 2222 2624 2285 προεστῶτι
2651 2218 2770 2286 περὶ
2818 2216 3118 2288 καθαρσίων
3157 2215 3539 2266 κοινώσασθαι.
3584 2215 3669 2263 Τόν
3695 2208 3734 2262 δ’
3759 2209 3840 2260 ἀνει-

2332 2311 2466 2367 πεῖν,
2515 2299 2718 2373 μηδένα
2756 2311 2856 2354 τῶν
2907 2305 3166 2354 τοσούτων
3225 2302 3572 2374 μολυσμάτων
3618 2299 3844 2352 καταλείπε-

2337 2394 2462 2443 σθαι
2512 2393 2802 2465 καθαρμόν.
2860 2391 2938 2442 Ἐν
2990 2389 3254 2462 ἀδημονίᾳ
3329 2390 3393 2443 δὲ
3450 2391 3600 2460 πολλῇ
3647 2390 3843 2459 γεγονότι,

2335 2489 2663 2553 Χριστιανῶν
2696 2479 3001 2541 ἐπισκόποις
3037 2488 3365 2554 περιτυχεῖν,
3400 2483 3451 2531 οἳ
3480 2485 3566 2531 καὶ
3609 2481 3847 2548 ὑπισχνοῦν-

2334 2590 2392 2622 το
2423 2568 2761 2641 βαπίτσματι
2791 2569 2850 2620 οὐ
2890 2577 3057 2621 ταῦτα
3095 2575 3268 2640 μόνον,
3310 2567 3444 2620 ἀλλά
3485 2573 3572 2619 καὶ
3606 2567 3745 2635 πολλῷ
3774 2569 3847 2634 χεί-

3509 2662 3594 2708 καὶ
3643 2663 3731 2716 τοῖς
3761 2657 3849 2704 κατέ

2339 2750 2532 2799 σκοπόν
2593 2749 2897 2817 ἐντυχόντα,
2953 2751 3088 2818 μέγα
3144 2766 3197 2798 τε
3241 2748 3498 2811 ἡσθῆναι,
3553 2745 3849 2815 θαυμάσαιτε

2336 2839 2403 2888 τὰ
2439 2839 2659 2900 ἐκείνων,
2713 2841 2802 2887 καὶ
2855 2839 3171 2910 Χριστιανὸν
3219 2838 3470 2905 γενέσθαι
3496 2851 3508 2863 ·
3556 2831 3662 2906 βίαν
3702 2852 3746 2884 τε
3783 2837 3852 2888 τοῖς

2338 2924 2650 2998 ἀρχομένοις
2698 2925 2975 2994 ἐπάγοντα,
3036 2928 3122 2976 τὸν
3177 2923 3520 2996 Ἑλληνισμόν
3563 2923 3843 2993 ἓξομόσασὲιι.

2339 3020 2440 3068 Καὶ
2486 3021 2653 3066 ταῦτα
2711 3009 2770 3065 δὲ
2814 3022 3047 3085 προφανῆ
3097 3013 3402 3085 πλάσματα,
3440 3015 3517 3074 οἷς
3561 3017 3648 3070 τὴν
3677 3019 3839 3084 Χριςτικ-

2336 3111 2432 3153 νῶν
2503 3101 2762 3153 πολιτείαν
2823 3099 3189 3174 διακωμῳδεῖν
3247 3104 3364 3154 ἔστι
3414 3097 3642 3158 σπουδή.
3697 3103 3836 3169 Κρέπες

2337 3195 2425 3258 μὲν
2477 3192 2578 3262 γὰρ
2635 3199 2706 3260 τῷ
2757 3190 2804 3242 κ’
2852 3195 2953 3243 iter.
3003 3199 3096 3253 τῆς
3147 3191 3306 3242 αὑτοῦ
3362 3193 3632 3263 ἡγεμονίας
3677 3192 3747 3240 τόν
3781 3183 3842 3255 ᾗιςτ

2339 3279 2550 3333 ἀπέλιπε
2582 3296 2594 3309 ·
2649 3275 2723 3330 δι’
2780 3282 2854 3344 ὄν,
2909 3283 2978 3341 ὡς
3031 3299 3179 3352 φασι,
3212 3281 3307 3342 τῆς
3337 3282 3640 3354 καθάρσεως
3667 3274 3850 3329 ieiunai-

2339 3384 2445 3440 νῳ⁶
2508 3370 2562 3430 ὃς
2623 3364 2690 3425 δὴ
2754 3369 2983 3441 Κρίσπος
3039 3369 3251 3429 πολλοὺς
3307 3371 3441 3442 ὑπὲρ
3484 3374 3772 3441 Χριστιανῶν
3808 3380 3854 3410 νς-

2338 3478 2488 3530 μους,
2544 3462 2616 3510 ἔτι
2663 3463 2872 3528 περιὼν,
2934 3461 3026 3509 σὺν
3084 3467 3154 3509 τῶ
3198 3463 3360 3532 πατρὶ
3416 3461 3577 3521 ἔθετο,
3617 3457 3696 3507 οἰτε
3736 3451 3786 3508 δὴ
3821 3452 3856 3498 τὰ

2341 3545 2559 3620 δεύτερα
2605 3559 2694 3610 τῆς
2737 3547 2907 3622 ἀρχῆς
2952 3550 3108 3618 ἔχων,
3166 3554 3373 3620 Καῖσαρ
3424 3549 3493 3597 ῶν
3535 3564 3546 3576 ’
3579 3548 3639 3606 ὡς
3661 3544 3855 3595 tis-invii

2339 3640 2386 3689 οἱ
2424 3646 2532 3700 τοῖς
2579 3644 2757 3709 νόμοις
2800 3639 3204 3707 ὑποτεταγμένοι
3251 3640 3441 3708 χρόνοι
3499 3637 3755 3707 μηνύουσι.
3795 3634 3857 3680 Πεῧ

2341 3723 2399 3779 δὲ
2442 3733 2529 3778 καὶ
2580 3734 2851 3800 Σώπατρος
2896 3724 2968 3784 εἰς
3005 3725 3210 3795 ὁμιλίαν
3273 3725 3365 3782 ἧκε
3414 3732 3492 3794 τῷ
3552 3724 3858 3784 Κωνσταντίνῳ.

2339 3821 2498 3886 μόνης
2547 3825 2636 3876 τῆς
2685 3818 2812 3887 πρὸς
2846 3813 3070 3882 Ὠκεανῷ
3127 3818 3216 3863 καὶ
3257 3820 3329 3882 τῷ
3378 3812 3538 3884 Ῥήνῳ
3574 3817 3739 3884 μοίρας
3762 3812 3862 3875 ἠΰν

2343 3917 2512 3984 μένῳ;
2544 3916 2616 3984 Τῇ
2649 3915 2750 3985 γὰρ
2783 3915 2908 3984 πρὸς
2937 3910 3220 3972 Μαξέντιον
3275 3905 3511 3982 διαφορᾷ
3557 3908 3636 3960 ἐπὶ
3683 3914 3757 3966 τῆς
3780 3904 3863 3955 Ἰτι-

2339 4001 2454 4062 λίας
2511 3998 2730 4072 διάγων,
2798 4009 2898 4051 τῶν
2973 3999 3268 4070 Ῥωμαϊκῶν
3341 4001 3663 4070 πραγμάτων
3714 4010 3864 4047 στάσιε-

2347 4093 2556 4155 ζόντων,
2623 4089 2682 4141 οὗ
2740 4093 3022 4160 πρόχειρον
3098 4085 3158 4145 ἦν
3219 4087 3474 4148 Γαλάταις
3551 4083 3866 4158 συμμίγνυσθαι

2340 4184 2430 4230 καὶ
2475 4179 2790 4253 Βρεταννοῖς,
2852 4177 2974 4248 παρ’
3033 4179 3109 4238 οἷς
3165 4176 3504 4248 ὡμολόγηται
3563 4177 3865 4228 Κωνσταντὶνςι

2341 4277 2432 4326 τῆς
2481 4275 2809 4340 Χριστιανῶν
2866 4270 3148 4339 θρησκείας
3227 4272 3559 4337 μετασχεῖν;
3632 4268 3710 4314 καὶ
3745 4267 3864 4329 πρινι-

2346 4364 2686 4429 στρατεῦσαι,
2740 4354 2824 4408 ἐπὶ
2866 4355 3150 4417 Μαξέντιον
3181 4359 3270 4405 καὶ
3324 4353 3408 4405 ἐπὶ
3436 4353 3635 4425 Ῥώμην
3679 4357 3753 4402 καὶ
3782 4348 3868 4398 Ἰτα-

2341 4445 2455 4496 λίαν
2518 4445 2676 4496 ἐλθεῖν
2707 4463 2719 4473 ·
2776 4449 2864 4495 καὶ
2908 4447 3094 4495 τούτου
3144 4443 3295 4495 πάλιν
3344 4445 3393 4494 οἱ
3443 4448 3627 4515 χρόνοι
3662 4445 3737 4490 καὶ
3763 4436 3797 4487 οἱ
3817 4451 3867 4482 vo-

2344 4554 2435 4605 μοι
2489 4533 2744 4604 τάσφαλὲς
2802 4541 3179 4605 μαρτυροῦσιν,
3252 4533 3340 4593 οὖς
3395 4533 3524 4604 ὑπὲρ
3583 4533 3716 4601 ἡμῶν
3761 4526 3866 4576 E9375-

2346 4623 2405 4676 Εἰ
2448 4619 2506 4674 δὲ
2557 4627 2646 4674 καὶ
2685 4623 2873 4695 ῥᾷστον
2920 4621 3152 4692 ἐντυχεῖν
3207 4629 3277 4690 τῷ
3327 4623 3590 4693 Σωπάτρῳ
3642 4611 3864 4685 δοίημῑννέ

2348 4709 2419 4764 δι’
2470 4711 2748 4772 ἐπιστολῆς
2792 4713 3067 4773 πυθέσθαι,
3147 4714 3292 4762 οὔπω
3351 4711 3506 4763 παλιν
3546 4710 3741 4762 πιθανόν
3785 4698 3867 4753 ibi:

2332 4805 2576 4872 φαίνεται
2653 4805 2740 4852 τόν
2819 4808 3066 4851 τοσοῦτον
3151 4799 3424 4871 φιλόσορον
3507 4798 3709 4870 ἀγνοεῖν,
3771 4794 3815 4847 ὡς
3853 4805 3867 4833 °

2343 4889 2602 4962 Ἡρακλῆς
2690 4891 2818 4959 μετά
2905 4893 2997 4946 τὴν
3060 4894 3412 4940 τεκνοκτονίαν
3471 4895 3578 4950 τοῖς
3633 4893 3868 4958 μυστηρίοις

2345 4987 2436 5037 τῆς
2489 4983 2761 5050 Δήμητρος
2815 4977 2863 5028 ἐν
2911 4977 3153 5037 Ἀθήναις
3205 4976 3468 5050 ἐκαθάρθη
3505 4995 3518 5006 ·
3579 4982 3663 5028 καὶ
3687 4974 3789 5045 μετὰ
3815 4969 3867 5014 τὶν

2347 5072 2494 5134 φόνον
2571 5067 2787 5138 Ἰφίτου,
2856 5068 2908 5117 ὃν
2969 5067 3168 5140 ἑταῖρον
3222 5072 3344 5118 όντα
3406 5072 3498 5118 καὶ
3553 5066 3678 5127 ξένον
3723 5056 3865 5111 ἀνεῖλεν-

2345 5154 2592 5230 Ἀπόχρη
2627 5158 2715 5226 μὲν
2769 5150 2854 5206 οὖν
2884 5158 2970 5205 καὶ
2998 5162 3162 5207 ταῦτα
3202 5171 3217 5184 ·
3274 5157 3343 5215 ὡς
3384 5159 3474 5206 καὶ
3504 5144 3866 5226 καθαρμούς’[,ι.ο

2343 5243 2485 5304 ληνες
2539 5253 2638 5296 τῶν
2701 5242 2903 5295 ἀτόπων
2947 5243 3400 5316 πλημμελημάτων
3429 5243 3862 5312 καθυπισχνοῡντθ.

2345 5385 2450 5440 tini
2484 5386 2758 5457 conjugis
2787 5385 2929 5442 dolo
2961 5386 3247 5442 interfecti
3287 5391 3440 5442 sunt.
3473 5407 3501 5438 »
3533 5387 3722 5457 Pomp.
3750 5380 3860 5452 Oros-

2349 5479 2370 5506 ι
2409 5459 2834 5513 Constantinus
2865 5457 3097 5529 imperii
3129 5461 3221 5514 sui
3259 5462 3326 5513 22
3357 5475 3519 5514 anno
3548 5456 3792 5529 Faustaly
3813 5458 3861 5529 Ψ·

2345 5530 2570 5585 terfecit
2627 5531 2684 5584 in
2728 5522 2976 5585 balneas
3004 5529 3278 5586 ardentes
3323 5530 3671 5600 conjectam.
3699 5547 3725 5577 ι)
3757 5522 3858 5575 Eutr-
