4028 6294
135 334 281 397 1289
1155 332 1717 394 ΕΟΕΕΕΞῙΑΞΤῙΟᾺΕ

1843 328 2115 393 STORl/E
2157 338 2293 394 LIB.
2336 340 2457 396 VII.
3358 336 3496 392 1290

133 471 227 519 καὶ
258 468 544 538 κατήγοροι
592 464 867 535 Σωπάτρου
920 461 1109 533 μᾶλλον
1152 464 1516 526 καθίστανται,
1558 468 1732 513 τοιαῦ-

1845 462 1984 515 Etut
2009 463 2434 527 concedamus,
2469 466 2789 537 Sopatrum
2821 464 2993 521 facile
3023 481 3160 521 cum
3182 463 3285 519 illo
3315 462 3495 519 collo-

135 575 204 607 τα
252 552 729 625 διαπραττόμενοι·
773 551 832 602 ού
880 554 981 623 γάρ
1021 572 1101 603 πω
1132 554 1458 623 προαχθείην
1509 553 1595 601 τόν
1650 552 1732 601 ἐπὶ

1843 550 1968 621 qui,
2000 555 2103 605 aut
2128 568 2233 623 per
2264 552 2583 624 epistolam
2614 568 2790 623 agere
2823 554 3111 625 potuisse,
3147 567 3267 608 non
3287 557 3493 608 tamen

1842 639 2121 696 credibile
2144 641 2433 707 videatur,
2453 642 2882 713 philosophum
2904 648 3137 697 tantum
3159 643 3491 710 ignorasse,

130 740 314 785 Ταῦτα
344 735 432 803 μεν
454 732 638 791 οὕτως.

1843 728 2007 798 quod
2036 730 2315 785 Hercules
2354 736 2489 801 post
2526 730 2854 786 liberorum
2894 747 3141 786 suorum
3183 745 3414 795 necem,
3438 734 3496 783 et

131 820 309 892 Iphiti
345 819 522 875 amici
562 826 617 873 et
653 818 905 890 hospitis
941 818 1189 883 easdem,
1236 817 1479 873 Athenis
1518 815 1812 888 mysteriis
1851 815 2077 872 Cereris
2117 821 2389 890 expiatus
2433 825 2612 891 atque
2649 825 2941 890 purgatus
2981 820 3075 876 sit.
3118 820 3271 876 Satis
3316 833 3493 889 porro

132 908 312 964 fuerit
352 907 706 973 ostendisse,
748 907 997 977 gentiles
1025 908 1203 962 etiam
1236 908 1399 978 ipsos
1444 905 1742 960 foedorum
1772 904 2134 975 ﬂagitiorum
2164 906 2440 963 lustrales
2484 908 2854 980 expiationes
2883 909 3219 979 promittere
3250 907 3485 978 solitos;

128 1013 358 1070 eosque
396 998 500 1069 qui
549 998 661 1052 ista
706 997 1066 1061 conﬁnxere,
1133 996 1366 1066 Sopatri
1399 995 1592 1064 magis
1624 999 2006 1050 accusatores
2052 1010 2207 1051 esse.
2254 998 2385 1053 Non
2422 997 2581 1053 enim
2630 996 3002 1068 persuarderi
3054 1012 3329 1068 possum,
3370 1000 3494 1052 tam

136 648 298 714 σοφίᾳ
370 640 704 714 περίϐλεπτον
793 648 1066 714 Σώπατρον
1143 647 1308 692 ταῦτα
1401 640 1729 710 ἠγνοηκέναι.

129 1089 367 1145 clarum
397 1089 457 1143 in
494 1088 785 1161 sapientia
815 1087 1004 1142 virum
1048 1086 1192 1142 talia
1238 1086 1565 1156 ignorasse.
1600 1084 1682 1140 De
1710 1083 1805 1139 his
1845 1083 2017 1140 satis.

721 1214 966 1267 KE<I>AA.
1002 1210 1146 1294 Λςδ.

132 1325 289 1394 Περὶ
328 1328 440 1381 τῆς
501 1318 969 1394 ἀγίαςᾼἘλένης
1028 1323 1109 1380 ως
1170 1319 1259 1394 εἰς
1295 1318 1535 1394 Ῥώμην
1574 1317 1729 1394 ἧκε-³

203 1387 497 1463 καὶπερὶ
538 1387 1003 1463 τοῡγδξιαλόγου
1042 1399 1167 1441 τῶν
1227 1388 1535 1462 Ἐϐραίων
1574 1389 1734 1459 μετά

202 1471 314 1516 τοῦ
352 1461 538 1533 ἁγίου
580 1461 1000 1535 Σιλϐἐστρον.

202 1577 309 1631 Τῆς
366 1566 424 1621 δὲ
482 1577 572 1621 τοῦ
635 1566 887 1642 βασιλέως
939 1571 1139 1641 μητρὸς
1188 1566 1385 1625 Ἑλένης
1444 1567 1581 1618 κατὰ
1636 1570 1729 1623 τήν

2436 1212 2659 1268 CAPUT
2682 1212 2900 1267 XXXVI.

1843 1318 1925 1372 De
1938 1323 2150 1374 sancta
2166 1318 2414 1388 Helena,
2440 1324 2505 1373 ut
2530 1334 2597 1376 ea
2629 1320 2872 1375 Romam
2896 1319 3141 1385 venerit,
3157 1324 3211 1374 et
3223 1319 3295 1375 de
3314 1318 3494 1375 collo-

2019 1390 2153 1459 quio
2200 1389 2537 1445 Judzeorum
2594 1406 2728 1446 cum
2751 1396 2947 1447 sancto
2982 1392 3310 1460 Sylvestro.

1912 1566 2294 1636 Imperatoris
2344 1573 2533 1622 mater
2559 1568 2776 1623 Helena
2819 1568 2877 1622 in
2917 1567 3223 1639 provincia
3252 1572 3376 1622 tum
3406 1567 3496 1622 Bi-

126 1663 356 1712 Βιθυνὼν
438 1657 697 1730 ἐπαρχίαν
755 1654 1154 1730 διατριϐούσης,
1215 1655 1445 1729 Ἑϐραῖοι
1520 1657 1577 1706 τό
1640 1663 1731 1714 τῆς

1843 1653 2048 1725 thynia
2076 1654 2313 1724 agebat.
2348 1654 2433 1710 lbi
2470 1655 2659 1711 Judaei
2694 1656 3072 1727 imperatoris
3102 1656 3492 1712 mutationem

126 1748 415 1822 μεταϐολῆς
492 1748 679 1822 ἀθρόον
743 1754 836 1799 τοῦ
917 1745 1177 1819 βασιλέως
1267 1744 1724 1816 ύπολογισοίμενοι,

125 1839 469 1890 ἀναπείθουσι
551 1842 646 1894 τήν
709 1840 910 1908 μητέρα
975 1837 1189 1907 γράφειν
1263 1838 1353 1885 καὶ
1427 1838 1727 1905 παρεγγυᾴν

126 1936 203 1997 τῷ
255 1928 373 1995 υἱῷ,
405 1925 562 1977 καλόν
610 1929 699 1997 μεν
742 1925 938 1997 πρᾶξαι
982 1932 1072 1983 τῆς
1123 1921 1398 1982 εἰδωλικῆς
1439 1921 1728 1973 ἀποστάντι

128 2018 413 2089 θρησκείας
451 2033 463 2045 °
526 2014 585 2065 ού
643 2013 798 2064 καλὸν
865 2017 1038 2084 μέντοι
1089 2020 1312 2069 ποιῆσαι
1359 2018 1420 2081 τῇ
1489 2015 1729 2079 νεοπαγεῖ

123 2111 218 2156 τοῦ
275 2104 589 2177 Ναζωραίου
672 2104 926 2175 θρησκείᾳ
1004 2099 1299 2172 περιελθεῖν.
1372 2103 1470 2152 Καὶ
1541 2100 1571 2156 ἠ
1637 2100 1726 2169 μεν

125 2197 284 2246 ἐποίει
320 2196 384 2244 τὰ
437 2192 784 2262 εἰσηγούμενα
809 2208 822 2219 ·
875 2196 1256 2248 Κωνσταντίνος
1310 2184 1369 2240 δὴ
1398 2190 1465 2239 τὰ
1511 2195 1597 2247 τῆς
1628 2206 1728 2258 μη·

125 2287 247 2355 τρός
302 2278 586 2352 δεχόμενος
640 2282 949 2351 γράμματα,
997 2282 1056 2329 τό
1106 2277 1240 2338 εἰκός
1294 2278 1522 2327 ὑπετίθει
1565 2293 1579 2305 ·
1637 2279 1727 2326 καὶ

126 2380 230 2423 τῶν
285 2366 555 2422 Ἰουδαίων
617 2371 761 2429 τινὰς
808 2366 1182 2439 μετεστὺλετο,
1238 2367 1371 2417 ὥστε
1434 2372 1544 2425 τοῖς
1600 2371 1725 2432 Χρι·

131 2468 353 2513 στιανών
404 2457 769 2532 πρεσϐυτέροις
818 2458 888 2518 εἰς
933 2456 1115 2526 λόγους
1161 2455 1320 2506 έλθεῖν
1352 2474 1365 2486 ’
1398 2458 1488 2505 καὶ
1625 2461 1725 2504 τῶν

130 2558 297 2624 μερῶν
343 2552 408 2600 τὰ
455 2553 669 2621 κρείττω
716 2545 1064 2617 ἐκλογισθείη,
1117 2547 1286 2615 τούτῳ
1339 2544 1392 2605 έξ
1438 2544 1724 2614 ἀναγκαίου

130 2638 425 2709 ἐφέπεσθαι.
486 2642 586 2689 Καὶ
669 2632 736 2693 δή
804 2638 862 2686 τό
928 2638 1168 2705 τέταρτον
1234 2635 1522 2703 ἡγουμένου
1580 2637 1724 2682 Κων-

136 2729 426 2790 σταντίνου,
471 2723 691 2784 σύνοδος
740 2724 790 2776 ἐν
838 2731 899 2795 τῇ
947 2725 1082 2773 κατὰ
1116 2721 1314 2792 Ῥώμην
1361 2719 1506 2772 πόλει
1548 2720 1726 2792 ἠθροί-

138 2816 271 2879 ζετο,
325 2816 373 2864 ἐν
517 2812 779 2884 Ῥωμαίων
844 2815 936 2883 μεν
994 2815 1271 2862 επίσκοποι
1344 2805 1395 2860 δ’
1451 2810 1541 2879 μεν
1594 2810 1726 2881 πρὸς

138 2909 248 2962 τοῖς
282 2904 472 2954 εἴκοσιν
526 2899 680 2965 ἦσαν,
733 2898 1004 2954 Ἰουδαίων
1045 2896 1104 2951 δε
1146 2900 1298 2970 ἱερεῖς
1333 2899 1458 2971 πρός
1506 2902 1616 2957 τοῖς
1654 2898 1727 2947 εῖ-

1839 1758 2043 1797 secum
2082 1742 2194 1813 ipsi
2233 1748 2597 1814 reputantes,
2631 1743 2805 1800 matri
2833 1744 2962 1815 ejus
3002 1743 3277 1809 suadent,
3311 1749 3373 1799 ut
3414 1743 3494 1799 ad

1839 1830 2027 1885 tilium
2052 1831 2273 1887 scribat
2319 1848 2577 1904 eumque
2620 1834 2990 1889 admoneat:
3044 1838 3197 1888 recte
3245 1832 3492 1902 quidem

1836 1919 2069 1986 fecisse,
2118 1920 2284 1991 quod
2342 1920 2420 1976 ab
2459 1920 2758 1977 idolorum
2788 1920 2950 1977 cultu
2981 1921 3336 1987 discesserit,
3370 1936 3495 1977 non

1836 2014 1990 2063 recte
2011 2014 2233 2075 autem,
2261 2009 2426 2081 quod
2458 2012 2709 2065 Nazareni
2743 2026 2934 2081 nuper
2963 2015 3228 2065 exortam
3262 2009 3495 2080 religio-

1837 2113 1972 2152 nem
2006 2098 2075 2153 sit
2098 2098 2470 2169 complexus.
2509 2100 2679 2164 Quod
2710 2097 2810 2154 illa
2839 2100 2918 2154 ita
2941 2097 3098 2154 fecit.
3132 2097 3309 2171 495
3342 2100 3495 2153 Con-

1836 2187 2130 2242 stantinus
2162 2204 2302 2243 vero
2333 2188 2592 2259 acceptis
2613 2205 2649 2243 a
2680 2194 2868 2242 matre
2897 2187 3121 2255 litteris,
3148 2189 3197 2242 ei
3235 2189 3297 2242 id
3326 2187 3493 2258 quod

1834 2274 2084 2331 decebat
2119 2276 2417 2348 rescripsit
2447 2293 2461 2331 :
2506 2280 2563 2331 et
2589 2292 2656 2332 ex
2683 2276 2897 2331 Iudaeis
2921 2276 3219 2349 quosdam
3240 2278 3493 2332 Romam

1835 2365 2126 2430 evocavit,
2176 2370 2238 2421 ut
2301 2382 2439 2420 cum
2471 2365 2835 2438 presbyteris
2862 2365 3333 2422 Christianorum
3365 2381 3489 2420 ser-

1836 2468 2045 2508 mones
2074 2470 2177 2524 pcr
2204 2454 2572 2527 colloquium
2590 2453 2942 2519 conferrent,
2973 2459 3178 2527 etqum
3194 2470 3332 2525 pars
3366 2469 3490 2508 me-

1835 2541 1984 2597 liora
2036 2542 2247 2597 aﬂ‘erre
2299 2548 2688 2613 reputaretur,
2724 2550 2786 2599 ut
2836 2559 2907 2599 ea
2948 2543 3284 2598 necessario
3347 2559 3490 2613 pars

1835 2630 2083 2686 alteram
2121 2638 2487 2703 sequeretur.
2532 2634 2742 2702 Etjam
2789 2639 3097 2704 quartum,
3146 2635 3392 2687 curante
3418 2647 3491 2687 ac

1834 2727 2139 2789 praeeunte
2158 2723 2564 2787 Constantino,
2597 2728 2924 2777 conventus
2945 2722 3005 2776 in
3036 2722 3310 2776 Romana
3343 2721 3490 2776 urbe

1835 2810 2182 2877 cogebatur,
2197 2812 2254 2864 in
2267 2826 2389 2882 quo
2402 2812 2811 2866 Romanorum
2825 2810 3059 2882 quidem
3074 2810 3486 2882 episcoporum

1835 2899 2041 2968 viginti
2071 2907 2329 2971 quatuor
2365 2907 2537 2954 erant
2561 2919 2573 2958 :
2599 2898 2942 2954 Judeeorum
2985 2915 3123 2954 vero
3144 2898 3486 2954 sacerdotes

137 3010 281 3042 κοσιν
321 2990 499 3042 ἑκατόν
534 3008 545 3019 ·
574 2992 641 3041 ὧν
672 2990 889 3062 ἒξαρχοι
931 2984 1142 3041 δώδεκα
1198 2983 1360 3045 ἦσαν,
1421 2983 1724 3057 Σίλϐεστρος

1843 2995 2072 3045 centum
2122 2995 2178 3043 et
2209 2987 2435 3058 viginti,
2468 2990 2528 3043 in
2582 2988 2805 3060 quibus
2856 2988 3177 3043 duodecim
3237 2987 3486 3059 reliquis

136 3076 196 3132 δε
244 3088 338 3141 τῆς
383 3076 608 3132 συνόδου
656 3084 746 3131 καὶ
794 3086 885 3130 τοῦ
926 3075 1177 3147 διαλόγου
1225 3078 1417 3146 ἡγεῖτο.
1458 3081 1634 3145 Παρῆν
1666 3068 1726 3124 δε

132 3173 222 3221 καὶ
285 3170 311 3220 ό
374 3166 617 3242 βασιλεὺς
672 3172 762 3219 καὶ
839 3169 868 3224 ἡ
939 3163 1149 3238 βασιλὶς
1205 3163 1399 3228 Ἐλένη,
1477 3161 1724 3236 ἑκατέρων

131 3261 261 3329 μετὰ
310 3263 562 3319 συνέσεως
639 3258 975 3331 ἀκροώμενοι.
1033 3256 1181 3309 Ἐπεὶ
1259 3250 1309 3305 δ’
1364 3254 1390 3304 ό
1458 3254 1726 3324 ἱερώτατος

132 3348 433 3421 Σίλϐεστρος
500 3344 721 3417 δυνάμει
795 3345 960 3415 λόγων
1006 3344 1177 3413 πολλῷ
1254 3343 1325 3412 τῷ
1377 3345 1546 3415 μέτρῳ
1597 3359 1727 3413 παρ-

132 3439 360 3507 ήνεγκεν,
418 3438 485 3497 ὡς
559 3434 772 3507 ἀχανεῖς
824 3437 943 3495 τοὺς
1016 3432 1281 3505 έγκρίτους
1353 3429 1552 3482 ἐκείνων
1623 3424 1728 3480 δεί-

131 3527 375 3593 κνυσθαι,
409 3524 738 3596 ἀγχομένους
768 3531 827 3595 τῇ
872 3524 1195 3593 πειθανοίγκη
1228 3528 1327 3571 τῶν
1355 3518 1678 3590 ἀποκρίσεων
1709 3533 1723 3545 '

133 3616 273 3675 τέλος
316 3618 423 3666 ἐπεὶ
476 3616 565 3664 καὶ
608 3616 694 3663 τὸν
742 3614 884 3684 παρά
940 3618 1032 3661 τοῦ
1088 3611 1361 3681 φαρμάκοτ
1418 3608 1729 3677 πεφονευμέ-

134 3724 220 3755 νον
247 3710 431 3773 ταὺρον
470 3709 702 3775 Χριστοῦ
753 3709 815 3770 τῇ
861 3699 1045 3757 κλήσει
1099 3698 1308 3766 ἀνίστα,
1355 3697 1537 3755 πάντες
1567 3711 1729 3767 προσ-

139 3797 315 3857 ιόντες,
370 3799 472 3851 τοῖς
520 3796 675 3843 ποσὶν
724 3788 914 3841 έκείνου
958 3791 1272 3840 κατέπιπτον
1307 3803 1320 3815 ·
1375 3789 1464 3837 καὶ
1512 3787 1569 3835 τὸ
1613 3784 1729 3852 σφέ-

1005 3879 1071 3929 τὰ
1142 3880 1237 3928 ’ίσα
1294 3873 1578 3947 Σιλϐέστρῳ
1637 3873 1727 3921 καὶ

1213 3965 1337 4017 ἑλεῖν
1388 3982 1559 4038 προηγ
1565 3964 1728 4033 μένοι,

136 3901 280 3956 τερον
344 3877 378 3931 δ
384 3882 673 3940 ιαπτύοντες
748 3877 923 3943 σέϐας,

138 3970 288 4021 αὐτοὶ
343 3976 535 4041 φρονεῖν
592 3968 948 4038 ἠναγκάζοντο
979 3988 992 4000 ο
1049 3970 1136 4018 καὶ

137 4058 326 4133 μᾶλλον
374 4059 622 4113 ἑάλωσαν.
678 4066 842 4111 Τοῦτο
917 4060 1207 4128 γενόμενον,
1262 4059 1352 4107 καὶ
1407 4058 1499 4111 τήν
1555 4068 1731 4123 μακα-

137 4155 252 4223 ρίαν
298 4147 496 4206 Ἐλένην
558 4149 743 4209 ἔπειθε,
818 4147 1088 4221 κρείττονά
1140 4164 1255 4195 τινα
1316 4147 1437 4215 περὶ
1494 4150 1566 4212 τῷ
1634 4143 1731 4213 υἱῲ

138 4239 360 4290 οἴεσθαι.
412 4236 565 4289 Ὀθεν
610 4241 701 4288 καὶ
751 4239 808 4287 τὸ
857 4236 1075 4307 πάτριον
1113 4238 1204 4286 καὶ
1251 4236 1381 4290 αύτή
1426 4230 1581 4293 σέϐας
1609 4231 1731 4284 ἀπο-

141 4330 341 4398 θεμένη,

137 4418 371 4488 μυστικά
400 4430 417 4447 ⁶
450 4419 540 4468 καὶ
592 4418 767 4486 μήτηρ
800 4409 926 4465 εἶναι
980 4420 1072 4464 τοῦ
1113 4414 1370 4464 τοσούτου
1422 4414 1514 4467 τήν
1544 4409 1730 4483 ἀρετήν

136 4508 334 4576 ἄριστα
390 4506 608 4576 ἔφαινεν,
664 4501 852 4563 ἐπίσης
914 4500 1086 4572 έκείνῳ
1143 4505 1233 4552 καὶ
1287 4502 1374 4551 τόν
1435 4498 1586 4561 ζῆλον
1640 4504 1730 4551 καὶ

135 4599 232 4653 τήν
269 4597 399 4666 πρός
432 4594 653 4666 Χριστόν
677 4597 853 4643 πίστιν
872 4586 1196 4663 διακειμένη,

734 4880 976 4929 ΚΕΦΑΛ.
1016 4873 1142 4927 ΛΖ’.

130 4990 292 5060 Περὶ
356 4993 469 5046 τῆς
517 4986 753 5109 εξιοίχης
820 4984 1321 5034 Κωνσταντίνου
1373 4983 1482 5031 καὶ
1543 4976 1731 5039 Μαξί-

211 5062 441 5109 ιιίνου·
567 5058 832 5109 ιήσνησις
898 5057 1045 5109 περὶ
1121 5060 1241 5103 τῶν
1303 5050 1373 5102 τό
1451 5056 1731 5109 σημεῖον

208 5056 441 5128 μίνου·
517 5056 832 5125 διήγησις
898 5057 1045 5125 περὶ
1121 5060 1241 5103 τῶν
1303 5056 1373 5102 τό
1451 5056 1731 5122 σημεῖον

209 5130 686 5203 ἐπιφερομένων
725 5129 789 5177 τό
826 5143 1028 5196 σταυρ
1050 5128 1209 5177 ικόν.

206 5236 366 5289 Ταῦτ’
424 5235 518 5287 ούκ
571 5230 654 5299 ἧν,
708 5235 776 5294 ὠς
830 5234 1051 5305 εἴρηται,
1103 5228 1325 5289 ἀνεκτῶς
1364 5231 1503 5300 ἔχειν
1533 5228 1736 5298 μανθά-

126 5344 292 5380 νοντα
347 5323 633 5395 Μαξιμῖνον
671 5325 758 5374 τὸν
814 5319 893 5373 ἐπ’
948 5319 1229 5380 Ἀνατολῆς
1265 5321 1532 5390 τύραννον.
1582 5314 1734 5368 Ὀθεν

126 5420 228 5470 καὶ
281 5416 499 5485 πόλεμον
548 5407 813 5465 ἄσπονδον
870 5408 1085 5461 ἀνεκίνει
1124 5427 1138 5439 ·
1188 5411 1278 5459 καὶ
1328 5409 1375 5459 ἓν
1426 5404 1626 5479 βραχεῖ
1677 5408 1734 5456 τό

127 5511 241 5561 πᾶν
292 5506 587 5555 συνεκύκα·
646 5506 735 5552 καὶ
789 5493 1122 5572 στρατόπεδα
1167 5496 1400 5572 ἤθροιζε,
1442 5500 1532 5547 καὶ
1586 5498 1738 5567 μυρί-

1834 3077 2145 3151 praeibam.
2195 3078 2262 3133 In
2318 3082 2615 3133 conventu
2654 3081 2710 3133 et
2748 3077 3048 3146 colloquio
3088 3093 3155 3132 eo
3196 3076 3490 3149 Sylvester

1833 3166 2113 3238 princeps
2143 3170 2287 3220 erat.
2336 3165 2556 3220 Aderat
2596 3165 2656 3220 in
2695 3180 2766 3220 eo
2806 3170 2861 3220 et
2886 3166 3210 3236 imperator
3250 3165 3396 3236 ipse,
3429 3167 3489 3220 et

1835 3260 2026 3310 mater
2062 3255 2191 3323 ejus
2216 3253 2453 3319 Helena,
2499 3259 2717 3310 attente
2748 3260 2805 3309 et
2861 3254 3172 3324 diligenter
3204 3262 3487 3326 utrosque

1836 3343 2165 3399 audientes.
2196 3344 2338 3397 Cum
2355 3349 2556 3399 autem
2583 3342 3336 3414 sacratissimusSylvester
3361 3343 3488 3399 elo-

1836 3433 2092 3505 quentia:
2140 3433 2197 3486 vi
2252 3432 2450 3487 multis
2503 3431 2698 3487 modis
2742 3432 2872 3487 illos
2921 3432 3005 3487 ita
3046 3438 3372 3504 superaret,
3426 3436 3490 3487 ut

1839 3537 1973 3577 eum
2014 3536 2237 3591 magna
2274 3538 2413 3575 cum
2475 3520 2873 3576 admiratione
2924 3520 3132 3576 delecti
3183 3520 3264 3575 illi
3298 3520 3488 3576 Judaei

1837 3610 2024 3665 hianti
2052 3625 2155 3664 ore
2198 3613 2500 3680 stupentes
2552 3609 2847 3677 audirent,
2899 3609 3489 3681 etﬁcaciresponsio-

1838 3715 1984 3754 num
2032 3699 2163 3768 ejus
2194 3699 2582 3769 persuasione
2624 3699 2984 3754 consternati
3019 3712 3033 3752 :
3083 3713 3342 3769 cumque
3385 3714 3490 3769 po-

1839 3793 2059 3843 stremo
2107 3794 2344 3841 taurum
2397 3785 2489 3841 ille
2530 3802 2764 3842 veneno
2808 3792 3145 3853 enecatum,
3209 3788 3488 3843 invocato

1840 3876 2051 3933 Christi
2100 3876 2363 3939 nomine,
2396 3876 2746 3942 restitueret,
2779 3892 2991 3931 omnes
3028 3876 3102 3930 ad
3136 3876 3322 3945 pedes
3352 3876 3487 3948 ejus

1840 3972 1976 4021 sunt
2024 3963 2342 4036 provoluti,
2392 3962 2676 4035 cultuque
2738 3980 2848 4019 suo
2886 3966 3175 4036 projecto.
3222 3964 3382 4019 idem
3414 3965 3489 4020 de

1839 4053 2118 4122 religione
2170 4068 2309 4106 cum
2352 4051 2651 4124 Sylvestro
2678 4060 2986 4107 senserunt
3019 4069 3032 4105 :
3067 4052 3152 4108 ita
3182 4056 3246 4107 ut
3275 4053 3377 4124 qui
3417 4068 3490 4110 eo

1840 4143 2044 4199 animo
2075 4145 2360 4196 venerant
2406 4146 2468 4196 ut
2515 4140 2663 4195 alios
2730 4146 3033 4212 caperent,
3088 4142 3326 4213 ipsimet
3375 4132 3492 4197 sint

1840 4231 2017 4304 capti.
2054 4233 2171 4285 Hoc
2190 4229 2412 4285 factum
2457 4228 2637 4285 etiam
2664 4228 2854 4285 beatae
2888 4229 3140 4293 Helenae,
3171 4236 3234 4285 ut
3255 4230 3329 4286 de
3367 4230 3490 4286 ﬁlio

424 4325 713 4400 Σιλϐέστρῳ
793 4326 1119 4396 προσέπιπτε
1149 4337 1162 4352 ’
1226 4327 1317 4373 καὶ
1378 4322 1588 4373 ἐτελεῖτο
1666 4323 1732 4373 τὰ

1843 4320 2054 4376 melius
2076 4319 2207 4390 jam
2229 4318 2489 4383 sentiret,
2524 4318 2844 4389 persuasit.
2874 4319 3027 4383 Quin
3045 4323 3098 4373 et
3119 4318 3256 4390 ipsa
3286 4320 3491 4390 patrim

1839 4408 2140 4478 religionis
2192 4408 2357 4464 cultu
2400 4406 2622 4474 relicto,
2676 4407 2753 4462 ad
2781 4406 3056 4479 Sylvestri
3108 4407 3366 4480 procidit
3397 4423 3494 4479 pe-

1840 4498 1948 4554 des
1974 4515 1987 4552 :
2020 4497 2098 4553 ab
2120 4511 2312 4567 eoque
2339 4510 2513 4551 sacra
2538 4495 2675 4550 ﬁdei
2699 4502 2918 4550 nostrae
2951 4496 3234 4568 mysteria
3259 4497 3489 4562 edocta,

1839 4602 1984 4643 vera
2022 4584 2266 4641 tandem
2319 4589 2403 4639 tot
2447 4585 2748 4656 tantisque
2773 4584 3089 4639 virtutibus
3133 4585 3367 4657 praediti
3388 4584 3492 4640 ﬁlii

1841 4681 2031 4731 mater
2049 4688 2179 4729 esse
2211 4672 2507 4744 apparuit,
2539 4672 2753 4728 eodem
2777 4688 2915 4729 cum
2936 4672 3035 4729 illo
3050 4673 3265 4729 ardore
3288 4679 3345 4728 et
3368 4672 3492 4729 ﬁde

1839 4764 1901 4819 in
1928 4763 2226 4819 Christum
2256 4767 2565 4833 concepto.

2408 4868 2631 4925 CAPUT
2650 4868 2919 4923 XXXVII.

1840 4979 1927 5033 De
1954 4975 2233 5042 conﬂictu
2259 4974 2639 5031 Constantini
2659 4981 2715 5047 et
2748 4974 3089 5031 Maximini.
3118 4975 3258 5031 etde
3283 4976 3363 5031 eis
3388 4976 3492 5047 qui

1911 5048 2142 5118 signum
2162 5048 2357 5103 crucis
2382 5047 2447 5102 in
2469 5045 2735 5137 exercitu
2756 5047 3022 5101 tulerunt
3055 5045 3433 5117 vexilli/eris.

1915 5228 2046 5281 Hinc
2085 5240 2224 5280 cum
2272 5222 2654 5294 cognovisset
2692 5222 3064 5289 Maximinus,
3106 5222 3359 5280 Orientis
3405 5229 3493 5295 ty-

1843 5330 2092 5379 rannus,
2117 5329 2235 5369 non
2251 5311 2966 5384 potuitnonimpatienter
2985 5311 3154 5367 ferre.
3189 5315 3491 5378 Quamob-

1845 5419 1972 5460 rem
2002 5402 2225 5459 bellum
2272 5399 2748 5457 irreconciliabili
2791 5400 2932 5455 odio
2966 5400 3304 5457 maximum
3364 5417 3492 5459 mo-

1846 5496 1926 5547 vit
1952 5491 2049 5565 (t),
2092 5491 2382 5564 brevique
2444 5504 2540 5545 res
2598 5504 2813 5544 omnes
2850 5488 3092 5545 miscuit
3115 5494 3172 5545 et
3205 5489 3488 5549 turbavit.

213 5626 296 5697 (t)
332 5623 518 5681 Paetis
547 5622 779 5679 violatis
816 5637 953 5695 quae
982 5637 1117 5675 cum
1149 5619 1375 5675 Licinio
1405 5618 1633 5675 inierat.
1668 5616 1883 5673 Euseb.

431 5722 671 5776 PATROL.
704 5724 805 5777 Ga.
846 5718 1063 5775 CXLV.

3139 5716 3200 5772 111
