4028 6294
647 300 779 369 1891

1950 294 2335 359 NICEPHORI
2373 292 2691 361 GALLISTI
3757 298 3852 365 «ειη

641 427 965 493 exercitum
988 427 1239 497 collegit,
1263 426 1533 498 ingentes
1551 424 1879 487 innumerae
1893 423 2282 489 multitudinis

2405 422 2572 499 ανδρα
2629 428 2921 498 συνεκρότει
2978 430 3134 498 στίφη
3164 442 3178 454 ’
3251 430 3341 489 καὶ
3409 427 3477 493 εἰς
3540 429 3687 500 μάχην
3739 434 3853 505 ηηὶτρέ.

641 517 851 590 copias
879 518 1190 580 contraxit,
1224 522 1280 571 et
1308 515 1385 575 ad
1414 530 1681 593 pugnam
1708 529 1773 573 se
1810 530 1997 586 quam
2030 514 2289 575 maxime

642 606 833 678 potuit
862 605 1159 671 instruxit,
1192 620 1300 678 spe
1325 611 1382 660 et
1400 603 1623 665 ﬁducia
1648 603 2142 667 dmmonummec
2166 617 2289 665 non

640 700 1009 757 armatorum
1037 693 1298 766 plurima
1329 692 1506 757 turba
1530 692 1837 753 seductus.
1878 692 2087 762 Itaque
2109 692 2289 753 etiam

639 784 966 856 imperator
992 781 1435 850 celeberrimus,
1471 797 1592 845 uua
1617 797 1755 843 cum
1797 780 2014 845 Licinio
2037 781 2285 845 Caesare.

643 874 829 936 Roma
880 876 1037 935 terra
1089 872 1360 944 marique
1406 870 1701 935 Orientem
1760 886 1972 933 versus
2024 876 2111 927 est
2155 885 2288 940 pro~

639 961 846 1030 fectus,
875 977 1012 1025 cum
1046 960 1308 1023 exercitu
1341 959 1475 1023 forti
1528 966 1585 1025 et.
1615 959 1861 1023 robusto
1913 977 1925 1013 :
1959 958 2139 1031 496
2166 974 2288 1030 quo

640 1055 841 1105 tamen
886 1050 983 1105 ille
1035 1066 1155 1105 non
1215 1055 1469 1112 tantum,
1524 1056 1820 1120 quantum
1850 1048 2042 1119 ipsius
2093 1048 2286 1111 crucis

638 1147 969 1203 armatura,
992 1138 1354 1201 confidebat.
1380 1140 1443 1203 Et
1460 1144 1854 1211 posteaquam
1875 1138 1933 1191 in
1952 1137 2287 1208 Bithyniam

638 1228 714 1282 ad
745 1228 965 1291 locum,
998 1229 1101 1299 qui
1133 1232 1381 1281 Astacus
1413 1226 1649 1290 dicitur,
1683 1232 1923 1281 ventum
1949 1231 2055 1293 est,
2081 1232 2288 1280 contra

639 1317 995 1372 sceleratum
1034 1316 1268 1377 hostem
1301 1316 1476 1387 signa
1528 1315 1885 1386 infestajam
1910 1315 2282 1378 inferentem,

636 1407 906 1462 maxima
953 1422 1090 1461 cum
1129 1405 1351 1461 ﬁducia
1380 1406 1507 1460 acie
1551 1406 1837 1460 instructa
1881 1403 2283 1475 progreditur.

635 1494 1112 1556 Jusseratautem
1130 1493 1552 1557 Constantinus
1568 1496 1813 1563 Magnus
1826 1493 2019 1548 crucis
2045 1493 2173 1561 sign
2184 1508 2287 1555 um

633 1582 918 1664 praeferri,
945 1582 1107 1665 quod
1142 1599 1178 1638 a
1209 1582 1491 1645 Romanis
1520 1588 1696 1645 antea
1721 1581 2017 1645 Labarum
2049 1581 2289 1636 diceba-

635 1675 751 1736 tur,
793 1671 986 1742 signis
1042 1670 1403 1726 militaribus
1459 1670 1592 1725 aliis
1648 1669 1823 1740 longe
1878 1669 2283 1741 praestantius,

2400 534 2580 576 πιστο,
2632 510 2893 586 δαιμόνων
2942 514 3117 577 ἐλπίσι
3167 520 3256 577 καὶ
3304 515 3513 577 ὁπλιτῶν
3538 522 3735 588 μυριάσιν
3771 522 3853 577 ἐπι-

2399 607 2635 675 τημένος.
2669 606 2763 663 Διά
2814 624 2896 656 τοι
2949 613 3117 657 ταῦτα
3152 610 3242 665 καὶ
3295 607 3320 656 ὁ
3370 609 3659 677 «eadem»;
3700 612 3852 670 Baetin;

2400 700 2490 752 τῆς
2531 692 2730 762 Ῥώμης
2783 692 3009 765 ἀπάρας,
3057 699 3322 746 συνείπετο
3370 690 3429 746 δέ
3476 697 3523 755 οι
3564 695 3677 764 αὐτῷ
3706 704 3772 751 κεί
3805 710 3855 751 Δι-

2399 785 2562 851 κίνιος
2617 782 2825 854 Καῖσαρ
2870 786 2963 837 σὺν
3016 789 3109 841 οὐκ
3156 781 3352 853 ἀγεννεί
3375 790 3447 854 τῷ
3497 794 3671 856 στρατῷ
3712 792 3775 843 καὶ
3806 784 3857 838 s‘u

2398 877 2497 941 γῆς
2550 875 2639 929 καὶ
2681 871 2971 936 θαλάσσης,
3029 874 3162 929 κατὰ
3210 880 3307 935 τῆς
3348 874 3410 925 ἕω
3457 870 3720 945 ὶφέρετομι)

2400 962 2604 1025 τούτοις
2653 960 2683 1019 ᾖ
2745 969 2836 1013 τοῦ
2890 969 3121 1034 σταυροῦ
3172 960 3429 1031 πανοπλίᾳ
3473 964 3526 1017 τὸ
3572 961 3734 1043 θαρρεῖν
3768 966 3861 1032 ἔχειν.

2400 1049 2544 1109 Ἐπεί
2594 1044 2654 1105 6“;
2719 1053 2806 1103 καὶ
2863 1048 2936 1117 εἰς
2998 1047 3234 1122 βιθυνίαν
3286 1051 3404 1115 ἧκε,
3459 1054 3570 1123 περί
3610 1070 3691 1101 πον
3732 1053 3864 1117 τόν,ὁς

2398 1134 2659 1198 ’Ἄστακος
2722 1137 2955 1190 καλεῖται
3006 1147 3199 1215 χῶρος,
3276 1138 3552 1210 συμϐάλλει
3607 1141 3714 1210 πρὸς
3754 1160 3864 1210 palm

2398 1233 2469 1294 τῷ
2529 1225 2834 1307 παλαμναίῳ
2920 1230 3117 1299 ἐχθρῷ,
3186 1227 3240 1289 ἒξ
3307 1226 3527 1289 ἐναντίας
3599 1231 3758 1291 ᾖκοντι,

2398 1314 2528 1375 ὅσης
2577 1313 2638 1366 ἄν
2675 1334 2756 1377 τις
2810 1318 2944 1368 εἴποι
3005 1319 3350 1391 θρασύτητος.
3405 1316 3463 1367 Ὀ
3525 1312 3580 1368 δε
3628 1320 3754 1388 μέγας
3786 1322 3859 1368 [er

2400 1410 2667 1464 σταντῖνος
2735 1407 2794 1456 τό
2874 1411 2968 1456 τοῦ
3044 1414 3273 1483 σταυροῦ
3353 1413 3563 1477 σημεῖον
3627 1407 3853 1481 «pomeria

2396 1496 2736 1564 προσέταττεν
2770 1510 2782 1522 ’
2836 1492 2861 1544 ὃ
2923 1496 3060 1566 πορὰ
3107 1492 3376 1566 Ῥωμαίοις
3433 1499 3657 1577 πρότερον
3712 1492 3852 1561 Antissa

2398 1580 2713 1652 ὠνομάζετο.
2788 1587 2886 1635 Καὶ
2955 1592 3050 1634 τῶν
3122 1582 3285 1635 ἄλλων
3343 1587 3565 1655 σημείων
3631 1582 3855 1653 πολεμικαῖ-

2396 1688 2483 1741 ρον
2560 1667 2620 1728 ἦν
2654 1692 2667 1703 ·

2721 1672 2896 1745 ὄτιωερ
2955 1671 3114 1724 ἐκεῖνο
3191 1674 3540 1743 καθηγεῖσθαι
3587 1676 3667 1723 καὶ
3718 1689 3860 1744 προπι-

633 1759 921 1837 quodida
943 1759 1230 1815 militibus
1248 1758 1513 1831 praeferri
1540 1762 1599 1814 et
1623 1758 1861 1813 adorari
1882 1757 2012 1827 lege
2042 1766 2282 1814 cautum

2396 1759 2599 1809 νεῖσθαι
2651 1765 2756 1820 τοῖς
2788 1766 3136 1832 στρατιώταις
3187 1765 3480 1833 νενόμιστο.
3539 1764 3627 1812 Καὶ
3671 1756 3745 1811 διὰ
3768 1766 3862 1815 1m.

631 1846 826 1903 fuerit.
855 1850 1045 1913 Quam
1070 1847 1151 1903 ob
1174 1863 1418 1911 causam
1451 1848 1628 1911 etiam
1660 1848 2115 1907 Constantinum
2141 1852 2287 1919 puto

633 1935 1089 1999 celeberrimum
1119 1936 1369 1992 Romani
1400 1936 1637 2008 imperii
1667 1934 1946 1991 vexillum
1980 1936 2040 1990 in
2080 1935 2288 1990 Christi

634 2025 875 2097 signum
921 2031 1210 2096 mutasse,
1242 2030 1304 2081 ut
1334 2025 1626 2101 frequenti
1678 2025 1806 2095 ejus
1854 2023 2196 2096 spectaculo
2231 2030 2287 2079 et

632 2115 795 2171 cultu
824 2114 1045 2175 subditi
1072 2114 1132 2168 in
1180 2113 1643 2170 desuetudinem
1679 2112 1949 2186 pristinas
2005 2112 2287 2184 supersti-

632 2202 809 2259 tionis
837 2204 1126 2267 venirent,
1158 2218 1418 2276 eumque
1444 2202 1641 2258 solum
1676 2205 1857 2257 Deum
1882 2218 2010 2258 esse
2040 2202 2284 2257 arbitra-

631 2298 855 2358 rentur,
912 2307 1092 2375 quem
1122 2291 1449 2364 imperator
1510 2298 1566 2347 et
1604 2291 1788 2346 duces
1836 2292 1965 2365 ejus
1996 2290 2281 2356 colentes,

631 2387 1082 2454 propugnatore
1119 2380 1409 2437 adversus
1448 2380 1649 2435 hostes
1681 2385 2001 2435 uterentur.
2034 2379 2155 2434 Hoc
2180 2378 2285 2448 igi-

632 2476 726 2525 tur
752 2470 991 2541 signum
1023 2468 1309 2545 prazferri,
1357 2474 1414 2524 et
1448 2467 1861 2526 laborantibus
1903 2467 2283 2549 periclitanti-

628 2559 866 2632 busque
891 2558 1237 2614 cohortibus
1271 2557 1503 2624 adesse,
1537 2562 1717 2630 atque
1747 2574 1783 2613 a
1804 2558 2154 2614 satellitibus
2175 2571 2283 2629 per

629 2649 790 2706 vices
816 2648 878 2703 in
918 2647 1185 2712 humeris
1216 2647 1453 2717 gestari,
1498 2646 1861 2719 ordinesque
1915 2663 2054 2703 cum
2078 2662 2149 2702 eo
2175 2647 2280 2701 cir-

631 2739 791 2795 cuire
814 2737 1097 2819 jusser‘at.
1155 2738 1464 2793 Salutifera
1492 2737 1623 2793 haec
1661 2744 1969 2799 armatura
2025 2754 2163 2795 cum
2195 2738 2281 2792 sic

631 2827 999 2884 Constantini
1042 2827 1232 2883 aciem
1279 2827 1533 2908 praeiret,
1584 2828 1934 2881 Maximinus
1973 2827 2095 2881 suis
2133 2841 2281 2905 pre:-

632 2916 806 2997 cepit,
851 2922 914 2972 ut
980 2917 1327 2997 quicunque
1362 2915 1663 2979 collimare
1714 2922 1989 2988 certoque
2023 2914 2278 2987 jaculari

632 3011 900 3087 possent,
924 3005 983 3060 in
1017 3006 1261 3076 signum
1293 3004 1353 3059 id
1385 3004 1498 3061 tela
1555 3004 1934 3076 conjicerent,
1991 3012 2169 3078 atque
2220 3005 2280 3059 in

631 3092 832 3186 ipsum
850 3094 1161 3186 confertim
1175 3109 1313 3149 cum
1340 3093 1567 3165 impetu
1580 3093 1890 3159 ferrentur.
1910 3095 2281 3171 Quapropter
2314 3129 2356 3186 Ε

629 3182 681 3238 is
702 3183 802 3261 qui
816 3182 877 3237 id
890 3182 1370 3252 ferebat(dicitur
1387 3187 1585 3237 autem
1605 3184 1818 3238 Graecas
1837 3183 2279 3259 superstitionis

630 3268 857 3344 fuisse),
898 3277 1062 3328 metu
1095 3269 1427 3349 perculsus,
1487 3271 1585 3326 alii
1616 3272 1984 3351 portandum
2052 3272 2283 3328 tradere

629 3358 951 3416 festinavit.
984 3366 1172 3431 Atque
1199 3358 1281 3415 ibi
1342 3359 1487 3417 alter
1514 3360 1763 3432 quidam
1826 3366 1992 3443 patre
2023 3366 2284 3433 martyre

630 3454 983 3527 prognatus,
1016 3447 1630 3511 alacriteradmodum
1658 3449 1947 3523 prosiluit,
1982 3450 2287 3506 thoracem

632 3542 689 3592 et
715 3537 949 3607 galeam
969 3537 1146 3607 longe
1177 3553 1213 3593 a
1242 3552 1303 3592 se
1325 3537 1563 3607 abjecit,
1597 3536 1842 3611 solaque
1868 3539 2070 3595 tunica
2096 3545 2283 3594 tectus

632 3626 872 3697 signum
903 3626 1095 3681 crucis
1135 3626 1405 3709 arripuit.
1440 3628 1618 3681 Porro
1665 3626 1762 3681 ille
1804 3627 1911 3703 qui
1943 3627 2056 3682 sibi
2083 3643 2119 3683 a
2144 3627 2286 3683 telo-

622 3707 765 3769 rum
793 3714 1007 3770 ictibus
1037 3707 1295 3781 caverat,
1351 3713 1554 3770 lethaii
1593 3714 1839 3779 vulnere
1875 3722 2121 3789 accepto
2148 3732 2285 3771 con-

630 3801 790 3866 cidit.
833 3804 942 3871 Qui
984 3819 1123 3859 vero
1153 3809 1457 3859 sacratum
1497 3802 1693 3858 crucis
1739 3804 1980 3874 signum
2032 3804 2279 3871 ferebat,

634 3892 915 3973 quamvis
942 3891 1146 3951 densm
1178 3893 1332 3947 nivis
1370 3892 1557 3947 instar
1603 3892 1719 3947 tela
1762 3892 1821 3947 in
1848 3909 1988 3948 eum
2027 3894 2283 3973 conjice-

630 3986 853 4047 rentur,
884 3996 920 4036 a
947 3980 1112 4036 nullo
1144 3987 1345 4036 tamen
1376 3985 1467 4035 est
1494 3979 1860 4043 vulneratus.
1892 3982 2041 4037 Nam
2070 3989 2284 4063 prmter

632 4069 979 4143 opinionem
1009 4085 1253 4125 omnem
1284 4068 1489 4124 divina
1518 4068 1785 4149 quadam
1817 4070 2029 4125 virtute
2055 4070 2169 4127 tela
2203 4071 2281 4127 ab

628 4157 905 4214 hostibus
937 4159 1178 4225 emissa,
1202 4159 1393 4223 hastae
1426 4157 1581 4231 signi
1611 4156 1763 4213 illisa
1786 4164 1966 4231 atque
1994 4159 2279 4231 impacta,

632 4247 711 4310 ab
751 4263 822 4303 eo
863 4248 965 4321 qui
1008 4247 1069 4303 id
1112 4247 1336 4305 ferebat
1374 4247 1435 4301 in
1480 4246 1679 4301 medio
1723 4263 2030 4309 armorum
2074 4249 2281 4305 discri-

632 4337 793 4393 mine
833 4343 1111 4397 versante
1139 4335 1478 4399 avolabant.
1511 4336 1729 4393 Dicitur
1756 4342 2064 4417 praeterea,
2100 4344 2280 4411 atque

631 4440 667 4481 a
704 4426 805 4480 Dei
840 4424 1184 4481 amantibus
1214 4425 1355 4480 viris
1398 4424 1677 4491 creditur,
1709 4440 1819 4479 nec
1853 4425 1970 4480 alio
2009 4442 2280 4499 unquam

630 4520 900 4589 tempore
917 4517 1019 4595 qui
1038 4516 1277 4587 signum
1296 4514 1356 4569 id
1381 4513 1597 4581 tulerit,
1615 4515 1672 4570 in
1690 4516 1993 4571 sinistrum
2017 4517 2279 4590 aliquem

630 4604 928 4665 decidisse
958 4619 1187 4671 casum,
1232 4609 1334 4658 aut
1364 4602 1742 4659 vulneratum
1773 4610 2094 4679 captumve
2124 4622 2273 4661 esse.

633 4691 807 4765 497
856 4693 969 4750 Sed
998 4692 1158 4748 enim
1191 4691 1393 4764 praelio
1433 4692 1781 4758 commisso,
1820 4697 2132 4765 tyrannus,
2173 4696 2275 4768 qui

629 4783 995 4839 detestandis
1022 4797 1341 4852 magorum
1368 4781 1717 4854 imposturis
1747 4781 1931 4837 fretus
1955 4782 2165 4850 fuerat,
2195 4786 2281 4840 in-
2311 4832 2315 4835 τ

630 4872 841 4928 teriore
868 4886 1111 4944 quoque
1144 4870 1345 4926 tunica
1383 4870 1638 4941 abjeeta,
1679 4869 2037 4944 militarique
2066 4872 2280 4929 habitu

630 4965 891 5033 sumpto,
909 4976 1044 5015 cum
1058 4959 1269 5031 paucis
1280 4958 1614 5014 admodum
1636 4960 1737 5031 qui
1759 4960 1811 5015 ei
1831 4959 1978 5015 bene
1995 4961 2280 5019 volebant

628 5051 914 5118 evadens,
940 5065 1129 5121 quam
1154 5047 1457 5103 celerrime
1483 5063 1603 5120 quo
1637 5064 1773 5103 eum
1801 5048 1983 5120 pedes
2008 5049 2281 5106 ferebant

628 5138 911 5211 profugit,
953 5144 1011 5193 et
1060 5137 1258 5192 vicum
1300 5136 1484 5192 alium
1524 5135 1640 5192 alio
1669 5142 1925 5204 mutans,
1970 5139 2062 5194 vix
2103 5156 2165 5194 se
2203 5155 2277 5195 ex

627 5227 893 5284 hostium
942 5225 1218 5283 manibus
1268 5225 1552 5281 subduxit
1596 5226 1842 5297 :reipsa
1886 5243 2093 5283 verum
2144 5244 2276 5284 esse

629 5316 955 5372 ostendens
1002 5315 1272 5371 divinum
1321 5313 1467 5369 illud
1516 5314 1849 5379 oraculum,
1898 5316 2062 5387 quod
2093 5316 2272 5372 dicit:

627 5406 762 5461 Non
790 5406 1066 5461 salvetur
1100 5419 1210 5461 rex
1232 5419 1344 5474 per
1369 5403 1587 5459 multas
1615 5404 1812 5472 copias
1841 5420 1999 5470 suas,
2032 5409 2087 5462 et
2114 5407 2277 5477 gigas

627 5509 750 5550 non
779 5493 1119 5550 salvabitur
1144 5493 1209 5547 in
1238 5492 1625 5552 multitudine
1662 5493 1902 5549 virtutis
1948 5510 2069 5553 suae
2100 5497 2119 5531 ¹
2174 5512 2191 5549 :
2222 5499 2277 5552 et

701 5583 722 5622 ³
754 5581 909 5639 Psal.
940 5597 1124 5650 xxxu,
1160 5584 1246 5641 16.

2398 1847 2466 1907 ὥς
2521 1867 2580 1918 γε
2633 1849 2834 1920 οἴομαι,
2876 1854 2965 1909 καὶ
3016 1855 3403 1902 Κωνσταντίνον
3439 1851 3495 1899 τὸ
3541 1850 3668 1920 παρὰ
3695 1847 3866 1918 Ῥωμαίοις

2399 1934 2781 2007 ἐπισημότατον
2861 1936 3119 2009 σύμϐολον
3199 1946 3295 2001 τῆς
3368 1937 3544 2011 ἀρχῆς
3612 1938 3670 1997 εἰς
3723 1945 3869 2009 Χριςτιν

2401 2032 2614 2097 σημεῖον
2670 2024 2972 2098 μεταϐαλεῖν
3001 2044 3014 2056 ·
3066 2029 3131 2087 ὡς
3182 2026 3243 2079 ἂν
3298 2034 3360 2099 τῇ
3454 2028 3648 2084 συνήθει
3714 2028 3778 2097 θέᾳ
3822 2044 3873 2073 ut

2400 2115 2644 2188 θεραπείᾳ
2695 2114 2869 2190 πόρῥω
2924 2123 3011 2167 τοῦ
3068 2118 3321 2176 συνήθους
3372 2120 3495 2178 τοὺς
3546 2114 3804 2188 ἀρχομένους
3832 2114 3874 2165 Ei-

2399 2204 2520 2256 θεῖν.
2551 2210 2744 2256 Τοῦτον
2799 2200 2858 2257 δε
2908 2210 3061 2281 μόνον
3119 2206 3368 2276 ἡγεῖσθαι
3423 2208 3567 2270 Θεὸν,
3620 2206 3665 2256 ὃν
3693 2201 3793 2261 δῆτα
3825 2222 3873 2252 ιω

2397 2289 2647 2362 βασιλεὺς
2702 2298 2792 2345 καὶ
2843 2294 3085 2365 ἡγεμόνες
3133 2302 3404 2366 τιμῶντες,
3462 2292 3730 2366 ἁμυντηρίῳ
3772 2300 3874 2364 χοῶν-

2394 2400 2481 2432 ται
2537 2384 2672 2433 κατὰ
2733 2390 2831 2434 τῶν
2887 2382 3163 2455 πολεμίων.
3230 2389 3397 2435 Τοῦτο
3463 2392 3582 2455 γοῦν
3631 2382 3874 2455 aper-[rich

2394 2469 2652 2538 ἐπέταττε,
2712 2476 2801 2525 καὶ
2882 2480 2991 2533 ταῖς
3045 2475 3371 2545 καμνούσαις
3453 2473 3660 2545 φάλαγξι
3723 2477 3873 2543 παρεῖται

2392 2559 2602 2611 ἐκελευε⁹
2651 2565 2740 2612 καί
2818 2580 2878 2632 γε
2957 2557 3275 2634 δορυφόρους
3357 2558 3640 2634 ἀμοιϐαδὸν
3705 2560 3768 2611 ἐπὶ
3819 2568 3871 2607 τε)

2392 2651 2543 2723 ὤμων
2594 2657 2759 2701 ταῦτα
2824 2652 2989 2722 φέρειν
3045 2649 3273 2714 ἐπέταξε,
3339 2657 3437 2703 καὶ
3513 2653 3599 2715 τὰς
3662 2649 3793 2711 τάξεις
3823 2665 3873 2696 n-

2390 2741 2598 2815 ριιέναι.
2656 2745 2759 2799 Τοῦ
2812 2743 2981 2790 τοίνυν
3036 2744 3296 2813 σωτηρίου
3351 2739 3514 2792 ὅπλου
3573 2741 3870 2812 προηγουμένου,

2390 2827 2583 2887 πάντας
2639 2831 2755 2887 τοὺς
2816 2830 3068 2899 εὔστοχον
3114 2828 3372 2901 ἀφιέντας,
3441 2829 3551 2881 κατ’
3603 2828 3760 2881 ἐκείνου
3804 2843 3873 2893 zz}-

2391 2935 2502 2968 πειν
2554 2918 2621 2968 τὰ
2670 2914 2795 2995 βέλη
2855 2916 3146 2988 Μαξιμῖγος
3217 2917 3432 2985 ἐκέλευε,
3495 2925 3580 2970 καὶ
3631 2918 3726 2968 κατ’
3780 2914 3872 2965 irim"

2391 3002 2587 3058 ἐπιέναι
2666 3004 2850 3078 ἀθορον
2886 3022 2897 3034 ·
2950 3005 3017 3066 εἰς
3092 3003 3209 3067 δέος
3264 3012 3439 3058 τοίνυν
3517 3007 3787 3079 περιελθόντι
3818 3004 3863 3050 fi?

2390 3102 2543 3146 τοῦτο
2596 3096 2828 3168 φέροντα,
2885 3090 2945 3153 ἦν
2992 3091 3043 3147 δ’
3091 3098 3157 3167 ὡς
3217 3095 3372 3167 λόγος
3430 3099 3496 3149 τὰ
3565 3096 3854 3161 Illi-im??-

2390 3191 2509 3249 νῶν,
2562 3185 2713 3263 ἑτέρῳ
2768 3180 3097 3258 παραδοῦναι
3152 3182 3502 3248 ίσπούὸαζεν.
3560 3184 3723 3243 Ἀλλος
3758 3178 3789 3232 δὲ
3819 3195 3862 3233 τις

2390 3274 2636 3355 μάρτυρα
2685 3277 2832 3353 σχὼν
2890 3278 3101 3347 πατέρα,
3180 3277 3556 3348 προθυμότατα
3608 3267 3866 3347 προπηδὲπῆ

2392 3365 2478 3413 τόν
2536 3353 2591 3413 τε
2644 3362 2855 3435 θώρακα
2916 3366 3005 3413 καὶ
3050 3365 3107 3413 τό
3162 3364 3352 3439 κράνος
3413 3365 3479 3423 ὡς
3527 3361 3785 3436 πορρωτέρω
3821 3353 3871 3425 βα·

2391 3448 2510 3516 λὼν,
2570 3449 2641 3501 ἐνὶ
2680 3454 2769 3505 καὶ
2816 3454 2955 3523 μόνῳ
2997 3454 3230 3522 χιτωνίῳ
3289 3470 3617 3524 σκεπόμενος,
3655 3455 3702 3502 τὸ
3744 3462 3871 3499 στωι-

2392 3541 2481 3589 κὸν
2563 3546 2775 3613 σημεῖον
2847 3528 3179 3611 καθήρπαζε.
3261 3546 3363 3592 Καὶ
3428 3543 3455 3593 ό
3515 3545 3599 3613 μὲν
3639 3547 3724 3590 τῶν
3782 3533 3868 3605 βεὶώ)

2392 3626 2486 3689 ἔξω
2543 3632 2824 3700 γενόμενος,
2895 3633 3103 3703 καιρίαν
3177 3628 3395 3701 πληγεὶς
3463 3632 3617 3682 ἔκειτο
3655 3645 3667 3657 ·
3713 3627 3733 3677 ό
3781 3620 3868 3673 at”

2395 3724 2608 3791 σημεῖον
2682 3720 2929 3792 ἐπιφέρων
3002 3723 3060 3770 τό
3122 3722 3428 3791 σταυρικόν,
3488 3724 3660 3790 καίπερ
3711 3716 3805 3766 κατὰ
3838 3730 3871 3757 »ι-

2393 3802 2565 3878 φάδας
2625 3805 2766 3877 αὐτῷ
2820 3814 2918 3858 τῶν
2980 3804 3137 3879 βελῶν
3196 3807 3564 3887 ἐπιχεομένων,
3612 3809 3798 3880 ἄτρωτος
3831 3793 3869 3853 ξπ

2393 3897 2543 3969 Παρὰ
2598 3892 2753 3957 δόξαν
2802 3898 2902 3970 γάρ
2969 3915 3071 3956 πως
3120 3897 3218 3947 ὑπό
3281 3899 3421 3958 θείας
3467 3894 3713 3968 δυνάμεως
3745 3894 3789 3942 τὰ
3822 3894 3868 3936 τά*

2389 3983 2643 4055 πολεμίων
2718 3972 3024 4058 ἐπαφιέμενα
3099 3983 3221 4057 βελη
3298 3994 3371 4055 τῷ
3430 3986 3563 4057 ξύλῳ
3611 3991 3692 4037 τοῦ
3737 3980 3869 4048 σιμεέῢ

2389 4076 2833 4147 προσπηγνυσθαι
2863 4090 2875 4103 ·
2941 4074 3268 4145 ἁφίπτασθαί
3316 4094 3377 4145 γε
3427 4079 3532 4148 μὴν
3578 4067 3869 4126 παντάπαντή

2392 4166 2652 4237 φέροντος,
2711 4167 2800 4214 καὶ
2845 4170 3013 4214 ταῦτα
3067 4167 3211 4236 μέσῳ
3267 4164 3335 4234 τῷ
3410 4160 3633 4235 κινδύνῳ
3677 4158 3872 4224 Emit???

2388 4269 2499 4305 νου.
2555 4254 2774 4331 Λέγεται
2827 4254 2998 4323 μέντοι
3058 4256 3148 4303 καὶ
3214 4250 3397 4313 ἀκοαῖς
3463 4252 3690 4325 φιλοθέων
3727 4244 3872 4299 πιστοί·

2387 4359 2494 4406 ται,
2528 4338 2666 4413 μηδὲ
2717 4340 2896 4392 ἄλλοτέ
2931 4360 3055 4393 ποτε
3104 4344 3190 4392 τόν
3241 4344 3299 4392 τό
3352 4350 3567 4414 σημεῖον
3608 4347 3735 4392 τοῦτο
3948 4390 3949 4397 η

2386 4434 2595 4501 ρόμενον
2651 4435 2813 4500 σκαιᾲ
2866 4448 2968 4481 τινι
3038 4435 3328 4505 περιπεσεῖν
3388 4434 3644 4501 συμφορᾷ,
3695 4412 3871 4477 ἀλλὀἀδῖ

2386 4522 2711 4591 τραυματίαν
2768 4521 2798 4575 ἧ
2883 4518 3218 4590 αἰχμάλωτον
3295 4518 3600 4590 ἀπαχθῆναί
3660 4531 3771 4567 ποτε.
3815 4510 3871 4557 ﬁ;

2385 4614 2509 4677 γοῦν
2569 4605 2834 4678 συμϐολῆς
2918 4611 3205 4679 γενομένης,
3266 4609 3292 4659 ό
3360 4614 3478 4670 ταῖς
3529 4610 3758 4679 μυσαραῖς
3797 4612 3870 4666 7°“

2384 4700 2541 4757 τείαις
2610 4693 2991 4769 ἐπερειδόμενος
3055 4699 3317 4772 τύραννος,
3405 4703 3496 4751 καὶ
3568 4702 3652 4755 τὴν
3718 4687 3867 4760 ἐσχῖττ

2387 4787 2585 4844 ἐσθῆτα
2658 4784 2949 4851 ἀποϐαλὼν,
3018 4790 3108 4839 καὶ
3200 4790 3573 4858 στρατιωτικὸν
3650 4781 3870 4853 sentirem;
3944 4818 3945 4871 ἶ

2388 4882 2600 4946 σχῆμα,
2659 4874 2768 4947 μετ’
2824 4873 3004 4945 ὀλίγων
3056 4876 3191 4927 πάνυ
3250 4864 3308 4926 τό
3389 4879 3562 4928 εὔνουν
3618 4872 3870 4945 φυλαττοντων

2387 4961 2527 5033 αὖτῷ
2554 4959 2784 5037 διαδρὰς
2820 4964 2874 5015 οἶ
2924 4960 3100 5016 ποδῶν
3155 4959 3293 5034 εἶχεν
3331 4966 3529 5036 ἔφευγε.
3584 4968 3743 5031 Κώμων
3773 4950 3807 5005 δ’
3838 4964 3867 4999 ⁸³
3944 5010 3945 5013 η

2385 5057 2567 5124 κώμης
2628 5050 2870 5122 ἀμείϐων,
2947 5052 3093 5123 μόλις
3147 5054 3241 5123 τὰς
3326 5061 3423 5104 τῶν
3477 5052 3708 5123 πολεμίων
3752 5046 3865 5113 χάρις

2388 5139 2632 5202 διέξεισιν
2666 5159 2678 5170 ⁸
2756 5143 2889 5213 ἔργῳ
2970 5137 3147 5203 δείξας
3234 5140 3606 5199 ἐπαληθεύοντα
3673 5139 3742 5188 τὸν
3790 5130 3859 5213 δέβ

2384 5234 2662 5307 χρησμόν·
2690 5212 2787 5282 Οὐγ
2808 5230 3086 5290 σώζεται
3115 5228 3421 5313 βασιλεὺς
3448 5227 3557 5283 δ’ιὰ
3592 5224 3781 5280 πειλλθθ⁷
3807 5212 3859 5301 δῖ’

2385 5338 2593 5390 ναμιν,
2636 5320 2936 5391 φάσκοντα·
2980 5323 3084 5370 καὶ
3147 5323 3342 5390 γίγας
3380 5318 3446 5370 οὐ
3512 5315 3853 5371 emuntur:
3942 5324 3943 5355 ί

2385 5408 2616 5465 πλήθει
2657 5406 2893 5479 ἰσχύος
2932 5406 3129 5460 αὐτοῦ
3157 5423 3170 5441 σ
3202 5412 3291 5459 καὶ
3340 5409 3440 5460 ὅσα
3468 5406 3577 5469 ἑξῆς
3602 5409 3682 5457 τοῦ
3712 5393 3851 5461 Ψιλνλ

2387 5496 2638 5572 Αἰσχρῶς
2682 5478 2941 5558 δ’νθοῦτως
2997 5499 3081 5548 hri
3132 5500 3218 5548 τόν
3257 5495 3443 5549 οἰκεῖον
3465 5504 3632 5571 χῶρον
3668 5478 3849 5542 ὶλθὺνοτθ
