  <div class='ocr_page' id='page_1' title='image "/cluster/home/n/w/nwhite01/storage/ocr_20150623/145/mdp.39015061167048/654.png"; bbox 0 0 4028 6294; ppageno 0'>
   <div class='ocr_carea' id='block_1_1' title="bbox 197 282 323 343">
    <p class='ocr_par' dir='ltr' id='par_1_1' title="bbox 197 282 323 343">
     <span class='ocr_line' id='line_1_1' title="bbox 197 282 323 343; baseline 0 -2"><span class='ocrx_word' id='word_1_1' title='bbox 197 282 323 343; x_wconf 69' lang='lat'><strong>4893</strong></span> 
     </span>
    </p>
   </div>
   <div class='ocr_carea' id='block_1_2' title="bbox 1228 277 2518 344">
    <p class='ocr_par' dir='ltr' id='par_1_2' title="bbox 1228 277 2518 344">
     <span class='ocr_line' id='line_1_2' title="bbox 1228 277 2518 344; baseline 0 -6"><span class='ocrx_word' id='word_1_2' title='bbox 1228 279 1790 343; x_wconf 65' lang='lat' dir='ltr'><strong>ECCLESIASTICIE</strong></span> <span class='ocrx_word' id='word_1_3' title='bbox 1827 277 2183 344; x_wconf 60' lang='lat' dir='ltr'><strong>HISTORIA?</strong></span> <span class='ocrx_word' id='word_1_4' title='bbox 2222 280 2360 338; x_wconf 89' lang='lat' dir='ltr'><strong>LIB.</strong></span> <span class='ocrx_word' id='word_1_5' title='bbox 2402 283 2518 339; x_wconf 86' lang='lat' dir='ltr'><strong>VII.</strong></span> 
     </span>
    </p>
   </div>
   <div class='ocr_carea' id='block_1_3' title="bbox 3395 291 3532 349">
    <p class='ocr_par' dir='ltr' id='par_1_3' title="bbox 3395 291 3532 349">
     <span class='ocr_line' id='line_1_3' title="bbox 3395 291 3532 349; baseline -0.007 0"><span class='ocrx_word' id='word_1_6' title='bbox 3395 295 3412 349; x_wconf 79' lang='lat' dir='ltr'><strong>i</strong></span> <span class='ocrx_word' id='word_1_7' title='bbox 3424 291 3532 348; x_wconf 68' lang='grc'><strong>294</strong></span> 
     </span>
    </p>
   </div>
   <div class='ocr_carea' id='block_1_4' title="bbox 199 405 1769 490">
    <p class='ocr_par' dir='ltr' id='par_1_4' title="bbox 199 407 1769 482">
     <span class='ocr_line' id='line_1_4' title="bbox 199 407 1769 482; baseline -0.003 -18"><span class='ocrx_word' id='word_1_8' title='bbox 199 412 344 482; x_wconf 82' lang='grc' dir='ltr'>θυμὸν</span> <span class='ocrx_word' id='word_1_9' title='bbox 391 407 504 465; x_wconf 80' lang='grc' dir='ltr'>ὅλον</span> <span class='ocrx_word' id='word_1_10' title='bbox 553 407 829 467; x_wconf 68' lang='grc' dir='ltr'>ἐνσκήπτει</span> <span class='ocrx_word' id='word_1_11' title='bbox 891 409 1028 464; x_wconf 75' lang='grc' dir='ltr'>κατὰ</span> <span class='ocrx_word' id='word_1_12' title='bbox 1073 415 1174 462; x_wconf 79' lang='grc' dir='ltr'>τῶν</span> <span class='ocrx_word' id='word_1_13' title='bbox 1229 407 1386 464; x_wconf 77' lang='grc' dir='ltr'>αὐτοῦ</span> <span class='ocrx_word' id='word_1_14' title='bbox 1464 410 1633 480; x_wconf 73' lang='grc' dir='ltr'>ἱερέων</span> <span class='ocrx_word' id='word_1_15' title='bbox 1681 410 1769 463; x_wconf 75' lang='grc' dir='ltr'>καὶ</span> 
     </span>
    </p>
   </div>
   <div class='ocr_carea' id='block_1_5' title="bbox 1881 405 3539 490">
    <p class='ocr_par' dir='ltr' id='par_1_5' title="bbox 1881 407 3539 490">
     <span class='ocr_line' id='line_1_5' title="bbox 1881 407 3539 490; baseline 0.006 -27"><span class='ocrx_word' id='word_1_16' title='bbox 1881 422 2017 478; x_wconf 72' lang='lat' dir='ltr'><strong>quae</strong></span> <span class='ocrx_word' id='word_1_17' title='bbox 2047 408 2106 466; x_wconf 86' lang='lat' dir='ltr'><strong>in</strong></span> <span class='ocrx_word' id='word_1_18' title='bbox 2135 407 2372 466; x_wconf 83' lang='lat' dir='ltr'><strong>P-salmo</strong></span> <span class='ocrx_word' id='word_1_19' title='bbox 2397 411 2750 480; x_wconf 80' lang='lat' dir='ltr'><strong>sequuntur.</strong></span> <span class='ocrx_word' id='word_1_20' title='bbox 2773 409 3094 484; x_wconf 72' lang='lat' dir='ltr'><strong>Postquam</strong></span> <span class='ocrx_word' id='word_1_21' title='bbox 3116 427 3261 471; x_wconf 89' lang='lat' dir='ltr'><strong>vero</strong></span> <span class='ocrx_word' id='word_1_22' title='bbox 3279 430 3352 476; x_wconf 82' lang='lat' dir='ltr'><strong>ex</strong></span> <span class='ocrx_word' id='word_1_23' title='bbox 3373 420 3539 490; x_wconf 69' lang='lat' dir='ltr'><strong>turpi</strong></span> 
     </span>
    </p>
   </div>
   <div class='ocr_carea' id='block_1_6' title="bbox 196 494 1768 571">
    <p class='ocr_par' dir='ltr' id='par_1_6' title="bbox 196 494 1768 571">
     <span class='ocr_line' id='line_1_6' title="bbox 196 494 1768 571; baseline 0.001 -22"><span class='ocrx_word' id='word_1_24' title='bbox 196 506 494 571; x_wconf 60' lang='grc' dir='ltr'>προφητῶν</span> <span class='ocrx_word' id='word_1_25' title='bbox 573 497 639 552; x_wconf 76' lang='grc' dir='ltr'>ὧν</span> <span class='ocrx_word' id='word_1_26' title='bbox 741 503 858 558; x_wconf 83' lang='grc' dir='ltr'>ταῖς</span> <span class='ocrx_word' id='word_1_27' title='bbox 937 499 1275 568; x_wconf 68' lang='grc' dir='ltr'><strong>μαγγανείαις</strong></span> <span class='ocrx_word' id='word_1_28' title='bbox 1357 494 1768 569; x_wconf 72' lang='grc' dir='ltr'>ἀναῤῥιπισθεὶς,</span> 
     </span>
    </p>
   </div>
   <div class='ocr_carea' id='block_1_7' title="bbox 196 583 1775 660">
    <p class='ocr_par' dir='ltr' id='par_1_7' title="bbox 196 583 1775 660">
     <span class='ocr_line' id='line_1_7' title="bbox 196 583 1775 660; baseline -0.003 -20"><span class='ocrx_word' id='word_1_29' title='bbox 196 590 274 640; x_wconf 81' lang='grc' dir='ltr'>τὸν</span> <span class='ocrx_word' id='word_1_30' title='bbox 319 594 567 641; x_wconf 85' lang='grc' dir='ltr'>τοσοῦτον</span> <span class='ocrx_word' id='word_1_31' title='bbox 628 589 792 660; x_wconf 82' lang='grc' dir='ltr'>ἤρατο</span> <span class='ocrx_word' id='word_1_32' title='bbox 845 585 1090 660; x_wconf 80' lang='grc' dir='ltr'>πόλεμον.</span> <span class='ocrx_word' id='word_1_33' title='bbox 1182 589 1280 641; x_wconf 72' lang='grc' dir='ltr'><strong>Καὶ</strong></span> <span class='ocrx_word' id='word_1_34' title='bbox 1346 588 1465 646; x_wconf 86' lang='grc' dir='ltr'>τοὺς</span> <span class='ocrx_word' id='word_1_35' title='bbox 1541 583 1775 656; x_wconf 78' lang='grc' dir='ltr'>μάλιστα</span> 
     </span>
    </p>
   </div>
   <div class='ocr_carea' id='block_1_8' title="bbox 198 673 1775 748">
    <p class='ocr_par' dir='ltr' id='par_1_8' title="bbox 198 673 1775 748">
     <span class='ocr_line' id='line_1_8' title="bbox 198 673 1775 748; baseline -0.003 -20"><span class='ocrx_word' id='word_1_36' title='bbox 198 673 617 747; x_wconf 73' lang='grc' dir='ltr'>διαϐεϐοημένους</span> <span class='ocrx_word' id='word_1_37' title='bbox 673 674 722 726; x_wconf 77' lang='grc' dir='ltr'>ἐν</span> <span class='ocrx_word' id='word_1_38' title='bbox 776 677 980 736; x_wconf 78' lang='grc' dir='ltr'><strong>τούτοις</strong></span> <span class='ocrx_word' id='word_1_39' title='bbox 1034 673 1305 748; x_wconf 76' lang='grc' dir='ltr'>ἁθροίσας,</span> <span class='ocrx_word' id='word_1_40' title='bbox 1339 674 1425 728; x_wconf 81' lang='grc' dir='ltr'>οἶα</span> <span class='ocrx_word' id='word_1_41' title='bbox 1459 677 1656 745; x_wconf 76' lang='grc' dir='ltr'>γόητας</span> <span class='ocrx_word' id='word_1_42' title='bbox 1685 675 1775 728; x_wconf 74' lang='grc' dir='ltr'><strong>καὶ</strong></span> 
     </span>
    </p>
   </div>
   <div class='ocr_carea' id='block_1_9' title="bbox 196 759 1774 836">
    <p class='ocr_par' dir='ltr' id='par_1_9' title="bbox 196 759 1774 836">
     <span class='ocr_line' id='line_1_9' title="bbox 196 759 1774 836; baseline -0.004 -18"><span class='ocrx_word' id='word_1_43' title='bbox 196 764 477 825; x_wconf 71' lang='grc' dir='ltr'>ἀπατεῶνας</span> <span class='ocrx_word' id='word_1_44' title='bbox 549 767 889 836; x_wconf 71' lang='grc' dir='ltr'>κατίσφαττε.</span> <span class='ocrx_word' id='word_1_45' title='bbox 965 770 1049 834; x_wconf 80' lang='grc' dir='ltr'><strong>Τῷ</strong></span> <span class='ocrx_word' id='word_1_46' title='bbox 1132 759 1192 815; x_wconf 68' lang='grc' dir='ltr'>δε</span> <span class='ocrx_word' id='word_1_47' title='bbox 1268 771 1370 816; x_wconf 80' lang='grc' dir='ltr'>τῶν</span> <span class='ocrx_word' id='word_1_48' title='bbox 1446 770 1774 836; x_wconf 75' lang='grc' dir='ltr'><strong>Χριστιανῶν</strong></span> 
     </span>
    </p>
   </div>
   <div class='ocr_carea' id='block_1_10' title="bbox 193 851 1778 929">
    <p class='ocr_par' dir='ltr' id='par_1_10' title="bbox 193 851 1778 929">
     <span class='ocr_line' id='line_1_10' title="bbox 193 851 1778 929; baseline -0.002 -23"><span class='ocrx_word' id='word_1_49' title='bbox 193 853 345 929; x_wconf 72' lang='grc' dir='ltr'>ἐφόρῳ</span> <span class='ocrx_word' id='word_1_50' title='bbox 375 861 488 924; x_wconf 77' lang='grc' dir='ltr'><strong>Θεῷ</strong></span> <span class='ocrx_word' id='word_1_51' title='bbox 525 859 678 926; x_wconf 82' lang='grc' dir='ltr'>νόμον</span> <span class='ocrx_word' id='word_1_52' title='bbox 730 855 857 927; x_wconf 66' lang='grc' dir='ltr'>ὑπὲρ</span> <span class='ocrx_word' id='word_1_53' title='bbox 913 853 1094 915; x_wconf 77' lang='grc' dir='ltr'>αὐτοῦ,</span> <span class='ocrx_word' id='word_1_54' title='bbox 1147 851 1254 924; x_wconf 82' lang='grc' dir='ltr'>οὐχ</span> <span class='ocrx_word' id='word_1_55' title='bbox 1283 853 1390 906; x_wconf 83' lang='grc' dir='ltr'>οἷον</span> <span class='ocrx_word' id='word_1_56' title='bbox 1447 859 1554 913; x_wconf 76' lang='grc' dir='ltr'>τοῖς</span> <span class='ocrx_word' id='word_1_57' title='bbox 1596 856 1778 924; x_wconf 73' lang='grc' dir='ltr'>πρότε-</span> 
     </span>
    </p>
   </div>
   <div class='ocr_carea' id='block_1_11' title="bbox 190 936 1778 1017">
    <p class='ocr_par' dir='ltr' id='par_1_11' title="bbox 190 936 1778 1017">
     <span class='ocr_line' id='line_1_11' title="bbox 190 936 1778 1017; baseline -0.002 -22"><span class='ocrx_word' id='word_1_58' title='bbox 190 963 291 1017; x_wconf 83' lang='grc' dir='ltr'>ρον,</span> <span class='ocrx_word' id='word_1_59' title='bbox 321 941 429 996; x_wconf 74' lang='grc' dir='ltr'>ἀλλ’</span> <span class='ocrx_word' id='word_1_60' title='bbox 458 942 627 1000; x_wconf 76' lang='grc' dir='ltr'>ἐντελῆ</span> <span class='ocrx_word' id='word_1_61' title='bbox 679 941 980 1014; x_wconf 75' lang='grc' dir='ltr'>ἕψηφίζετο.</span> <span class='ocrx_word' id='word_1_62' title='bbox 1040 941 1252 1010; x_wconf 80' lang='grc' dir='ltr'>Ὀλίγου</span> <span class='ocrx_word' id='word_1_63' title='bbox 1302 937 1362 993; x_wconf 65' lang='grc' dir='ltr'>δι</span> <span class='ocrx_word' id='word_1_64' title='bbox 1399 945 1596 1014; x_wconf 85' lang='grc' dir='ltr'>χρόνου</span> <span class='ocrx_word' id='word_1_65' title='bbox 1627 936 1778 1014; x_wconf 76' lang='grc' dir='ltr'>διαῤ-</span> 
     </span>
    </p>
   </div>
   <div class='ocr_carea' id='block_1_12' title="bbox 188 1028 1774 1106">
    <p class='ocr_par' dir='ltr' id='par_1_12' title="bbox 188 1028 1774 1106">
     <span class='ocr_line' id='line_1_12' title="bbox 188 1028 1774 1106; baseline -0.002 -22"><span class='ocrx_word' id='word_1_66' title='bbox 188 1031 374 1104; x_wconf 78' lang='grc' dir='ltr'>ῥυίτοε,</span> <span class='ocrx_word' id='word_1_67' title='bbox 429 1031 774 1106; x_wconf 74' lang='grc' dir='ltr'>ἂπροθίσμως</span> <span class='ocrx_word' id='word_1_68' title='bbox 823 1031 988 1094; x_wconf 71' lang='grc' dir='ltr'>οὔτως</span> <span class='ocrx_word' id='word_1_69' title='bbox 1033 1030 1306 1102; x_wconf 73' lang='grc' dir='ltr'><strong>αἰσχίστῳ</strong></span> <span class='ocrx_word' id='word_1_70' title='bbox 1354 1037 1498 1106; x_wconf 79' lang='grc' dir='ltr'>μόρῳ</span> <span class='ocrx_word' id='word_1_71' title='bbox 1544 1034 1629 1086; x_wconf 75' lang='grc' dir='ltr'>τὸν</span> <span class='ocrx_word' id='word_1_72' title='bbox 1660 1028 1774 1104; x_wconf 82' lang='grc' dir='ltr'>βίον</span> 
     </span>
    </p>
   </div>
   <div class='ocr_carea' id='block_1_13' title="bbox 189 1116 1776 1194">
    <p class='ocr_par' dir='ltr' id='par_1_13' title="bbox 189 1116 1776 1194">
     <span class='ocr_line' id='line_1_13' title="bbox 189 1116 1776 1194; baseline 0.001 -23"><span class='ocrx_word' id='word_1_73' title='bbox 189 1123 563 1194; x_wconf 70' lang='grc' dir='ltr'>κατίστερεφεν.</span> <span class='ocrx_word' id='word_1_74' title='bbox 633 1121 766 1190; x_wconf 79' lang='grc' dir='ltr'><strong>Ἐγὼ</strong></span> <span class='ocrx_word' id='word_1_75' title='bbox 861 1116 920 1174; x_wconf 71' lang='grc' dir='ltr'><strong>δὲ</strong></span> <span class='ocrx_word' id='word_1_76' title='bbox 979 1125 1070 1180; x_wconf 73' lang='grc' dir='ltr'>καὶ</span> <span class='ocrx_word' id='word_1_77' title='bbox 1123 1123 1211 1174; x_wconf 82' lang='grc' dir='ltr'><strong>τόν</strong></span> <span class='ocrx_word' id='word_1_78' title='bbox 1280 1123 1456 1192; x_wconf 82' lang='grc' dir='ltr'>νόμον,</span> <span class='ocrx_word' id='word_1_79' title='bbox 1515 1123 1585 1182; x_wconf 77' lang='grc' dir='ltr'>ὡς</span> <span class='ocrx_word' id='word_1_80' title='bbox 1635 1117 1776 1191; x_wconf 81' lang='grc' dir='ltr'>εἶχεν</span> 
     </span>
    </p>
   </div>
   <div class='ocr_carea' id='block_1_14' title="bbox 190 1209 868 1283">
    <p class='ocr_par' dir='ltr' id='par_1_14' title="bbox 190 1209 868 1283">
     <span class='ocr_line' id='line_1_14' title="bbox 190 1209 868 1283; baseline 0 -2"><span class='ocrx_word' id='word_1_81' title='bbox 190 1209 432 1283; x_wconf 54' lang='lat' dir='ltr'><strong>imit»</strong></span> <span class='ocrx_word' id='word_1_82' title='bbox 460 1216 524 1281; x_wconf 63' lang='lat' dir='ltr'><strong>ri</strong></span> <span class='ocrx_word' id='word_1_83' title='bbox 561 1216 868 1282; x_wconf 59' lang='lat' dir='ltr'><strong>“vves??-</strong></span> 
     </span>
    </p>
   </div>
   <div class='ocr_carea' id='block_1_15' title="bbox 789 1403 1204 1460">
    <p class='ocr_par' dir='ltr' id='par_1_15' title="bbox 789 1403 1204 1460">
     <span class='ocr_line' id='line_1_15' title="bbox 789 1403 1204 1460; baseline 0.002 -2"><span class='ocrx_word' id='word_1_84' title='bbox 789 1410 1030 1460; x_wconf 72' lang='grc' dir='ltr'><strong>ΚΕΦΑΛ.</strong></span> <span class='ocrx_word' id='word_1_85' title='bbox 1073 1403 1204 1459; x_wconf 75' lang='grc' dir='ltr'><strong>ΑΠ’.</strong></span> 
     </span>
    </p>
   </div>
   <div class='ocr_carea' id='block_1_16' title="bbox 193 1506 1777 1655">
    <p class='ocr_par' dir='ltr' id='par_1_16' title="bbox 193 1506 1777 1655">
     <span class='ocr_line' id='line_1_16' title="bbox 193 1506 1777 1655; baseline -0.002 -89"><span class='ocrx_word' id='word_1_86' title='bbox 193 1516 336 1594; x_wconf 85' lang='grc' dir='ltr'>Περὶ</span> <span class='ocrx_word' id='word_1_87' title='bbox 393 1512 471 1562; x_wconf 83' lang='grc' dir='ltr'>ὧν</span> <span class='ocrx_word' id='word_1_88' title='bbox 534 1506 1349 1655; x_wconf 47' lang='grc' dir='ltr'><strong>διαδρέἑλὲἓνέγῑίέξιυνον</strong></span> <span class='ocrx_word' id='word_1_89' title='bbox 1411 1510 1777 1584; x_wconf 86' lang='grc' dir='ltr'>Μαξιμῖνος</span> 
     </span>
    </p>
   </div>
   <div class='ocr_carea' id='block_1_17' title="bbox 256 1689 1775 1764">
    <p class='ocr_par' dir='ltr' id='par_1_17' title="bbox 256 1689 1775 1764">
     <span class='ocr_line' id='line_1_17' title="bbox 256 1689 1775 1764; baseline -0.003 -19"><span class='ocrx_word' id='word_1_90' title='bbox 256 1689 602 1764; x_wconf 75' lang='grc' dir='ltr'><strong>Αὐτοκράτωρ</strong></span> <span class='ocrx_word' id='word_1_91' title='bbox 680 1695 884 1764; x_wconf 76' lang='grc' dir='ltr'>Καῖσαρ</span> <span class='ocrx_word' id='word_1_92' title='bbox 951 1691 1101 1750; x_wconf 73' lang='grc' dir='ltr'>Γάιος</span> <span class='ocrx_word' id='word_1_93' title='bbox 1167 1689 1478 1764; x_wconf 69' lang='grc' dir='ltr'><strong>Οὐαλλέριος</strong></span> <span class='ocrx_word' id='word_1_94' title='bbox 1538 1689 1775 1762; x_wconf 80' lang='grc' dir='ltr'>Μαξιμῖ-</span> 
     </span>
    </p>
   </div>
   <div class='ocr_carea' id='block_1_18' title="bbox 1880 493 3536 578">
    <p class='ocr_par' dir='ltr' id='par_1_18' title="bbox 1880 493 3536 578">
     <span class='ocr_line' id='line_1_18' title="bbox 1880 493 3536 578; baseline 0.006 -26"><span class='ocrx_word' id='word_1_95' title='bbox 1880 493 2026 566; x_wconf 82' lang='lat' dir='ltr'><strong>fuga</strong></span> <span class='ocrx_word' id='word_1_96' title='bbox 2051 497 2111 553; x_wconf 89' lang='lat' dir='ltr'><strong>in</strong></span> <span class='ocrx_word' id='word_1_97' title='bbox 2127 497 2417 554; x_wconf 76' lang='lat' dir='ltr'><strong>ditionem</strong></span> <span class='ocrx_word' id='word_1_98' title='bbox 2449 513 2623 554; x_wconf 86' lang='lat' dir='ltr'><strong>suam</strong></span> <span class='ocrx_word' id='word_1_99' title='bbox 2653 501 2941 570; x_wconf 77' lang='lat' dir='ltr'><strong>pervenit,</strong></span> <span class='ocrx_word' id='word_1_100' title='bbox 2970 501 3124 558; x_wconf 84' lang='lat' dir='ltr'><strong>iram</strong></span> <span class='ocrx_word' id='word_1_101' title='bbox 3147 503 3536 578; x_wconf 80' lang='lat' dir='ltr'><strong>furoremque</strong></span> 
     </span>
    </p>
   </div>
   <div class='ocr_carea' id='block_1_19' title="bbox 1881 585 3536 664">
    <p class='ocr_par' dir='ltr' id='par_1_19' title="bbox 1881 585 3536 664">
     <span class='ocr_line' id='line_1_19' title="bbox 1881 585 3536 664; baseline 0.006 -24"><span class='ocrx_word' id='word_1_102' title='bbox 1881 599 2128 644; x_wconf 86' lang='lat' dir='ltr'><strong>omnem</strong></span> <span class='ocrx_word' id='word_1_103' title='bbox 2157 585 2218 642; x_wconf 92' lang='lat' dir='ltr'><strong>in</strong></span> <span class='ocrx_word' id='word_1_104' title='bbox 2239 585 2578 643; x_wconf 89' lang='lat' dir='ltr'><strong>sacerdotes</strong></span> <span class='ocrx_word' id='word_1_105' title='bbox 2599 591 2658 643; x_wconf 89' lang='lat' dir='ltr'><strong>et</strong></span> <span class='ocrx_word' id='word_1_106' title='bbox 2684 591 2850 644; x_wconf 81' lang='lat' dir='ltr'><strong>vates</strong></span> <span class='ocrx_word' id='word_1_107' title='bbox 2871 605 3014 648; x_wconf 86' lang='lat' dir='ltr'><strong>suos</strong></span> <span class='ocrx_word' id='word_1_108' title='bbox 3041 591 3256 658; x_wconf 85' lang='lat' dir='ltr'><strong>emisit,</strong></span> <span class='ocrx_word' id='word_1_109' title='bbox 3272 609 3536 664; x_wconf 88' lang='lat' dir='ltr'><strong>quorum</strong></span> 
     </span>
    </p>
   </div>
   <div class='ocr_carea' id='block_1_20' title="bbox 1884 673 3530 749">
    <p class='ocr_par' dir='ltr' id='par_1_20' title="bbox 1884 673 3530 749">
     <span class='ocr_line' id='line_1_20' title="bbox 1884 673 3530 749; baseline 0.005 -19"><span class='ocrx_word' id='word_1_110' title='bbox 1884 673 2135 742; x_wconf 81' lang='lat' dir='ltr'><strong>magicis</strong></span> <span class='ocrx_word' id='word_1_111' title='bbox 2178 675 2689 732; x_wconf 73' lang='lat' dir='ltr'><strong>incantationibus</strong></span> <span class='ocrx_word' id='word_1_112' title='bbox 2739 682 2796 733; x_wconf 88' lang='lat' dir='ltr'><strong>et</strong></span> <span class='ocrx_word' id='word_1_113' title='bbox 2831 676 3180 749; x_wconf 87' lang='lat' dir='ltr'><strong>imposturis</strong></span> <span class='ocrx_word' id='word_1_114' title='bbox 3209 680 3530 748; x_wconf 89' lang='lat' dir='ltr'><strong>adductus,</strong></span> 
     </span>
    </p>
   </div>
   <div class='ocr_carea' id='block_1_21' title="bbox 1885 763 3535 840">
    <p class='ocr_par' dir='ltr' id='par_1_21' title="bbox 1885 763 3535 840">
     <span class='ocr_line' id='line_1_21' title="bbox 1885 763 3535 840; baseline 0.004 -20"><span class='ocrx_word' id='word_1_115' title='bbox 1885 767 2120 820; x_wconf 87' lang='lat' dir='ltr'><strong>tantum</strong></span> <span class='ocrx_word' id='word_1_116' title='bbox 2144 767 2490 835; x_wconf 73' lang='lat' dir='ltr'><strong>susceperat</strong></span> <span class='ocrx_word' id='word_1_117' title='bbox 2507 763 2770 822; x_wconf 88' lang='lat' dir='ltr'><strong>bellum:</strong></span> <span class='ocrx_word' id='word_1_118' title='bbox 2801 765 3201 840; x_wconf 83' lang='lat' dir='ltr'><strong>collectosque</strong></span> <span class='ocrx_word' id='word_1_119' title='bbox 3227 785 3300 826; x_wconf 87' lang='lat' dir='ltr'><strong>ex</strong></span> <span class='ocrx_word' id='word_1_120' title='bbox 3319 770 3394 826; x_wconf 81' lang='lat' dir='ltr'><strong>iis</strong></span> <span class='ocrx_word' id='word_1_121' title='bbox 3415 771 3535 828; x_wconf 87' lang='lat' dir='ltr'><strong>cla-</strong></span> 
     </span>
    </p>
   </div>
   <div class='ocr_carea' id='block_1_22' title="bbox 1883 851 3538 927">
    <p class='ocr_par' dir='ltr' id='par_1_22' title="bbox 1883 851 3538 927">
     <span class='ocr_line' id='line_1_22' title="bbox 1883 851 3538 927; baseline 0.005 -19"><span class='ocrx_word' id='word_1_122' title='bbox 1883 851 2154 909; x_wconf 80' lang='lat' dir='ltr'><strong>rissimos</strong></span> <span class='ocrx_word' id='word_1_123' title='bbox 2189 868 2486 926; x_wconf 82' lang='lat' dir='ltr'><strong>quosque,</strong></span> <span class='ocrx_word' id='word_1_124' title='bbox 2527 854 2710 912; x_wconf 89' lang='lat' dir='ltr'><strong>veluti</strong></span> <span class='ocrx_word' id='word_1_125' title='bbox 2756 856 3220 927; x_wconf 72' lang='lat' dir='ltr'><strong>prmetigiatores</strong></span> <span class='ocrx_word' id='word_1_126' title='bbox 3249 875 3320 915; x_wconf 87' lang='lat' dir='ltr'><strong>ac</strong></span> <span class='ocrx_word' id='word_1_127' title='bbox 3356 862 3538 916; x_wconf 80' lang='lat' dir='ltr'><strong>sedu-</strong></span> 
     </span>
    </p>
   </div>
   <div class='ocr_carea' id='block_1_23' title="bbox 1885 941 3535 1019">
    <p class='ocr_par' dir='ltr' id='par_1_23' title="bbox 1885 941 3535 1019">
     <span class='ocr_line' id='line_1_23' title="bbox 1885 941 3535 1019; baseline 0.008 -23"><span class='ocrx_word' id='word_1_128' title='bbox 1885 945 2076 997; x_wconf 81' lang='lat' dir='ltr'><strong>ctores</strong></span> <span class='ocrx_word' id='word_1_129' title='bbox 2087 941 2406 1012; x_wconf 82' lang='lat' dir='ltr'><strong>jugulavit.</strong></span> <span class='ocrx_word' id='word_1_130' title='bbox 2426 942 2900 1000; x_wconf 84' lang='lat' dir='ltr'><strong>Christianorum</strong></span> <span class='ocrx_word' id='word_1_131' title='bbox 2917 952 3116 1006; x_wconf 88' lang='lat' dir='ltr'><strong>autem</strong></span> <span class='ocrx_word' id='word_1_132' title='bbox 3143 947 3377 1004; x_wconf 85' lang='lat' dir='ltr'><strong>tutelari</strong></span> <span class='ocrx_word' id='word_1_133' title='bbox 3395 950 3535 1019; x_wconf 85' lang='lat' dir='ltr'><strong>Deo,</strong></span> 
     </span>
    </p>
   </div>
   <div class='ocr_carea' id='block_1_24' title="bbox 1885 1029 3538 1110">
    <p class='ocr_par' dir='ltr' id='par_1_24' title="bbox 1885 1029 3538 1110">
     <span class='ocr_line' id='line_1_24' title="bbox 1885 1029 3538 1110; baseline 0.005 -25"><span class='ocrx_word' id='word_1_134' title='bbox 1885 1044 2009 1088; x_wconf 88' lang='lat' dir='ltr'><strong>non</strong></span> <span class='ocrx_word' id='word_1_135' title='bbox 2036 1029 2279 1102; x_wconf 87' lang='lat' dir='ltr'><strong>qualem</strong></span> <span class='ocrx_word' id='word_1_136' title='bbox 2294 1034 2493 1098; x_wconf 86' lang='lat' dir='ltr'><strong>antea,</strong></span> <span class='ocrx_word' id='word_1_137' title='bbox 2515 1032 2620 1089; x_wconf 86' lang='lat' dir='ltr'><strong>sed</strong></span> <span class='ocrx_word' id='word_1_138' title='bbox 2635 1031 2960 1104; x_wconf 76' lang='lat' dir='ltr'><strong>perfectam</strong></span> <span class='ocrx_word' id='word_1_139' title='bbox 2971 1033 3099 1106; x_wconf 84' lang='lat' dir='ltr'><strong>jam</strong></span> <span class='ocrx_word' id='word_1_140' title='bbox 3121 1035 3538 1110; x_wconf 78' lang='lat' dir='ltr'><strong>integramque</strong></span> 
     </span>
    </p>
   </div>
   <div class='ocr_carea' id='block_1_25' title="bbox 1885 1119 3538 1198">
    <p class='ocr_par' dir='ltr' id='par_1_25' title="bbox 1885 1119 3538 1198">
     <span class='ocr_line' id='line_1_25' title="bbox 1885 1119 3538 1198; baseline 0.005 -25"><span class='ocrx_word' id='word_1_141' title='bbox 1885 1134 1996 1190; x_wconf 87' lang='lat' dir='ltr'><strong>pro</strong></span> <span class='ocrx_word' id='word_1_142' title='bbox 2047 1119 2134 1174; x_wconf 85' lang='lat' dir='ltr'><strong>eis</strong></span> <span class='ocrx_word' id='word_1_143' title='bbox 2163 1121 2649 1178; x_wconf 76' lang='lat' dir='ltr'><strong>constitutionem</strong></span> <span class='ocrx_word' id='word_1_144' title='bbox 2686 1122 3005 1194; x_wconf 86' lang='lat' dir='ltr'><strong>proposuit</strong></span> <span class='ocrx_word' id='word_1_145' title='bbox 3033 1137 3048 1177; x_wconf 88' lang='lat'><strong>:</strong></span> <span class='ocrx_word' id='word_1_146' title='bbox 3079 1139 3190 1180; x_wconf 89' lang='lat' dir='ltr'><strong>nec</strong></span> <span class='ocrx_word' id='word_1_147' title='bbox 3232 1125 3318 1182; x_wconf 89' lang='lat' dir='ltr'><strong>ita</strong></span> <span class='ocrx_word' id='word_1_148' title='bbox 3353 1125 3538 1198; x_wconf 88' lang='lat' dir='ltr'><strong>longo</strong></span> 
     </span>
    </p>
   </div>
   <div class='ocr_carea' id='block_1_26' title="bbox 1885 1210 3538 1282">
    <p class='ocr_par' dir='ltr' id='par_1_26' title="bbox 1885 1210 3538 1282">
     <span class='ocr_line' id='line_1_26' title="bbox 1885 1210 3538 1282; baseline 0.006 -19"><span class='ocrx_word' id='word_1_149' title='bbox 1885 1213 2026 1279; x_wconf 84' lang='lat' dir='ltr'><strong>post</strong></span> <span class='ocrx_word' id='word_1_150' title='bbox 2066 1215 2352 1281; x_wconf 89' lang='lat' dir='ltr'><strong>tempore,</strong></span> <span class='ocrx_word' id='word_1_151' title='bbox 2407 1215 2621 1282; x_wconf 64' lang='lat' dir='ltr'><strong>praeter</strong></span> <span class='ocrx_word' id='word_1_152' title='bbox 2675 1210 2864 1269; x_wconf 83' lang='lat' dir='ltr'><strong>fatum</strong></span> <span class='ocrx_word' id='word_1_153' title='bbox 2915 1210 3077 1268; x_wconf 69' lang='lat' dir='ltr'><strong>foeda</strong></span> <span class='ocrx_word' id='word_1_154' title='bbox 3126 1219 3318 1275; x_wconf 87' lang='lat' dir='ltr'><strong>morte</strong></span> <span class='ocrx_word' id='word_1_155' title='bbox 3355 1215 3538 1273; x_wconf 89' lang='lat' dir='ltr'><strong>vitam</strong></span> 
     </span>
    </p>
   </div>
   <div class='ocr_carea' id='block_1_27' title="bbox 1884 1295 3538 1363">
    <p class='ocr_par' dir='ltr' id='par_1_27' title="bbox 1884 1295 3538 1363">
     <span class='ocr_line' id='line_1_27' title="bbox 1884 1295 3538 1363; baseline 0.005 -11"><span class='ocrx_word' id='word_1_156' title='bbox 1884 1295 2057 1354; x_wconf 89' lang='lat' dir='ltr'><strong>ﬁniit.</strong></span> <span class='ocrx_word' id='word_1_157' title='bbox 2076 1298 2571 1363; x_wconf 69' lang='lat' dir='ltr'><strong>Constitutionem</strong></span> <span class='ocrx_word' id='word_1_158' title='bbox 2585 1315 2720 1356; x_wconf 92' lang='lat' dir='ltr'><strong>eam</strong></span> <span class='ocrx_word' id='word_1_159' title='bbox 2736 1299 2830 1356; x_wconf 86' lang='lat' dir='ltr'><strong>his</strong></span> <span class='ocrx_word' id='word_1_160' title='bbox 2851 1301 3294 1360; x_wconf 79' lang='lat' dir='ltr'><strong>adnectandam</strong></span> <span class='ocrx_word' id='word_1_161' title='bbox 3307 1305 3538 1362; x_wconf 86' lang='lat' dir='ltr'><strong>censui.</strong></span> 
     </span>
    </p>
   </div>
   <div class='ocr_carea' id='block_1_28' title="bbox 2447 1407 2982 1464">
    <p class='ocr_par' dir='ltr' id='par_1_28' title="bbox 2447 1407 2982 1464">
     <span class='ocr_line' id='line_1_28' title="bbox 2447 1407 2982 1464; baseline 0 0"><span class='ocrx_word' id='word_1_162' title='bbox 2447 1407 2672 1464; x_wconf 83' lang='lat' dir='ltr'><strong>CAPUT</strong></span> <span class='ocrx_word' id='word_1_163' title='bbox 2711 1408 2982 1464; x_wconf 81' lang='lat' dir='ltr'><strong>XXXVIII.</strong></span> 
     </span>
    </p>
   </div>
   <div class='ocr_carea' id='block_1_29' title="bbox 1885 1509 3541 1642">
    <p class='ocr_par' dir='ltr' id='par_1_29' title="bbox 1885 1509 3541 1642">
     <span class='ocr_line' id='line_1_29' title="bbox 1885 1509 3541 1642; baseline 0.005 -75"><span class='ocrx_word' id='word_1_164' title='bbox 1885 1512 1974 1568; x_wconf 87' lang='lat' dir='ltr'><strong>De</strong></span> <span class='ocrx_word' id='word_1_165' title='bbox 1995 1512 2200 1570; x_wconf 77' lang='lat' dir='ltr'><strong>edictis</strong></span> <span class='ocrx_word' id='word_1_166' title='bbox 2249 1528 2380 1586; x_wconf 67' lang='lat' dir='ltr'><strong>quae</strong></span> <span class='ocrx_word' id='word_1_167' title='bbox 2423 1509 2793 1572; x_wconf 71' lang='lat' dir='ltr'><strong>Maximinus</strong></span> <span class='ocrx_word' id='word_1_168' title='bbox 2824 1515 3107 1642; x_wconf 44' lang='lat' dir='ltr'><strong>fericulo</strong></span> <span class='ocrx_word' id='word_1_169' title='bbox 3135 1517 3352 1580; x_wconf 75' lang='lat' dir='ltr'><strong>evitato</strong></span> <span class='ocrx_word' id='word_1_170' title='bbox 3381 1523 3541 1576; x_wconf 82' lang='lat' dir='ltr'><strong>recte</strong></span> 
     </span>
     <span class='ocr_line' id='line_1_30' title="bbox 2549 1601 2880 1642; baseline 0 0"><span class='ocrx_word' id='word_1_171' title='bbox 2549 1601 2834 1642; x_wconf 65' lang='lat' dir='ltr'><strong>promam</strong></span> <span class='ocrx_word' id='word_1_172' title='bbox 2865 1628 2880 1642; x_wconf 96' lang='lat'><strong>.</strong></span> 
     </span>
    </p>
   </div>
   <div class='ocr_carea' id='block_1_30' title="bbox 2546 1601 2880 1657">
    <p class='ocr_par' dir='ltr' id='par_1_30' title="bbox 2546 1601 2880 1657">
     <span class='ocr_line' id='line_1_31' title="bbox 2546 1601 2880 1657; baseline 0 -15"><span class='ocrx_word' id='word_1_173' title='bbox 2546 1601 2880 1657; x_wconf 64' lang='lat' dir='ltr'><strong>proposuit.</strong></span> 
     </span>
    </p>
   </div>
   <div class='ocr_carea' id='block_1_31' title="bbox 1957 1691 3538 1768">
    <p class='ocr_par' dir='ltr' id='par_1_31' title="bbox 1957 1691 3538 1768">
     <span class='ocr_line' id='line_1_32' title="bbox 1957 1691 3538 1768; baseline 0.005 -24"><span class='ocrx_word' id='word_1_174' title='bbox 1957 1711 1986 1738; x_wconf 76' lang='grc' dir='ltr'><strong>α</strong></span> <span class='ocrx_word' id='word_1_175' title='bbox 2014 1692 2344 1762; x_wconf 82' lang='lat' dir='ltr'><strong>Imperator</strong></span> <span class='ocrx_word' id='word_1_176' title='bbox 2365 1693 2559 1751; x_wconf 67' lang='lat' dir='ltr'><strong>Caesar</strong></span> <span class='ocrx_word' id='word_1_177' title='bbox 2575 1692 2752 1768; x_wconf 89' lang='lat' dir='ltr'><strong>Cajus</strong></span> <span class='ocrx_word' id='word_1_178' title='bbox 2767 1691 3032 1751; x_wconf 88' lang='lat' dir='ltr'><strong>Valerius</strong></span> <span class='ocrx_word' id='word_1_179' title='bbox 3051 1693 3128 1768; x_wconf 86' lang='lat' dir='ltr'><strong>(l)</strong></span> <span class='ocrx_word' id='word_1_180' title='bbox 3157 1694 3538 1762; x_wconf 79' lang='lat' dir='ltr'><strong>Maximinus,</strong></span> 
     </span>
    </p>
   </div>
   <div class='ocr_carea' id='block_1_32' title="bbox 185 1756 1769 1851">
    <p class='ocr_par' dir='ltr' id='par_1_32' title="bbox 185 1756 1769 1850">
     <span class='ocr_line' id='line_1_33' title="bbox 185 1756 1769 1850; baseline -0.001 -19"><span class='ocrx_word' id='word_1_181' title='bbox 185 1797 285 1841; x_wconf 87' lang='grc' dir='ltr'>νος,</span> <span class='ocrx_word' id='word_1_182' title='bbox 361 1756 689 1850; x_wconf 72' lang='grc' dir='ltr'>Γερμανίκὸς,</span> <span class='ocrx_word' id='word_1_183' title='bbox 764 1756 1110 1850; x_wconf 78' lang='grc' dir='ltr'>Σαρματικός,</span> <span class='ocrx_word' id='word_1_184' title='bbox 1194 1756 1446 1848; x_wconf 72' lang='grc' dir='ltr'>εύτυχὴς,</span> <span class='ocrx_word' id='word_1_185' title='bbox 1534 1756 1769 1844; x_wconf 67' lang='grc' dir='ltr'>εύσεέὴς,</span> 
     </span>
    </p>
   </div>
   <div class='ocr_carea' id='block_1_33' title="bbox 1881 1756 3537 1851">
    <p class='ocr_par' dir='ltr' id='par_1_33' title="bbox 1885 1756 3537 1851">
     <span class='ocr_line' id='line_1_34' title="bbox 1885 1756 3537 1851; baseline 0.004 -17"><span class='ocrx_word' id='word_1_186' title='bbox 1885 1756 2291 1846; x_wconf 79' lang='lat' dir='ltr'><strong>Germanicus,</strong></span> <span class='ocrx_word' id='word_1_187' title='bbox 2359 1756 2744 1847; x_wconf 76' lang='lat' dir='ltr'><strong>Sarmaticus,</strong></span> <span class='ocrx_word' id='word_1_188' title='bbox 2805 1781 2982 1847; x_wconf 86' lang='lat' dir='ltr'><strong>Felix,</strong></span> <span class='ocrx_word' id='word_1_189' title='bbox 3045 1756 3200 1847; x_wconf 73' lang='lat' dir='ltr'><strong>I’ius,</strong></span> <span class='ocrx_word' id='word_1_190' title='bbox 3257 1756 3537 1851; x_wconf 72' lang='lat' dir='ltr'><strong>invictus,</strong></span> 
     </span>
    </p>
   </div>
   <div class='ocr_carea' id='block_1_34' title="bbox 185 1865 800 1936">
    <p class='ocr_par' dir='ltr' id='par_1_34' title="bbox 185 1865 800 1936">
     <span class='ocr_line' id='line_1_35' title="bbox 185 1865 800 1936; baseline 0.003 -17"><span class='ocrx_word' id='word_1_191' title='bbox 185 1866 441 1936; x_wconf 76' lang='grc' dir='ltr'>ἀνίκητος,</span> <span class='ocrx_word' id='word_1_192' title='bbox 525 1865 800 1928; x_wconf 79' lang='grc' dir='ltr'>σεϐαστός.</span> 
     </span>
    </p>
   </div>
   <div class='ocr_carea' id='block_1_35' title="bbox 185 1955 1773 2031">
    <p class='ocr_par' dir='ltr' id='par_1_35' title="bbox 185 1955 1773 2031">
     <span class='ocr_line' id='line_1_36' title="bbox 185 1955 1773 2031; baseline 0.003 -21"><span class='ocrx_word' id='word_1_193' title='bbox 185 1955 432 2017; x_wconf 78' lang='grc' dir='ltr'><strong>διηνεκῶς</strong></span> <span class='ocrx_word' id='word_1_194' title='bbox 487 1964 586 2008; x_wconf 86' lang='grc' dir='ltr'>τῶν</span> <span class='ocrx_word' id='word_1_195' title='bbox 633 1959 979 2031; x_wconf 76' lang='grc' dir='ltr'>ἒπαρχιωτῶν</span> <span class='ocrx_word' id='word_1_196' title='bbox 1033 1964 1132 2008; x_wconf 83' lang='grc' dir='ltr'>τῶν</span> <span class='ocrx_word' id='word_1_197' title='bbox 1189 1959 1448 2029; x_wconf 74' lang='grc' dir='ltr'><strong>ἡμετέρων</strong></span> <span class='ocrx_word' id='word_1_198' title='bbox 1499 1963 1590 2010; x_wconf 77' lang='grc' dir='ltr'>τοῦ</span> <span class='ocrx_word' id='word_1_199' title='bbox 1634 1976 1773 2029; x_wconf 83' lang='grc' dir='ltr'>χρη-</span> 
     </span>
    </p>
   </div>
   <div class='ocr_carea' id='block_1_36' title="bbox 891 1869 1774 1942">
    <p class='ocr_par' dir='ltr' id='par_1_36' title="bbox 891 1869 1774 1942">
     <span class='ocr_line' id='line_1_37' title="bbox 891 1869 1774 1942; baseline -0.002 -22"><span class='ocrx_word' id='word_1_200' title='bbox 891 1870 1036 1926; x_wconf 74' lang='grc' dir='ltr'>Κατὰ</span> <span class='ocrx_word' id='word_1_201' title='bbox 1109 1869 1279 1919; x_wconf 80' lang='grc' dir='ltr'>πάντα</span> <span class='ocrx_word' id='word_1_202' title='bbox 1371 1872 1556 1942; x_wconf 83' lang='grc' dir='ltr'>τρόπον</span> <span class='ocrx_word' id='word_1_203' title='bbox 1635 1870 1774 1940; x_wconf 84' lang='grc' dir='ltr'>ἡμᾶς</span> 
     </span>
    </p>
   </div>
   <div class='ocr_carea' id='block_1_37' title="bbox 187 2043 1773 2119">
    <p class='ocr_par' dir='ltr' id='par_1_37' title="bbox 187 2043 1773 2119">
     <span class='ocr_line' id='line_1_38' title="bbox 187 2043 1773 2119; baseline -0.001 -20"><span class='ocrx_word' id='word_1_204' title='bbox 187 2051 340 2118; x_wconf 87' lang='grc' dir='ltr'>σίμου</span> <span class='ocrx_word' id='word_1_205' title='bbox 402 2047 735 2119; x_wconf 79' lang='grc' dir='ltr'>προνοεῖσθαι</span> <span class='ocrx_word' id='word_1_206' title='bbox 767 2065 779 2078; x_wconf 95' lang='grc'><strong>·</strong></span> <span class='ocrx_word' id='word_1_207' title='bbox 831 2050 921 2098; x_wconf 84' lang='grc' dir='ltr'>καὶ</span> <span class='ocrx_word' id='word_1_208' title='bbox 998 2053 1166 2097; x_wconf 83' lang='grc' dir='ltr'>ταῦτα</span> <span class='ocrx_word' id='word_1_209' title='bbox 1244 2044 1417 2104; x_wconf 73' lang='grc' dir='ltr'>αὐτοῖς</span> <span class='ocrx_word' id='word_1_210' title='bbox 1489 2043 1773 2116; x_wconf 75' lang='grc' dir='ltr'>βούλεσθαι</span> 
     </span>
    </p>
   </div>
   <div class='ocr_carea' id='block_1_38' title="bbox 184 2133 1773 2218">
    <p class='ocr_par' dir='ltr' id='par_1_38' title="bbox 184 2133 1773 2218">
     <span class='ocr_line' id='line_1_39' title="bbox 184 2133 1773 2218; baseline -0.001 -30"><span class='ocrx_word' id='word_1_211' title='bbox 184 2139 452 2208; x_wconf 71' lang='grc' dir='ltr'>παρέχειν,</span> <span class='ocrx_word' id='word_1_212' title='bbox 501 2135 580 2197; x_wconf 84' lang='grc' dir='ltr'>οἷς</span> <span class='ocrx_word' id='word_1_213' title='bbox 639 2138 706 2186; x_wconf 79' lang='grc' dir='ltr'>τὰ</span> <span class='ocrx_word' id='word_1_214' title='bbox 754 2133 998 2192; x_wconf 86' lang='grc' dir='ltr'>λυσιτελῆ</span> <span class='ocrx_word' id='word_1_215' title='bbox 1054 2136 1254 2186; x_wconf 86' lang='grc' dir='ltr'>πάντων</span> <span class='ocrx_word' id='word_1_216' title='bbox 1311 2133 1544 2205; x_wconf 83' lang='grc' dir='ltr'>μάλιστα</span> <span class='ocrx_word' id='word_1_217' title='bbox 1587 2153 1773 2218; x_wconf 88' lang='grc' dir='ltr'>κατορ-</span> 
     </span>
    </p>
   </div>
   <div class='ocr_carea' id='block_1_39' title="bbox 187 2222 1773 2296">
    <p class='ocr_par' dir='ltr' id='par_1_39' title="bbox 187 2222 1773 2296">
     <span class='ocr_line' id='line_1_40' title="bbox 187 2222 1773 2296; baseline -0.001 -19"><span class='ocrx_word' id='word_1_218' title='bbox 187 2227 384 2288; x_wconf 78' lang='grc' dir='ltr'>θοῦται,</span> <span class='ocrx_word' id='word_1_219' title='bbox 425 2229 515 2277; x_wconf 84' lang='grc' dir='ltr'>καὶ</span> <span class='ocrx_word' id='word_1_220' title='bbox 567 2225 668 2276; x_wconf 86' lang='grc' dir='ltr'>ὅσα</span> <span class='ocrx_word' id='word_1_221' title='bbox 721 2232 817 2284; x_wconf 77' lang='grc' dir='ltr'>τῆς</span> <span class='ocrx_word' id='word_1_222' title='bbox 865 2222 1188 2283; x_wconf 72' lang='grc' dir='ltr'><strong>λυσιτελείας</strong></span> <span class='ocrx_word' id='word_1_223' title='bbox 1235 2227 1324 2274; x_wconf 80' lang='grc' dir='ltr'>καὶ</span> <span class='ocrx_word' id='word_1_224' title='bbox 1370 2227 1773 2296; x_wconf 86' lang='grc' dir='ltr'>χρησιμότητός</span> 
     </span>
    </p>
   </div>
   <div class='ocr_carea' id='block_1_40' title="bbox 184 2309 1776 2384">
    <p class='ocr_par' dir='ltr' id='par_1_40' title="bbox 184 2309 1776 2384">
     <span class='ocr_line' id='line_1_41' title="bbox 184 2309 1776 2384; baseline -0.001 -18"><span class='ocrx_word' id='word_1_225' title='bbox 184 2316 296 2366; x_wconf 73' lang='grc' dir='ltr'>ἑστι</span> <span class='ocrx_word' id='word_1_226' title='bbox 348 2321 445 2376; x_wconf 87' lang='grc' dir='ltr'>τῆς</span> <span class='ocrx_word' id='word_1_227' title='bbox 494 2320 670 2374; x_wconf 81' lang='grc' dir='ltr'>κοινῆς</span> <span class='ocrx_word' id='word_1_228' title='bbox 727 2313 896 2366; x_wconf 78' lang='grc' dir='ltr'>αὐτῶν</span> <span class='ocrx_word' id='word_1_229' title='bbox 929 2329 943 2342; x_wconf 83' lang='grc'><strong>’</strong></span> <span class='ocrx_word' id='word_1_230' title='bbox 971 2317 1060 2368; x_wconf 71' lang='grc' dir='ltr'>καὶ</span> <span class='ocrx_word' id='word_1_231' title='bbox 1107 2314 1263 2366; x_wconf 78' lang='grc' dir='ltr'>ὁποῖα</span> <span class='ocrx_word' id='word_1_232' title='bbox 1313 2315 1444 2384; x_wconf 87' lang='grc' dir='ltr'>πρὸς</span> <span class='ocrx_word' id='word_1_233' title='bbox 1485 2316 1578 2370; x_wconf 75' lang='grc' dir='ltr'>τὴν</span> <span class='ocrx_word' id='word_1_234' title='bbox 1609 2309 1776 2383; x_wconf 83' lang='grc' dir='ltr'>δημο-</span> 
     </span>
    </p>
   </div>
   <div class='ocr_carea' id='block_1_41' title="bbox 188 2397 1774 2473">
    <p class='ocr_par' dir='ltr' id='par_1_41' title="bbox 188 2397 1774 2473">
     <span class='ocr_line' id='line_1_42' title="bbox 188 2397 1774 2473; baseline 0 -17"><span class='ocrx_word' id='word_1_235' title='bbox 188 2408 305 2456; x_wconf 80' lang='grc' dir='ltr'>σίαν</span> <span class='ocrx_word' id='word_1_236' title='bbox 363 2401 685 2464; x_wconf 73' lang='grc' dir='ltr'>λυσιτέλειαν</span> <span class='ocrx_word' id='word_1_237' title='bbox 743 2401 983 2473; x_wconf 78' lang='grc' dir='ltr'><strong>ἁρμόζει,</strong></span> <span class='ocrx_word' id='word_1_238' title='bbox 1044 2406 1135 2456; x_wconf 74' lang='grc' dir='ltr'>καὶ</span> <span class='ocrx_word' id='word_1_239' title='bbox 1192 2407 1310 2463; x_wconf 74' lang='grc' dir='ltr'>ταῖς</span> <span class='ocrx_word' id='word_1_240' title='bbox 1357 2401 1589 2466; x_wconf 64' lang='grc' dir='ltr'>ὸιάστων</span> <span class='ocrx_word' id='word_1_241' title='bbox 1660 2397 1774 2456; x_wconf 77' lang='grc' dir='ltr'>διοι-</span> 
     </span>
    </p>
   </div>
   <div class='ocr_carea' id='block_1_42' title="bbox 183 2486 1777 2566">
    <p class='ocr_par' dir='ltr' id='par_1_42' title="bbox 183 2486 1777 2566">
     <span class='ocr_line' id='line_1_43' title="bbox 183 2486 1777 2566; baseline -0.002 -23"><span class='ocrx_word' id='word_1_242' title='bbox 183 2495 347 2552; x_wconf 88' lang='grc' dir='ltr'>νοίαις</span> <span class='ocrx_word' id='word_1_243' title='bbox 426 2491 687 2566; x_wconf 69' lang='grc' dir='ltr'>προσφιλῆ</span> <span class='ocrx_word' id='word_1_244' title='bbox 775 2492 1049 2562; x_wconf 80' lang='grc' dir='ltr'>τυγχάνει,</span> <span class='ocrx_word' id='word_1_245' title='bbox 1128 2486 1280 2542; x_wconf 65' lang='grc' dir='ltr'>ούδὶν</span> <span class='ocrx_word' id='word_1_246' title='bbox 1362 2488 1587 2560; x_wconf 77' lang='grc' dir='ltr'>ἀγνοεῖν,</span> <span class='ocrx_word' id='word_1_247' title='bbox 1668 2489 1777 2540; x_wconf 77' lang='grc' dir='ltr'>ἀλλ’</span> 
     </span>
    </p>
   </div>
   <div class='ocr_carea' id='block_1_43' title="bbox 184 2578 1777 2658">
    <p class='ocr_par' dir='ltr' id='par_1_43' title="bbox 184 2578 1777 2658">
     <span class='ocr_line' id='line_1_44' title="bbox 184 2578 1777 2658; baseline -0.003 -24"><span class='ocrx_word' id='word_1_248' title='bbox 184 2581 398 2634; x_wconf 79' lang='grc' dir='ltr'>ἕκαστον</span> <span class='ocrx_word' id='word_1_249' title='bbox 461 2578 761 2658; x_wconf 75' lang='grc' dir='ltr'>ἀνατρέχειν</span> <span class='ocrx_word' id='word_1_250' title='bbox 827 2578 902 2630; x_wconf 75' lang='grc' dir='ltr'><strong>ἐπ’</strong></span> <span class='ocrx_word' id='word_1_251' title='bbox 979 2578 1106 2630; x_wconf 76' lang='grc' dir='ltr'>αύτό</span> <span class='ocrx_word' id='word_1_252' title='bbox 1157 2582 1215 2630; x_wconf 87' lang='grc' dir='ltr'>τὸ</span> <span class='ocrx_word' id='word_1_253' title='bbox 1287 2583 1572 2650; x_wconf 82' lang='grc' dir='ltr'>γινόμενον,</span> <span class='ocrx_word' id='word_1_254' title='bbox 1618 2583 1777 2648; x_wconf 82' lang='grc' dir='ltr'>γινώ-</span> 
     </span>
    </p>
   </div>
   <div class='ocr_carea' id='block_1_44' title="bbox 187 2665 1774 2742">
    <p class='ocr_par' dir='ltr' id='par_1_44' title="bbox 187 2665 1774 2742">
     <span class='ocr_line' id='line_1_45' title="bbox 187 2665 1774 2742; baseline -0.002 -20"><span class='ocrx_word' id='word_1_255' title='bbox 187 2689 326 2722; x_wconf 88' lang='grc' dir='ltr'>σκειν</span> <span class='ocrx_word' id='word_1_256' title='bbox 381 2687 436 2722; x_wconf 87' lang='grc' dir='ltr'><strong>τε</strong></span> <span class='ocrx_word' id='word_1_257' title='bbox 491 2669 708 2730; x_wconf 69' lang='grc' dir='ltr'>ἕκαστον</span> <span class='ocrx_word' id='word_1_258' title='bbox 785 2676 884 2720; x_wconf 88' lang='grc' dir='ltr'>τῶν</span> <span class='ocrx_word' id='word_1_259' title='bbox 960 2665 1263 2742; x_wconf 76' lang='grc' dir='ltr'>ἀνθρώπων,</span> <span class='ocrx_word' id='word_1_260' title='bbox 1343 2672 1433 2718; x_wconf 78' lang='grc' dir='ltr'>καὶ</span> <span class='ocrx_word' id='word_1_261' title='bbox 1506 2669 1647 2738; x_wconf 76' lang='grc' dir='ltr'>ἔχειν</span> <span class='ocrx_word' id='word_1_262' title='bbox 1725 2667 1774 2719; x_wconf 74' lang='grc' dir='ltr'>ἓν</span> 
     </span>
    </p>
   </div>
   <div class='ocr_carea' id='block_1_45' title="bbox 189 2754 1773 2831">
    <p class='ocr_par' dir='ltr' id='par_1_45' title="bbox 189 2754 1773 2831">
     <span class='ocr_line' id='line_1_46' title="bbox 189 2754 1773 2831; baseline -0.001 -21"><span class='ocrx_word' id='word_1_263' title='bbox 189 2757 370 2830; x_wconf 73' lang='grc' dir='ltr'>ἐαυτῷ,</span> <span class='ocrx_word' id='word_1_264' title='bbox 433 2755 590 2818; x_wconf 80' lang='grc' dir='ltr'>δῆλον</span> <span class='ocrx_word' id='word_1_265' title='bbox 649 2754 778 2808; x_wconf 86' lang='grc' dir='ltr'>εἶναι</span> <span class='ocrx_word' id='word_1_266' title='bbox 825 2758 1162 2828; x_wconf 81' lang='grc' dir='ltr'>πιστεύομεν.</span> <span class='ocrx_word' id='word_1_267' title='bbox 1225 2755 1412 2807; x_wconf 81' lang='grc' dir='ltr'>Ὁπότε</span> <span class='ocrx_word' id='word_1_268' title='bbox 1455 2760 1624 2808; x_wconf 87' lang='grc' dir='ltr'>τοίνυν</span> <span class='ocrx_word' id='word_1_269' title='bbox 1672 2761 1773 2831; x_wconf 85' lang='grc' dir='ltr'>πρὸ</span> 
     </span>
    </p>
   </div>
   <div class='ocr_carea' id='block_1_46' title="bbox 187 2831 1773 2918">
    <p class='ocr_par' dir='ltr' id='par_1_46' title="bbox 187 2831 1773 2918">
     <span class='ocr_line' id='line_1_47' title="bbox 187 2831 1773 2918; baseline -0.001 -19"><span class='ocrx_word' id='word_1_270' title='bbox 187 2831 366 2900; x_wconf 82' lang='grc' dir='ltr'>τούτου</span> <span class='ocrx_word' id='word_1_271' title='bbox 409 2843 570 2905; x_wconf 82' lang='grc' dir='ltr'>δῆλον</span> <span class='ocrx_word' id='word_1_272' title='bbox 616 2850 792 2918; x_wconf 80' lang='grc' dir='ltr'>γέγονε</span> <span class='ocrx_word' id='word_1_273' title='bbox 854 2852 915 2917; x_wconf 78' lang='grc' dir='ltr'>τῇ</span> <span class='ocrx_word' id='word_1_274' title='bbox 947 2850 1138 2917; x_wconf 84' lang='grc' dir='ltr'>γνώσει</span> <span class='ocrx_word' id='word_1_275' title='bbox 1175 2852 1238 2917; x_wconf 71' lang='grc' dir='ltr'>τῇ</span> <span class='ocrx_word' id='word_1_276' title='bbox 1289 2847 1510 2916; x_wconf 76' lang='grc' dir='ltr'>ἡμετέρᾳ</span> <span class='ocrx_word' id='word_1_277' title='bbox 1553 2849 1605 2896; x_wconf 76' lang='grc' dir='ltr'>ἐκ</span> <span class='ocrx_word' id='word_1_278' title='bbox 1649 2849 1773 2897; x_wconf 81' lang='grc' dir='ltr'>ταύ-</span> 
     </span>
    </p>
   </div>
   <div class='ocr_carea' id='block_1_47' title="bbox 188 2929 1771 3009">
    <p class='ocr_par' dir='ltr' id='par_1_47' title="bbox 188 2929 1771 3009">
     <span class='ocr_line' id='line_1_48' title="bbox 188 2929 1771 3009; baseline 0 -23"><span class='ocrx_word' id='word_1_279' title='bbox 188 2955 275 2996; x_wconf 73' lang='grc' dir='ltr'><strong>της</strong></span> <span class='ocrx_word' id='word_1_280' title='bbox 347 2944 444 2996; x_wconf 82' lang='grc' dir='ltr'>τῆς</span> <span class='ocrx_word' id='word_1_281' title='bbox 494 2936 821 3009; x_wconf 71' lang='grc' dir='ltr'><strong>προφάσεωςι</strong></span> <span class='ocrx_word' id='word_1_282' title='bbox 882 2933 934 2996; x_wconf 76' lang='grc' dir='ltr'><strong>ἐξ</strong></span> <span class='ocrx_word' id='word_1_283' title='bbox 980 2934 1043 2996; x_wconf 76' lang='grc' dir='ltr'>ἧς</span> <span class='ocrx_word' id='word_1_284' title='bbox 1085 2933 1472 3004; x_wconf 78' lang='grc' dir='ltr'>κεκελευσμένον</span> <span class='ocrx_word' id='word_1_285' title='bbox 1539 2929 1622 3000; x_wconf 79' lang='grc' dir='ltr'><strong>ἧν,</strong></span> <span class='ocrx_word' id='word_1_286' title='bbox 1673 2935 1771 2986; x_wconf 78' lang='grc' dir='ltr'>ὑπὸ</span> 
     </span>
    </p>
   </div>
   <div class='ocr_carea' id='block_1_48' title="bbox 184 3021 1770 3094">
    <p class='ocr_par' dir='ltr' id='par_1_48' title="bbox 184 3021 1770 3094">
     <span class='ocr_line' id='line_1_49' title="bbox 184 3021 1770 3094; baseline -0.001 -18"><span class='ocrx_word' id='word_1_287' title='bbox 184 3033 280 3076; x_wconf 85' lang='grc' dir='ltr'>τῶν</span> <span class='ocrx_word' id='word_1_288' title='bbox 355 3025 628 3079; x_wconf 79' lang='grc' dir='ltr'>θειοτάτων</span> <span class='ocrx_word' id='word_1_289' title='bbox 701 3021 1070 3080; x_wconf 78' lang='grc' dir='ltr'>Διοκλητιανοῦ</span> <span class='ocrx_word' id='word_1_290' title='bbox 1147 3027 1238 3074; x_wconf 82' lang='grc' dir='ltr'><strong>καὶ</strong></span> <span class='ocrx_word' id='word_1_291' title='bbox 1289 3021 1616 3094; x_wconf 83' lang='grc' dir='ltr'>Μαξιμιανοῦ</span> <span class='ocrx_word' id='word_1_292' title='bbox 1671 3031 1770 3074; x_wconf 83' lang='grc' dir='ltr'>τῶν</span> 
     </span>
    </p>
   </div>
   <div class='ocr_carea' id='block_1_49' title="bbox 1883 1869 3540 1949">
    <p class='ocr_par' dir='ltr' id='par_1_49' title="bbox 1883 1869 3540 1949">
     <span class='ocr_line' id='line_1_50' title="bbox 1883 1869 3540 1949; baseline 0.005 -27"><span class='ocrx_word' id='word_1_293' title='bbox 1883 1872 2209 1938; x_wconf 86' lang='lat' dir='ltr'><strong>Augustus.</strong></span> <span class='ocrx_word' id='word_1_294' title='bbox 2239 1869 2532 1925; x_wconf 87' lang='lat' dir='ltr'><strong>Omnibus</strong></span> <span class='ocrx_word' id='word_1_295' title='bbox 2551 1885 2662 1925; x_wconf 90' lang='lat' dir='ltr'><strong>nos</strong></span> <span class='ocrx_word' id='word_1_296' title='bbox 2681 1869 2876 1928; x_wconf 88' lang='lat' dir='ltr'><strong>modis</strong></span> <span class='ocrx_word' id='word_1_297' title='bbox 2893 1871 3190 1927; x_wconf 81' lang='lat' dir='ltr'><strong>continuae</strong></span> <span class='ocrx_word' id='word_1_298' title='bbox 3210 1874 3540 1949; x_wconf 90' lang='lat' dir='ltr'><strong>provincia-</strong></span> 
     </span>
    </p>
   </div>
   <div class='ocr_carea' id='block_1_50' title="bbox 1881 1955 3539 2034">
    <p class='ocr_par' dir='ltr' id='par_1_50' title="bbox 1881 1955 3539 2034">
     <span class='ocr_line' id='line_1_51' title="bbox 1881 1955 3539 2034; baseline 0.005 -24"><span class='ocrx_word' id='word_1_299' title='bbox 1881 1955 2028 2015; x_wconf 86' lang='lat' dir='ltr'><strong>lium</strong></span> <span class='ocrx_word' id='word_1_300' title='bbox 2057 1961 2403 2013; x_wconf 90' lang='lat' dir='ltr'><strong>nostrorum</strong></span> <span class='ocrx_word' id='word_1_301' title='bbox 2429 1959 2844 2015; x_wconf 85' lang='lat' dir='ltr'><strong>commoditati</strong></span> <span class='ocrx_word' id='word_1_302' title='bbox 2874 1959 3208 2030; x_wconf 89' lang='lat' dir='ltr'><strong>providere,</strong></span> <span class='ocrx_word' id='word_1_303' title='bbox 3231 1977 3425 2034; x_wconf 89' lang='lat' dir='ltr'><strong>eaque</strong></span> <span class='ocrx_word' id='word_1_304' title='bbox 3453 1961 3539 2018; x_wconf 89' lang='lat' dir='ltr'><strong>eis</strong></span> 
     </span>
    </p>
   </div>
   <div class='ocr_carea' id='block_1_51' title="bbox 1881 2045 3541 2119">
    <p class='ocr_par' dir='ltr' id='par_1_51' title="bbox 1881 2045 3541 2119">
     <span class='ocr_line' id='line_1_52' title="bbox 1881 2045 3541 2119; baseline 0.005 -20"><span class='ocrx_word' id='word_1_305' title='bbox 1881 2050 2162 2118; x_wconf 68' lang='lat' dir='ltr'><strong>praestare</strong></span> <span class='ocrx_word' id='word_1_306' title='bbox 2190 2045 2360 2113; x_wconf 84' lang='lat' dir='ltr'><strong>velle,</strong></span> <span class='ocrx_word' id='word_1_307' title='bbox 2403 2062 2538 2119; x_wconf 65' lang='lat' dir='ltr'><strong>quas</strong></span> <span class='ocrx_word' id='word_1_308' title='bbox 2585 2047 2859 2104; x_wconf 89' lang='lat' dir='ltr'><strong>omnium</strong></span> <span class='ocrx_word' id='word_1_309' title='bbox 2915 2048 3181 2110; x_wconf 82' lang='lat' dir='ltr'><strong>maxime</strong></span> <span class='ocrx_word' id='word_1_310' title='bbox 3233 2049 3541 2108; x_wconf 72' lang='lat' dir='ltr'><strong>fructuosa</strong></span> 
     </span>
    </p>
   </div>
   <div class='ocr_carea' id='block_1_52' title="bbox 1885 2135 3541 2214">
    <p class='ocr_par' dir='ltr' id='par_1_52' title="bbox 1885 2135 3541 2214">
     <span class='ocr_line' id='line_1_53' title="bbox 1885 2135 3541 2214; baseline 0.005 -26"><span class='ocrx_word' id='word_1_311' title='bbox 1885 2135 2023 2202; x_wconf 86' lang='lat' dir='ltr'><strong>sint,</strong></span> <span class='ocrx_word' id='word_1_312' title='bbox 2055 2139 2111 2190; x_wconf 91' lang='lat' dir='ltr'><strong>et</strong></span> <span class='ocrx_word' id='word_1_313' title='bbox 2139 2151 2275 2214; x_wconf 60' lang='lat' dir='ltr'><strong>quae</strong></span> <span class='ocrx_word' id='word_1_314' title='bbox 2306 2135 2386 2192; x_wconf 93' lang='lat' dir='ltr'><strong>ad</strong></span> <span class='ocrx_word' id='word_1_315' title='bbox 2415 2151 2594 2192; x_wconf 92' lang='lat' dir='ltr'><strong>usum</strong></span> <span class='ocrx_word' id='word_1_316' title='bbox 2623 2136 3058 2214; x_wconf 85' lang='lat' dir='ltr'><strong>utilitatemque</strong></span> <span class='ocrx_word' id='word_1_317' title='bbox 3082 2139 3356 2200; x_wconf 88' lang='lat' dir='ltr'><strong>omnium</strong></span> <span class='ocrx_word' id='word_1_318' title='bbox 3377 2155 3541 2196; x_wconf 92' lang='lat' dir='ltr'><strong>com-</strong></span> 
     </span>
    </p>
   </div>
   <div class='ocr_carea' id='block_1_53' title="bbox 1885 2223 3539 2301">
    <p class='ocr_par' dir='ltr' id='par_1_53' title="bbox 1885 2223 3539 2301">
     <span class='ocr_line' id='line_1_54' title="bbox 1885 2223 3539 2301; baseline 0.005 -25"><span class='ocrx_word' id='word_1_319' title='bbox 1885 2239 2132 2278; x_wconf 89' lang='lat' dir='ltr'><strong>munem</strong></span> <span class='ocrx_word' id='word_1_320' title='bbox 2160 2223 2408 2293; x_wconf 84' lang='lat' dir='ltr'><strong>faciant,</strong></span> <span class='ocrx_word' id='word_1_321' title='bbox 2429 2224 2636 2297; x_wconf 89' lang='lat' dir='ltr'><strong>reique</strong></span> <span class='ocrx_word' id='word_1_322' title='bbox 2657 2225 2918 2297; x_wconf 79' lang='lat' dir='ltr'><strong>publicas</strong></span> <span class='ocrx_word' id='word_1_323' title='bbox 2948 2227 3328 2294; x_wconf 82' lang='lat' dir='ltr'><strong>conveniant,</strong></span> <span class='ocrx_word' id='word_1_324' title='bbox 3357 2232 3539 2301; x_wconf 88' lang='lat' dir='ltr'><strong>atque</strong></span> 
     </span>
    </p>
   </div>
   <div class='ocr_carea' id='block_1_54' title="bbox 1884 2311 3539 2386">
    <p class='ocr_par' dir='ltr' id='par_1_54' title="bbox 1884 2311 3539 2386">
     <span class='ocr_line' id='line_1_55' title="bbox 1884 2311 3539 2386; baseline 0.004 -21"><span class='ocrx_word' id='word_1_325' title='bbox 1884 2311 2106 2366; x_wconf 89' lang='lat' dir='ltr'><strong>animis</strong></span> <span class='ocrx_word' id='word_1_326' title='bbox 2164 2312 2655 2370; x_wconf 71' lang='lat' dir='ltr'><strong>omniumehera</strong></span> <span class='ocrx_word' id='word_1_327' title='bbox 2683 2319 2972 2386; x_wconf 81' lang='lat' dir='ltr'><strong>grataque</strong></span> <span class='ocrx_word' id='word_1_328' title='bbox 3019 2317 3314 2382; x_wconf 89' lang='lat' dir='ltr'><strong>accidant,</strong></span> <span class='ocrx_word' id='word_1_329' title='bbox 3345 2317 3539 2372; x_wconf 81' lang='lat' dir='ltr'><strong>nemi-</strong></span> 
     </span>
    </p>
   </div>
   <div class='ocr_carea' id='block_1_55' title="bbox 1883 2400 3538 2474">
    <p class='ocr_par' dir='ltr' id='par_1_55' title="bbox 1883 2400 3538 2474">
     <span class='ocr_line' id='line_1_56' title="bbox 1883 2400 3538 2474; baseline 0.004 -20"><span class='ocrx_word' id='word_1_330' title='bbox 1883 2413 2024 2456; x_wconf 89' lang='lat' dir='ltr'><strong>nem</strong></span> <span class='ocrx_word' id='word_1_331' title='bbox 2063 2400 2358 2471; x_wconf 82' lang='lat' dir='ltr'><strong>ignorare,</strong></span> <span class='ocrx_word' id='word_1_332' title='bbox 2400 2401 2508 2457; x_wconf 82' lang='lat' dir='ltr'><strong>sed</strong></span> <span class='ocrx_word' id='word_1_333' title='bbox 2545 2416 3044 2474; x_wconf 85' lang='lat' dir='ltr'><strong>unumquemque</strong></span> <span class='ocrx_word' id='word_1_334' title='bbox 3081 2402 3419 2471; x_wconf 85' lang='lat' dir='ltr'><strong>hominum,</strong></span> <span class='ocrx_word' id='word_1_335' title='bbox 3457 2404 3538 2460; x_wconf 86' lang='lat' dir='ltr'><strong>ad</strong></span> 
     </span>
    </p>
   </div>
   <div class='ocr_carea' id='block_1_56' title="bbox 1884 2488 3643 2566">
    <p class='ocr_par' dir='ltr' id='par_1_56' title="bbox 1884 2488 3643 2566">
     <span class='ocr_line' id='line_1_57' title="bbox 1884 2488 3643 2566; baseline 0.002 -24"><span class='ocrx_word' id='word_1_336' title='bbox 1884 2504 2010 2543; x_wconf 87' lang='lat' dir='ltr'><strong>rem</strong></span> <span class='ocrx_word' id='word_1_337' title='bbox 2037 2488 2233 2560; x_wconf 87' lang='lat' dir='ltr'><strong>ipsam</strong></span> <span class='ocrx_word' id='word_1_338' title='bbox 2258 2495 2679 2557; x_wconf 80' lang='lat' dir='ltr'><strong>recurrentem,</strong></span> <span class='ocrx_word' id='word_1_339' title='bbox 2711 2506 2892 2546; x_wconf 88' lang='lat' dir='ltr'><strong>nosse</strong></span> <span class='ocrx_word' id='word_1_340' title='bbox 2921 2506 3405 2566; x_wconf 80' lang='lat' dir='ltr'><strong>persuasumque</strong></span> <span class='ocrx_word' id='word_1_341' title='bbox 3427 2493 3538 2550; x_wconf 84' lang='lat' dir='ltr'><strong>ha-</strong></span> <span class='ocrx_word' id='word_1_342' title='bbox 3635 2539 3643 2545; x_wconf 92' lang='lat'><strong>.</strong></span> 
     </span>
    </p>
   </div>
   <div class='ocr_carea' id='block_1_57' title="bbox 1884 2575 3537 2658">
    <p class='ocr_par' dir='ltr' id='par_1_57' title="bbox 1884 2575 3537 2658">
     <span class='ocr_line' id='line_1_58' title="bbox 1884 2575 3537 2658; baseline 0.004 -27"><span class='ocrx_word' id='word_1_343' title='bbox 1884 2575 2024 2632; x_wconf 91' lang='lat' dir='ltr'><strong>bere</strong></span> <span class='ocrx_word' id='word_1_344' title='bbox 2052 2577 2374 2632; x_wconf 89' lang='lat' dir='ltr'><strong>credimus.</strong></span> <span class='ocrx_word' id='word_1_345' title='bbox 2395 2579 2900 2658; x_wconf 86' lang='lat' dir='ltr'><strong>Quandoquidem</strong></span> <span class='ocrx_word' id='word_1_346' title='bbox 2920 2584 3118 2639; x_wconf 90' lang='lat' dir='ltr'><strong>autem</strong></span> <span class='ocrx_word' id='word_1_347' title='bbox 3149 2581 3537 2641; x_wconf 85' lang='lat' dir='ltr'><strong>manifestum</strong></span> 
     </span>
    </p>
   </div>
   <div class='ocr_carea' id='block_1_58' title="bbox 1883 2665 3538 2742">
    <p class='ocr_par' dir='ltr' id='par_1_58' title="bbox 1883 2665 3538 2742">
     <span class='ocr_line' id='line_1_59' title="bbox 1883 2665 3538 2742; baseline 0.004 -22"><span class='ocrx_word' id='word_1_348' title='bbox 1883 2672 2060 2721; x_wconf 91' lang='lat' dir='ltr'><strong>antea</strong></span> <span class='ocrx_word' id='word_1_349' title='bbox 2088 2665 2258 2721; x_wconf 83' lang='lat' dir='ltr'><strong>vobis</strong></span> <span class='ocrx_word' id='word_1_350' title='bbox 2284 2672 2391 2735; x_wconf 86' lang='lat' dir='ltr'><strong>est,</strong></span> <span class='ocrx_word' id='word_1_351' title='bbox 2419 2673 2735 2738; x_wconf 86' lang='lat' dir='ltr'><strong>propterea</strong></span> <span class='ocrx_word' id='word_1_352' title='bbox 2753 2667 2920 2740; x_wconf 90' lang='lat' dir='ltr'><strong>quod</strong></span> <span class='ocrx_word' id='word_1_353' title='bbox 2951 2684 2987 2724; x_wconf 88' lang='lat' dir='ltr'><strong>a</strong></span> <span class='ocrx_word' id='word_1_354' title='bbox 3005 2669 3160 2724; x_wconf 86' lang='lat' dir='ltr'><strong>divis</strong></span> <span class='ocrx_word' id='word_1_355' title='bbox 3185 2670 3538 2742; x_wconf 89' lang='lat' dir='ltr'><strong>parentibus</strong></span> 
     </span>
    </p>
   </div>
   <div class='ocr_carea' id='block_1_59' title="bbox 1883 2754 3531 2830">
    <p class='ocr_par' dir='ltr' id='par_1_59' title="bbox 1883 2754 3531 2830">
     <span class='ocr_line' id='line_1_60' title="bbox 1883 2754 3531 2830; baseline 0.003 -20"><span class='ocrx_word' id='word_1_356' title='bbox 1883 2754 2100 2810; x_wconf 87' lang='lat' dir='ltr'><strong>nostris</strong></span> <span class='ocrx_word' id='word_1_357' title='bbox 2115 2755 2479 2812; x_wconf 85' lang='lat' dir='ltr'><strong>Diocletiano</strong></span> <span class='ocrx_word' id='word_1_358' title='bbox 2496 2757 2924 2813; x_wconf 87' lang='lat' dir='ltr'><strong>etMaximiano</strong></span> <span class='ocrx_word' id='word_1_359' title='bbox 2936 2763 3303 2830; x_wconf 71' lang='lat' dir='ltr'><strong>praeceptum</strong></span> <span class='ocrx_word' id='word_1_360' title='bbox 3318 2757 3531 2826; x_wconf 80' lang='lat' dir='ltr'><strong>fuerat,</strong></span> 
     </span>
    </p>
   </div>
   <div class='ocr_carea' id='block_1_60' title="bbox 1883 2842 3536 2926">
    <p class='ocr_par' dir='ltr' id='par_1_60' title="bbox 1883 2842 3536 2926">
     <span class='ocr_line' id='line_1_61' title="bbox 1883 2842 3536 2926; baseline 0.005 -29"><span class='ocrx_word' id='word_1_361' title='bbox 1883 2848 2209 2899; x_wconf 90' lang='lat' dir='ltr'><strong>conventus</strong></span> <span class='ocrx_word' id='word_1_362' title='bbox 2243 2842 2713 2901; x_wconf 88' lang='lat' dir='ltr'><strong>Christianorum</strong></span> <span class='ocrx_word' id='word_1_363' title='bbox 2737 2845 3036 2902; x_wconf 91' lang='lat' dir='ltr'><strong>tollendos</strong></span> <span class='ocrx_word' id='word_1_364' title='bbox 3089 2863 3243 2912; x_wconf 89' lang='lat' dir='ltr'><strong>esse,</strong></span> <span class='ocrx_word' id='word_1_365' title='bbox 3271 2849 3536 2926; x_wconf 85' lang='lat' dir='ltr'><strong>permul-</strong></span> 
     </span>
    </p>
   </div>
   <div class='ocr_carea' id='block_1_61' title="bbox 1882 2931 3534 3010">
    <p class='ocr_par' dir='ltr' id='par_1_61' title="bbox 1882 2931 3534 3010">
     <span class='ocr_line' id='line_1_62' title="bbox 1882 2931 3534 3010; baseline 0.004 -23"><span class='ocrx_word' id='word_1_366' title='bbox 1882 2938 1973 2988; x_wconf 90' lang='lat' dir='ltr'><strong>tos</strong></span> <span class='ocrx_word' id='word_1_367' title='bbox 1995 2932 2074 2987; x_wconf 89' lang='lat' dir='ltr'><strong>ab</strong></span> <span class='ocrx_word' id='word_1_368' title='bbox 2102 2931 2455 2989; x_wconf 80' lang='lat' dir='ltr'><strong>oﬂlcialibus</strong></span> <span class='ocrx_word' id='word_1_369' title='bbox 2480 2949 2766 2991; x_wconf 81' lang='lat' dir='ltr'><strong>excussos</strong></span> <span class='ocrx_word' id='word_1_370' title='bbox 2783 2933 3191 3010; x_wconf 87' lang='lat' dir='ltr'><strong>spoliatosque</strong></span> <span class='ocrx_word' id='word_1_371' title='bbox 3207 2951 3342 2994; x_wconf 85' lang='lat' dir='ltr'><strong>esse</strong></span> <span class='ocrx_word' id='word_1_372' title='bbox 3356 2936 3534 2994; x_wconf 91' lang='lat' dir='ltr'><strong>bonis</strong></span> 
     </span>
    </p>
   </div>
   <div class='ocr_carea' id='block_1_62' title="bbox 1880 3019 3537 3097">
    <p class='ocr_par' dir='ltr' id='par_1_62' title="bbox 1880 3019 3537 3097">
     <span class='ocr_line' id='line_1_63' title="bbox 1880 3019 3537 3097; baseline 0.005 -23"><span class='ocrx_word' id='word_1_373' title='bbox 1880 3020 2024 3076; x_wconf 87' lang='lat' dir='ltr'><strong>suis:</strong></span> <span class='ocrx_word' id='word_1_374' title='bbox 2041 3019 2222 3093; x_wconf 69' lang='grc'><strong>498</strong></span> <span class='ocrx_word' id='word_1_375' title='bbox 2234 3022 2293 3076; x_wconf 91' lang='lat' dir='ltr'><strong>id</strong></span> <span class='ocrx_word' id='word_1_376' title='bbox 2305 3022 2472 3094; x_wconf 91' lang='lat' dir='ltr'><strong>quod</strong></span> <span class='ocrx_word' id='word_1_377' title='bbox 2483 3024 2542 3078; x_wconf 92' lang='lat' dir='ltr'><strong>in</strong></span> <span class='ocrx_word' id='word_1_378' title='bbox 2556 3023 2816 3080; x_wconf 89' lang='lat' dir='ltr'><strong>futurum</strong></span> <span class='ocrx_word' id='word_1_379' title='bbox 2827 3039 3070 3097; x_wconf 91' lang='lat' dir='ltr'><strong>quoque</strong></span> <span class='ocrx_word' id='word_1_380' title='bbox 3083 3025 3167 3079; x_wconf 91' lang='lat' dir='ltr'><strong>sic</strong></span> <span class='ocrx_word' id='word_1_381' title='bbox 3178 3030 3384 3082; x_wconf 87' lang='lat' dir='ltr'><strong>contra</strong></span> <span class='ocrx_word' id='word_1_382' title='bbox 3397 3025 3537 3082; x_wconf 87' lang='lat' dir='ltr'><strong>sub-</strong></span> 
     </span>
    </p>
   </div>
   <div class='ocr_carea' id='block_1_63' title="bbox 177 3103 1769 3192">
    <p class='ocr_par' dir='ltr' id='par_1_63' title="bbox 177 3107 1769 3192">
     <span class='ocr_line' id='line_1_64' title="bbox 177 3107 1769 3192; baseline -0.002 -27"><span class='ocrx_word' id='word_1_383' title='bbox 177 3117 361 3188; x_wconf 85' lang='grc' dir='ltr'>γονέων</span> <span class='ocrx_word' id='word_1_384' title='bbox 419 3121 518 3164; x_wconf 88' lang='grc' dir='ltr'>τῶν</span> <span class='ocrx_word' id='word_1_385' title='bbox 565 3114 824 3192; x_wconf 74' lang='grc' dir='ltr'>ἡμετέρων</span> <span class='ocrx_word' id='word_1_386' title='bbox 893 3114 986 3173; x_wconf 85' lang='grc' dir='ltr'><strong>τὰς</strong></span> <span class='ocrx_word' id='word_1_387' title='bbox 1055 3107 1310 3171; x_wconf 84' lang='grc' dir='ltr'>συνόδους</span> <span class='ocrx_word' id='word_1_388' title='bbox 1356 3120 1456 3162; x_wconf 91' lang='grc' dir='ltr'>τῶν</span> <span class='ocrx_word' id='word_1_389' title='bbox 1510 3119 1769 3188; x_wconf 82' lang='grc' dir='ltr'>Χριστια-</span> 
     </span>
    </p>
   </div>
   <div class='ocr_carea' id='block_1_64' title="bbox 1881 3103 3535 3192">
    <p class='ocr_par' dir='ltr' id='par_1_64' title="bbox 1881 3109 3535 3191">
     <span class='ocr_line' id='line_1_65' title="bbox 1881 3109 3535 3191; baseline 0.004 -27"><span class='ocrx_word' id='word_1_390' title='bbox 1881 3109 1938 3164; x_wconf 91' lang='lat' dir='ltr'><strong>di</strong></span> <span class='ocrx_word' id='word_1_391' title='bbox 1947 3114 2035 3164; x_wconf 91' lang='lat' dir='ltr'><strong>tos</strong></span> <span class='ocrx_word' id='word_1_392' title='bbox 2047 3117 2577 3182; x_wconf 86' lang='lat' dir='ltr'><strong>nostros,quorum</strong></span> <span class='ocrx_word' id='word_1_393' title='bbox 2589 3112 2893 3191; x_wconf 87' lang='lat' dir='ltr'><strong>nos,quod</strong></span> <span class='ocrx_word' id='word_1_394' title='bbox 2907 3113 2991 3168; x_wconf 86' lang='lat' dir='ltr'><strong>ita</strong></span> <span class='ocrx_word' id='word_1_395' title='bbox 3001 3113 3312 3172; x_wconf 84' lang='lat' dir='ltr'><strong>facultates</strong></span> <span class='ocrx_word' id='word_1_396' title='bbox 3323 3129 3535 3170; x_wconf 90' lang='lat' dir='ltr'><strong>eorum</strong></span> 
     </span>
    </p>
   </div>
   <div class='ocr_carea' id='block_1_65' title="bbox 175 3197 1772 3283">
    <p class='ocr_par' dir='ltr' id='par_1_65' title="bbox 175 3197 1772 3283">
     <span class='ocr_line' id='line_1_66' title="bbox 175 3197 1772 3283; baseline 0 -31"><span class='ocrx_word' id='word_1_397' title='bbox 175 3209 275 3253; x_wconf 86' lang='grc' dir='ltr'>νῶν</span> <span class='ocrx_word' id='word_1_398' title='bbox 341 3201 650 3283; x_wconf 75' lang='grc' dir='ltr'>ἐξῃρῆσθαι,</span> <span class='ocrx_word' id='word_1_399' title='bbox 733 3199 948 3260; x_wconf 85' lang='grc' dir='ltr'>πολλοὺς</span> <span class='ocrx_word' id='word_1_400' title='bbox 1028 3197 1271 3271; x_wconf 79' lang='grc' dir='ltr'>σεισμούς</span> <span class='ocrx_word' id='word_1_401' title='bbox 1317 3205 1409 3252; x_wconf 84' lang='grc' dir='ltr'>καὶ</span> <span class='ocrx_word' id='word_1_402' title='bbox 1477 3199 1772 3272; x_wconf 77' lang='grc' dir='ltr'>ἀποστερή-</span> 
     </span>
    </p>
   </div>
   <div class='ocr_carea' id='block_1_66' title="bbox 178 3275 1771 3360">
    <p class='ocr_par' dir='ltr' id='par_1_66' title="bbox 178 3275 1771 3360">
     <span class='ocr_line' id='line_1_67' title="bbox 178 3275 1771 3360; baseline -0.002 -17"><span class='ocrx_word' id='word_1_403' title='bbox 178 3309 288 3352; x_wconf 83' lang='grc' dir='ltr'>σεις</span> <span class='ocrx_word' id='word_1_404' title='bbox 359 3275 462 3342; x_wconf 73' lang='grc' dir='ltr'><strong>ὑπο</strong></span> <span class='ocrx_word' id='word_1_405' title='bbox 518 3297 616 3341; x_wconf 86' lang='grc' dir='ltr'>τῶν</span> <span class='ocrx_word' id='word_1_406' title='bbox 688 3275 1088 3360; x_wconf 51' lang='grc' dir='ltr'>βενεςηκιαλίωᾶ</span> <span class='ocrx_word' id='word_1_407' title='bbox 1155 3290 1466 3360; x_wconf 78' lang='grc' dir='ltr'>γεγενῆσθαι</span> <span class='ocrx_word' id='word_1_408' title='bbox 1495 3306 1510 3320; x_wconf 84' lang='grc'><strong>·</strong></span> <span class='ocrx_word' id='word_1_409' title='bbox 1545 3295 1635 3340; x_wconf 85' lang='grc' dir='ltr'>καὶ</span> <span class='ocrx_word' id='word_1_410' title='bbox 1697 3288 1771 3349; x_wconf 77' lang='grc' dir='ltr'><strong>εἰς</strong></span> 
     </span>
    </p>
   </div>
   <div class='ocr_carea' id='block_1_67' title="bbox 173 3363 1769 3454">
    <p class='ocr_par' dir='ltr' id='par_1_67' title="bbox 173 3375 1769 3454">
     <span class='ocr_line' id='line_1_68' title="bbox 173 3375 1769 3454; baseline -0.003 -22"><span class='ocrx_word' id='word_1_411' title='bbox 173 3379 389 3432; x_wconf 83' lang='grc' dir='ltr'>τούπιὸν</span> <span class='ocrx_word' id='word_1_412' title='bbox 420 3375 524 3430; x_wconf 81' lang='grc' dir='ltr'><strong>ὧδε</strong></span> <span class='ocrx_word' id='word_1_413' title='bbox 580 3385 732 3430; x_wconf 87' lang='grc' dir='ltr'>τοῦτο</span> <span class='ocrx_word' id='word_1_414' title='bbox 790 3384 1084 3454; x_wconf 79' lang='grc' dir='ltr'>προχωρεῖν</span> <span class='ocrx_word' id='word_1_415' title='bbox 1113 3379 1249 3428; x_wconf 82' lang='grc' dir='ltr'>κατὰ</span> <span class='ocrx_word' id='word_1_416' title='bbox 1277 3385 1376 3428; x_wconf 84' lang='grc' dir='ltr'>τῶν</span> <span class='ocrx_word' id='word_1_417' title='bbox 1427 3380 1769 3451; x_wconf 79' lang='grc' dir='ltr'>ἐπαρχιωτῶν</span> 
     </span>
    </p>
   </div>
   <div class='ocr_carea' id='block_1_68' title="bbox 171 3465 1768 3542">
    <p class='ocr_par' dir='ltr' id='par_1_68' title="bbox 171 3465 1768 3542">
     <span class='ocr_line' id='line_1_69' title="bbox 171 3465 1768 3542; baseline -0.002 -21"><span class='ocrx_word' id='word_1_418' title='bbox 171 3470 458 3542; x_wconf 76' lang='grc' dir='ltr'>ἡμετέρων,</span> <span class='ocrx_word' id='word_1_419' title='bbox 522 3467 590 3518; x_wconf 85' lang='grc' dir='ltr'>ὧν</span> <span class='ocrx_word' id='word_1_420' title='bbox 659 3465 892 3539; x_wconf 81' lang='grc' dir='ltr'>μάλιστα</span> <span class='ocrx_word' id='word_1_421' title='bbox 960 3471 1203 3540; x_wconf 90' lang='grc' dir='ltr'>πρόνοιαν</span> <span class='ocrx_word' id='word_1_422' title='bbox 1252 3470 1346 3524; x_wconf 78' lang='grc' dir='ltr'>τὴν</span> <span class='ocrx_word' id='word_1_423' title='bbox 1397 3472 1768 3539; x_wconf 76' lang='grc' dir='ltr'>προσήκουσαν</span> 
     </span>
    </p>
   </div>
   <div class='ocr_carea' id='block_1_69' title="bbox 177 3545 1770 3636">
    <p class='ocr_par' dir='ltr' id='par_1_69' title="bbox 177 3545 1770 3636">
     <span class='ocr_line' id='line_1_70' title="bbox 177 3545 1770 3636; baseline -0.001 -27"><span class='ocrx_word' id='word_1_424' title='bbox 177 3545 568 3636; x_wconf 67' lang='grc' dir='ltr'>σπουδάζομεν,</span> <span class='ocrx_word' id='word_1_425' title='bbox 625 3563 724 3608; x_wconf 85' lang='grc' dir='ltr'>τῶν</span> <span class='ocrx_word' id='word_1_426' title='bbox 754 3555 943 3606; x_wconf 72' lang='grc' dir='ltr'>οὐσιῶν</span> <span class='ocrx_word' id='word_1_427' title='bbox 970 3562 1069 3605; x_wconf 84' lang='grc' dir='ltr'>τῶν</span> <span class='ocrx_word' id='word_1_428' title='bbox 1123 3551 1268 3606; x_wconf 82' lang='grc' dir='ltr'>ἰδίων</span> <span class='ocrx_word' id='word_1_429' title='bbox 1313 3554 1480 3607; x_wconf 73' lang='grc' dir='ltr'>αὐτῶν</span> <span class='ocrx_word' id='word_1_430' title='bbox 1524 3575 1770 3626; x_wconf 90' lang='grc' dir='ltr'>κατατρι-</span> 
     </span>
    </p>
   </div>
   <div class='ocr_carea' id='block_1_70' title="bbox 173 3641 1769 3720">
    <p class='ocr_par' dir='ltr' id='par_1_70' title="bbox 173 3641 1769 3720">
     <span class='ocr_line' id='line_1_71' title="bbox 173 3641 1769 3720; baseline -0.001 -24"><span class='ocrx_word' id='word_1_431' title='bbox 173 3645 422 3720; x_wconf 73' lang='grc' dir='ltr'>ϐομένων,</span> <span class='ocrx_word' id='word_1_432' title='bbox 473 3641 725 3697; x_wconf 78' lang='grc' dir='ltr'>δοθέντων</span> <span class='ocrx_word' id='word_1_433' title='bbox 771 3645 1095 3719; x_wconf 70' lang='grc' dir='ltr'>γραμμάτων</span> <span class='ocrx_word' id='word_1_434' title='bbox 1151 3647 1282 3716; x_wconf 84' lang='grc' dir='ltr'>πρὸς</span> <span class='ocrx_word' id='word_1_435' title='bbox 1333 3647 1455 3704; x_wconf 77' lang='grc' dir='ltr'>τοὺς</span> <span class='ocrx_word' id='word_1_436' title='bbox 1509 3645 1769 3716; x_wconf 79' lang='grc' dir='ltr'>ἡγεμόνας</span> 
     </span>
    </p>
   </div>
   <div class='ocr_carea' id='block_1_71' title="bbox 173 3731 1769 3808">
    <p class='ocr_par' dir='ltr' id='par_1_71' title="bbox 173 3731 1769 3808">
     <span class='ocr_line' id='line_1_72' title="bbox 173 3731 1769 3808; baseline -0.001 -22"><span class='ocrx_word' id='word_1_437' title='bbox 173 3733 402 3808; x_wconf 82' lang='grc' dir='ltr'>ἑκάστης</span> <span class='ocrx_word' id='word_1_438' title='bbox 467 3732 726 3808; x_wconf 71' lang='grc' dir='ltr'>ἐπαρχίας</span> <span class='ocrx_word' id='word_1_439' title='bbox 798 3740 872 3802; x_wconf 85' lang='grc' dir='ltr'>τῷ</span> <span class='ocrx_word' id='word_1_440' title='bbox 951 3731 1257 3802; x_wconf 75' lang='grc' dir='ltr'>παρελθόντι</span> <span class='ocrx_word' id='word_1_441' title='bbox 1333 3733 1548 3804; x_wconf 73' lang='grc' dir='ltr'>ἐνιαυτῷ</span> <span class='ocrx_word' id='word_1_442' title='bbox 1595 3731 1769 3804; x_wconf 81' lang='grc' dir='ltr'>ἐνομο-</span> 
     </span>
    </p>
   </div>
   <div class='ocr_carea' id='block_1_72' title="bbox 175 3818 1762 3897">
    <p class='ocr_par' dir='ltr' id='par_1_72' title="bbox 175 3818 1762 3897">
     <span class='ocr_line' id='line_1_73' title="bbox 175 3818 1762 3897; baseline -0.002 -22"><span class='ocrx_word' id='word_1_443' title='bbox 175 3825 466 3894; x_wconf 82' lang='grc' dir='ltr'>θετήσαμεν</span> <span class='ocrx_word' id='word_1_444' title='bbox 495 3839 508 3851; x_wconf 90' lang='grc'>·</span> <span class='ocrx_word' id='word_1_445' title='bbox 539 3821 601 3874; x_wconf 85' lang='grc' dir='ltr'><strong>ἶν’</strong></span> <span class='ocrx_word' id='word_1_446' title='bbox 664 3824 710 3874; x_wconf 85' lang='grc' dir='ltr'>εἶ</span> <span class='ocrx_word' id='word_1_447' title='bbox 759 3840 840 3880; x_wconf 87' lang='grc' dir='ltr'><strong>τις</strong></span> <span class='ocrx_word' id='word_1_448' title='bbox 892 3818 1135 3892; x_wconf 84' lang='grc' dir='ltr'>βούλοιτο</span> <span class='ocrx_word' id='word_1_449' title='bbox 1189 3829 1258 3897; x_wconf 74' lang='grc' dir='ltr'>τῷ</span> <span class='ocrx_word' id='word_1_450' title='bbox 1316 3823 1533 3892; x_wconf 80' lang='grc' dir='ltr'>τοιούτῳ</span> <span class='ocrx_word' id='word_1_451' title='bbox 1583 3823 1762 3889; x_wconf 76' lang='grc' dir='ltr'>ἔθει,ἣ</span> 
     </span>
    </p>
   </div>
   <div class='ocr_carea' id='block_1_73' title="bbox 169 3909 1762 3986">
    <p class='ocr_par' dir='ltr' id='par_1_73' title="bbox 169 3909 1762 3986">
     <span class='ocr_line' id='line_1_74' title="bbox 169 3909 1762 3986; baseline -0.001 -23"><span class='ocrx_word' id='word_1_452' title='bbox 169 3919 236 3983; x_wconf 77' lang='grc' dir='ltr'>τῇ</span> <span class='ocrx_word' id='word_1_453' title='bbox 288 3913 502 3986; x_wconf 73' lang='grc' dir='ltr'>τοιαύτῃ</span> <span class='ocrx_word' id='word_1_454' title='bbox 562 3910 761 3983; x_wconf 75' lang='grc' dir='ltr'>φυλακῇ</span> <span class='ocrx_word' id='word_1_455' title='bbox 825 3917 922 3970; x_wconf 83' lang='grc' dir='ltr'>τῆς</span> <span class='ocrx_word' id='word_1_456' title='bbox 973 3913 1134 3971; x_wconf 74' lang='grc' dir='ltr'>αὐτῆς</span> <span class='ocrx_word' id='word_1_457' title='bbox 1187 3911 1470 3982; x_wconf 79' lang='grc' dir='ltr'>θρησκείας</span> <span class='ocrx_word' id='word_1_458' title='bbox 1526 3909 1762 3976; x_wconf 75' lang='grc' dir='ltr'>ἕπεσθαι,</span> 
     </span>
    </p>
   </div>
   <div class='ocr_carea' id='block_1_74' title="bbox 166 3995 1766 4074">
    <p class='ocr_par' dir='ltr' id='par_1_74' title="bbox 166 3995 1766 4074">
     <span class='ocr_line' id='line_1_75' title="bbox 166 3995 1766 4074; baseline 0.001 -23"><span class='ocrx_word' id='word_1_459' title='bbox 166 4007 354 4052; x_wconf 83' lang='grc' dir='ltr'>τοῦτον</span> <span class='ocrx_word' id='word_1_460' title='bbox 420 3995 814 4072; x_wconf 72' lang='grc' dir='ltr'>ἀνεμποδίστως</span> <span class='ocrx_word' id='word_1_461' title='bbox 893 3999 1112 4070; x_wconf 78' lang='grc' dir='ltr'>ἔχεσθαι</span> <span class='ocrx_word' id='word_1_462' title='bbox 1167 4007 1264 4061; x_wconf 80' lang='grc' dir='ltr'>τῆς</span> <span class='ocrx_word' id='word_1_463' title='bbox 1315 4001 1608 4074; x_wconf 79' lang='grc' dir='ltr'>προθέσεως</span> <span class='ocrx_word' id='word_1_464' title='bbox 1670 4006 1766 4064; x_wconf 76' lang='grc' dir='ltr'>τῆς</span> 
     </span>
    </p>
   </div>
   <div class='ocr_carea' id='block_1_75' title="bbox 167 4083 1766 4162">
    <p class='ocr_par' dir='ltr' id='par_1_75' title="bbox 167 4083 1766 4162">
     <span class='ocr_line' id='line_1_76' title="bbox 167 4083 1766 4162; baseline -0.001 -21"><span class='ocrx_word' id='word_1_465' title='bbox 167 4089 377 4154; x_wconf 80' lang='grc' dir='ltr'>ἑαυτοῦ,</span> <span class='ocrx_word' id='word_1_466' title='bbox 433 4093 519 4140; x_wconf 84' lang='grc' dir='ltr'>καὶ</span> <span class='ocrx_word' id='word_1_467' title='bbox 573 4088 674 4140; x_wconf 81' lang='grc' dir='ltr'>ὑπὸ</span> <span class='ocrx_word' id='word_1_468' title='bbox 721 4083 948 4162; x_wconf 81' lang='grc' dir='ltr'>μηδενὸς</span> <span class='ocrx_word' id='word_1_469' title='bbox 986 4083 1371 4162; x_wconf 76' lang='grc' dir='ltr'>ἐμποδίζεσθαι</span> <span class='ocrx_word' id='word_1_470' title='bbox 1399 4084 1539 4160; x_wconf 76' lang='grc' dir='ltr'>μηδὲ</span> <span class='ocrx_word' id='word_1_471' title='bbox 1579 4087 1766 4140; x_wconf 87' lang='grc' dir='ltr'>κωλύε-</span> 
     </span>
    </p>
   </div>
   <div class='ocr_carea' id='block_1_76' title="bbox 167 4175 1766 4249">
    <p class='ocr_par' dir='ltr' id='par_1_76' title="bbox 167 4175 1766 4249">
     <span class='ocr_line' id='line_1_77' title="bbox 167 4175 1766 4249; baseline -0.001 -19"><span class='ocrx_word' id='word_1_472' title='bbox 167 4179 318 4242; x_wconf 87' lang='grc' dir='ltr'>σθαι,</span> <span class='ocrx_word' id='word_1_473' title='bbox 351 4182 442 4229; x_wconf 87' lang='grc' dir='ltr'>καὶ</span> <span class='ocrx_word' id='word_1_474' title='bbox 480 4175 609 4231; x_wconf 87' lang='grc' dir='ltr'>εἶναι</span> <span class='ocrx_word' id='word_1_475' title='bbox 648 4177 828 4238; x_wconf 76' lang='grc' dir='ltr'>αὐτοῖς</span> <span class='ocrx_word' id='word_1_476' title='bbox 858 4176 1148 4249; x_wconf 84' lang='grc' dir='ltr'>εύχερειαν,</span> <span class='ocrx_word' id='word_1_477' title='bbox 1180 4179 1301 4230; x_wconf 79' lang='grc' dir='ltr'>ἄνευ</span> <span class='ocrx_word' id='word_1_478' title='bbox 1329 4185 1460 4238; x_wconf 82' lang='grc' dir='ltr'>τινος</span> <span class='ocrx_word' id='word_1_479' title='bbox 1485 4175 1646 4248; x_wconf 73' lang='grc' dir='ltr'>φόϐον</span> <span class='ocrx_word' id='word_1_480' title='bbox 1675 4181 1766 4228; x_wconf 74' lang='grc' dir='ltr'>καὶ</span> 
     </span>
    </p>
   </div>
   <div class='ocr_carea' id='block_1_77' title="bbox 162 4264 1764 4344">
    <p class='ocr_par' dir='ltr' id='par_1_77' title="bbox 162 4264 1764 4344">
     <span class='ocr_line' id='line_1_78' title="bbox 162 4264 1764 4344; baseline -0.002 -25"><span class='ocrx_word' id='word_1_481' title='bbox 162 4266 404 4344; x_wconf 65' lang='grc' dir='ltr'>ὑποψίας</span> <span class='ocrx_word' id='word_1_482' title='bbox 471 4265 616 4318; x_wconf 82' lang='grc' dir='ltr'>τοῦθ’</span> <span class='ocrx_word' id='word_1_483' title='bbox 676 4267 797 4341; x_wconf 84' lang='grc' dir='ltr'>ὅπερ</span> <span class='ocrx_word' id='word_1_484' title='bbox 868 4265 1072 4336; x_wconf 70' lang='grc' dir='ltr'>ἑκάστῳ</span> <span class='ocrx_word' id='word_1_485' title='bbox 1121 4264 1328 4339; x_wconf 76' lang='grc' dir='ltr'>ἀρέσκει</span> <span class='ocrx_word' id='word_1_486' title='bbox 1371 4274 1563 4332; x_wconf 61' lang='grc' dir='ltr'>ποιεῖν,</span> <span class='ocrx_word' id='word_1_487' title='bbox 1625 4265 1764 4324; x_wconf 83' lang='grc' dir='ltr'>Πλὴν</span> 
     </span>
    </p>
   </div>
   <div class='ocr_carea' id='block_1_78' title="bbox 161 4350 1766 4428">
    <p class='ocr_par' dir='ltr' id='par_1_78' title="bbox 161 4350 1766 4428">
     <span class='ocr_line' id='line_1_79' title="bbox 161 4350 1766 4428; baseline -0.001 -20"><span class='ocrx_word' id='word_1_488' title='bbox 161 4353 294 4408; x_wconf 68' lang='grc' dir='ltr'><strong>οὐδὲ</strong></span> <span class='ocrx_word' id='word_1_489' title='bbox 335 4363 424 4406; x_wconf 83' lang='grc' dir='ltr'>νῦν</span> <span class='ocrx_word' id='word_1_490' title='bbox 473 4354 735 4409; x_wconf 85' lang='grc' dir='ltr'>λανθάνειν</span> <span class='ocrx_word' id='word_1_491' title='bbox 783 4355 918 4428; x_wconf 81' lang='grc' dir='ltr'>ἡμᾶς</span> <span class='ocrx_word' id='word_1_492' title='bbox 948 4350 1212 4420; x_wconf 76' lang='grc' dir='ltr'><strong>ἠδυνήθη,</strong></span> <span class='ocrx_word' id='word_1_493' title='bbox 1245 4357 1325 4406; x_wconf 86' lang='grc' dir='ltr'>ὅτι</span> <span class='ocrx_word' id='word_1_494' title='bbox 1372 4358 1504 4416; x_wconf 75' lang='grc' dir='ltr'>τινὲς</span> <span class='ocrx_word' id='word_1_495' title='bbox 1540 4363 1638 4407; x_wconf 84' lang='grc' dir='ltr'>τῶν</span> <span class='ocrx_word' id='word_1_496' title='bbox 1679 4351 1766 4406; x_wconf 85' lang='grc' dir='ltr'><strong>δι-</strong></span> 
     </span>
    </p>
   </div>
   <div class='ocr_carea' id='block_1_79' title="bbox 1879 3198 3534 3273">
    <p class='ocr_par' dir='ltr' id='par_1_79' title="bbox 1879 3198 3534 3273">
     <span class='ocr_line' id='line_1_80' title="bbox 1879 3198 3534 3273; baseline 0.004 -21"><span class='ocrx_word' id='word_1_497' title='bbox 1879 3205 1936 3253; x_wconf 90' lang='lat' dir='ltr'><strong>et</strong></span> <span class='ocrx_word' id='word_1_498' title='bbox 1953 3199 2362 3270; x_wconf 85' lang='lat' dir='ltr'><strong>possessiones</strong></span> <span class='ocrx_word' id='word_1_499' title='bbox 2376 3198 2794 3273; x_wconf 85' lang='lat' dir='ltr'><strong>diriperentur,</strong></span> <span class='ocrx_word' id='word_1_500' title='bbox 2809 3216 3017 3258; x_wconf 88' lang='lat' dir='ltr'><strong>curam</strong></span> <span class='ocrx_word' id='word_1_501' title='bbox 3037 3201 3299 3256; x_wconf 82' lang='lat' dir='ltr'><strong>maxime</strong></span> <span class='ocrx_word' id='word_1_502' title='bbox 3317 3216 3534 3272; x_wconf 80' lang='lat' dir='ltr'><strong>genere</strong></span> 
     </span>
    </p>
   </div>
   <div class='ocr_carea' id='block_1_80' title="bbox 1880 3287 3532 3363">
    <p class='ocr_par' dir='ltr' id='par_1_80' title="bbox 1880 3287 3532 3363">
     <span class='ocr_line' id='line_1_81' title="bbox 1880 3287 3532 3363; baseline 0.003 -21"><span class='ocrx_word' id='word_1_503' title='bbox 1880 3287 2100 3352; x_wconf 88' lang='lat' dir='ltr'><strong>decuit,</strong></span> <span class='ocrx_word' id='word_1_504' title='bbox 2145 3288 2468 3360; x_wconf 90' lang='lat' dir='ltr'><strong>procedere</strong></span> <span class='ocrx_word' id='word_1_505' title='bbox 2510 3289 2800 3346; x_wconf 86' lang='lat' dir='ltr'><strong>debuerat</strong></span> <span class='ocrx_word' id='word_1_506' title='bbox 2831 3305 2850 3346; x_wconf 88' lang='lat'><strong>:</strong></span> <span class='ocrx_word' id='word_1_507' title='bbox 2875 3289 3034 3346; x_wconf 87' lang='lat' dir='ltr'><strong>datis</strong></span> <span class='ocrx_word' id='word_1_508' title='bbox 3061 3289 3340 3363; x_wconf 85' lang='lat' dir='ltr'><strong>proximo</strong></span> <span class='ocrx_word' id='word_1_509' title='bbox 3369 3307 3532 3348; x_wconf 91' lang='lat' dir='ltr'><strong>anno</strong></span> 
     </span>
    </p>
   </div>
   <div class='ocr_carea' id='block_1_81' title="bbox 1880 3376 3535 3453">
    <p class='ocr_par' dir='ltr' id='par_1_81' title="bbox 1880 3376 3535 3453">
     <span class='ocr_line' id='line_1_82' title="bbox 1880 3376 3535 3453; baseline 0.002 -20"><span class='ocrx_word' id='word_1_510' title='bbox 1880 3376 1958 3433; x_wconf 88' lang='lat' dir='ltr'><strong>ed</strong></span> <span class='ocrx_word' id='word_1_511' title='bbox 1988 3377 2278 3448; x_wconf 86' lang='lat' dir='ltr'><strong>cujusque</strong></span> <span class='ocrx_word' id='word_1_512' title='bbox 2307 3378 2630 3453; x_wconf 68' lang='lat' dir='ltr'><strong>provincias</strong></span> <span class='ocrx_word' id='word_1_513' title='bbox 2654 3378 2968 3450; x_wconf 71' lang='lat' dir='ltr'><strong>praefectos</strong></span> <span class='ocrx_word' id='word_1_514' title='bbox 2997 3379 3205 3440; x_wconf 87' lang='lat' dir='ltr'><strong>litteris</strong></span> <span class='ocrx_word' id='word_1_515' title='bbox 3229 3381 3535 3436; x_wconf 86' lang='lat' dir='ltr'><strong>constitui-</strong></span> 
     </span>
    </p>
   </div>
   <div class='ocr_carea' id='block_1_82' title="bbox 1881 3464 3535 3538">
    <p class='ocr_par' dir='ltr' id='par_1_82' title="bbox 1881 3464 3535 3538">
     <span class='ocr_line' id='line_1_83' title="bbox 1881 3464 3535 3538; baseline 0.002 -19"><span class='ocrx_word' id='word_1_516' title='bbox 1881 3481 2039 3530; x_wconf 88' lang='lat' dir='ltr'><strong>mus,</strong></span> <span class='ocrx_word' id='word_1_517' title='bbox 2091 3464 2138 3519; x_wconf 88' lang='lat' dir='ltr'><strong>si</strong></span> <span class='ocrx_word' id='word_1_518' title='bbox 2167 3465 2304 3538; x_wconf 90' lang='lat' dir='ltr'><strong>quis</strong></span> <span class='ocrx_word' id='word_1_519' title='bbox 2352 3466 2774 3522; x_wconf 85' lang='lat' dir='ltr'><strong>consuetudini</strong></span> <span class='ocrx_word' id='word_1_520' title='bbox 2832 3466 2931 3530; x_wconf 88' lang='lat' dir='ltr'><strong>tali</strong></span> <span class='ocrx_word' id='word_1_521' title='bbox 2977 3472 3081 3522; x_wconf 85' lang='lat' dir='ltr'><strong>aut</strong></span> <span class='ocrx_word' id='word_1_522' title='bbox 3124 3467 3535 3523; x_wconf 88' lang='lat' dir='ltr'><strong>observationi</strong></span> 
     </span>
    </p>
   </div>
   <div class='ocr_carea' id='block_1_83' title="bbox 1879 3553 3536 3621">
    <p class='ocr_par' dir='ltr' id='par_1_83' title="bbox 1879 3553 3536 3621">
     <span class='ocr_line' id='line_1_84' title="bbox 1879 3553 3536 3621; baseline 0.003 -12"><span class='ocrx_word' id='word_1_523' title='bbox 1879 3553 2073 3610; x_wconf 88' lang='lat' dir='ltr'><strong>cultus</strong></span> <span class='ocrx_word' id='word_1_524' title='bbox 2103 3553 2468 3620; x_wconf 78' lang='lat' dir='ltr'><strong>eiuscemodi</strong></span> <span class='ocrx_word' id='word_1_525' title='bbox 2514 3554 2818 3611; x_wconf 68' lang='lat' dir='ltr'><strong>adhaerere</strong></span> <span class='ocrx_word' id='word_1_526' title='bbox 2845 3555 3038 3621; x_wconf 88' lang='lat' dir='ltr'><strong>vellet,</strong></span> <span class='ocrx_word' id='word_1_527' title='bbox 3072 3561 3136 3612; x_wconf 89' lang='lat' dir='ltr'><strong>ut</strong></span> <span class='ocrx_word' id='word_1_528' title='bbox 3171 3557 3221 3611; x_wconf 89' lang='lat' dir='ltr'><strong>is</strong></span> <span class='ocrx_word' id='word_1_529' title='bbox 3248 3555 3416 3613; x_wconf 89' lang='lat' dir='ltr'><strong>nullo</strong></span> <span class='ocrx_word' id='word_1_530' title='bbox 3445 3557 3536 3614; x_wconf 85' lang='lat' dir='ltr'><strong>in-</strong></span> 
     </span>
    </p>
   </div>
   <div class='ocr_carea' id='block_1_84' title="bbox 1879 3642 3528 3722">
    <p class='ocr_par' dir='ltr' id='par_1_84' title="bbox 1879 3642 3528 3722">
     <span class='ocr_line' id='line_1_85' title="bbox 1879 3642 3528 3722; baseline 0.003 -23"><span class='ocrx_word' id='word_1_531' title='bbox 1879 3642 2161 3722; x_wconf 88' lang='lat' dir='ltr'><strong>terposito</strong></span> <span class='ocrx_word' id='word_1_532' title='bbox 2205 3642 2639 3714; x_wconf 88' lang='lat' dir='ltr'><strong>impedimento</strong></span> <span class='ocrx_word' id='word_1_533' title='bbox 2669 3645 3042 3716; x_wconf 89' lang='lat' dir='ltr'><strong>propositum</strong></span> <span class='ocrx_word' id='word_1_534' title='bbox 3075 3661 3252 3700; x_wconf 90' lang='lat' dir='ltr'><strong>suum</strong></span> <span class='ocrx_word' id='word_1_535' title='bbox 3284 3649 3528 3714; x_wconf 86' lang='lat' dir='ltr'><strong>teneret,</strong></span> 
     </span>
    </p>
   </div>
   <div class='ocr_carea' id='block_1_85' title="bbox 1878 3731 3530 3806">
    <p class='ocr_par' dir='ltr' id='par_1_85' title="bbox 1878 3731 3530 3806">
     <span class='ocr_line' id='line_1_86' title="bbox 1878 3731 3530 3806; baseline 0.002 -20"><span class='ocrx_word' id='word_1_536' title='bbox 1878 3746 2073 3802; x_wconf 89' lang='lat' dir='ltr'><strong>neque</strong></span> <span class='ocrx_word' id='word_1_537' title='bbox 2103 3746 2139 3786; x_wconf 88' lang='lat' dir='ltr'><strong>a</strong></span> <span class='ocrx_word' id='word_1_538' title='bbox 2163 3731 2474 3802; x_wconf 89' lang='lat' dir='ltr'><strong>quopiam,</strong></span> <span class='ocrx_word' id='word_1_539' title='bbox 2506 3733 2832 3802; x_wconf 87' lang='lat' dir='ltr'><strong>quominus</strong></span> <span class='ocrx_word' id='word_1_540' title='bbox 2857 3732 3028 3788; x_wconf 80' lang='lat' dir='ltr'><strong>facile</strong></span> <span class='ocrx_word' id='word_1_541' title='bbox 3055 3732 3286 3806; x_wconf 86' lang='lat' dir='ltr'><strong>absque</strong></span> <span class='ocrx_word' id='word_1_542' title='bbox 3316 3733 3530 3790; x_wconf 89' lang='lat' dir='ltr'><strong>timore</strong></span> 
     </span>
    </p>
   </div>
   <div class='ocr_carea' id='block_1_86' title="bbox 1877 3819 3532 3896">
    <p class='ocr_par' dir='ltr' id='par_1_86' title="bbox 1877 3819 3532 3896">
     <span class='ocr_line' id='line_1_87' title="bbox 1877 3819 3532 3896; baseline 0.003 -22"><span class='ocrx_word' id='word_1_543' title='bbox 1877 3825 1934 3875; x_wconf 93' lang='lat' dir='ltr'><strong>et</strong></span> <span class='ocrx_word' id='word_1_544' title='bbox 1965 3819 2384 3890; x_wconf 89' lang='lat' dir='ltr'><strong>superstitione</strong></span> <span class='ocrx_word' id='word_1_545' title='bbox 2411 3821 2598 3889; x_wconf 89' lang='lat' dir='ltr'><strong>omni,</strong></span> <span class='ocrx_word' id='word_1_546' title='bbox 2615 3821 2782 3894; x_wconf 91' lang='lat' dir='ltr'><strong>quod</strong></span> <span class='ocrx_word' id='word_1_547' title='bbox 2802 3821 3018 3896; x_wconf 87' lang='lat' dir='ltr'><strong>cuique</strong></span> <span class='ocrx_word' id='word_1_548' title='bbox 3039 3821 3360 3894; x_wconf 84' lang='lat' dir='ltr'><strong>placuisset</strong></span> <span class='ocrx_word' id='word_1_549' title='bbox 3378 3822 3532 3878; x_wconf 89' lang='lat' dir='ltr'><strong>face-</strong></span> 
     </span>
    </p>
   </div>
   <div class='ocr_carea' id='block_1_87' title="bbox 1877 3908 3529 3984">
    <p class='ocr_par' dir='ltr' id='par_1_87' title="bbox 1877 3908 3529 3984">
     <span class='ocr_line' id='line_1_88' title="bbox 1877 3908 3529 3984; baseline 0.004 -22"><span class='ocrx_word' id='word_1_550' title='bbox 1877 3915 1980 3974; x_wconf 88' lang='lat' dir='ltr'><strong>ret,</strong></span> <span class='ocrx_word' id='word_1_551' title='bbox 2015 3908 2443 3981; x_wconf 87' lang='lat' dir='ltr'><strong>prohiberetur.</strong></span> <span class='ocrx_word' id='word_1_552' title='bbox 2473 3910 2760 3969; x_wconf 73' lang='lat' dir='ltr'><strong>Casterum</strong></span> <span class='ocrx_word' id='word_1_553' title='bbox 2791 3925 2867 3966; x_wconf 89' lang='lat' dir='ltr'><strong>ne</strong></span> <span class='ocrx_word' id='word_1_554' title='bbox 2888 3925 3050 3966; x_wconf 92' lang='lat' dir='ltr'><strong>nunc</strong></span> <span class='ocrx_word' id='word_1_555' title='bbox 3074 3911 3321 3984; x_wconf 89' lang='lat' dir='ltr'><strong>quidem</strong></span> <span class='ocrx_word' id='word_1_556' title='bbox 3346 3911 3529 3968; x_wconf 89' lang='lat' dir='ltr'><strong>latere</strong></span> 
     </span>
    </p>
   </div>
   <div class='ocr_carea' id='block_1_88' title="bbox 1875 3996 3530 4071">
    <p class='ocr_par' dir='ltr' id='par_1_88' title="bbox 1875 3996 3530 4071">
     <span class='ocr_line' id='line_1_89' title="bbox 1875 3996 3530 4071; baseline 0.001 -18"><span class='ocrx_word' id='word_1_557' title='bbox 1875 4013 1986 4053; x_wconf 85' lang='lat' dir='ltr'><strong>nos</strong></span> <span class='ocrx_word' id='word_1_558' title='bbox 2013 3999 2220 4069; x_wconf 89' lang='lat' dir='ltr'><strong>potuit,</strong></span> <span class='ocrx_word' id='word_1_559' title='bbox 2237 3996 2474 4068; x_wconf 88' lang='lat' dir='ltr'><strong>judices</strong></span> <span class='ocrx_word' id='word_1_560' title='bbox 2496 3999 2797 4070; x_wconf 90' lang='lat' dir='ltr'><strong>quosdam</strong></span> <span class='ocrx_word' id='word_1_561' title='bbox 2821 3999 3125 4071; x_wconf 81' lang='lat' dir='ltr'><strong>jussiones</strong></span> <span class='ocrx_word' id='word_1_562' title='bbox 3147 4005 3388 4056; x_wconf 87' lang='lat' dir='ltr'><strong>nostras</strong></span> <span class='ocrx_word' id='word_1_563' title='bbox 3408 4015 3530 4056; x_wconf 92' lang='lat' dir='ltr'><strong>non</strong></span> 
     </span>
    </p>
   </div>
   <div class='ocr_carea' id='block_1_89' title="bbox 1874 4086 3530 4160">
    <p class='ocr_par' dir='ltr' id='par_1_89' title="bbox 1874 4086 3530 4160">
     <span class='ocr_line' id='line_1_90' title="bbox 1874 4086 3530 4160; baseline 0.003 -20"><span class='ocrx_word' id='word_1_564' title='bbox 1874 4091 2029 4142; x_wconf 86' lang='lat' dir='ltr'><strong>recte</strong></span> <span class='ocrx_word' id='word_1_565' title='bbox 2059 4086 2364 4158; x_wconf 85' lang='lat' dir='ltr'><strong>accepisse</strong></span> <span class='ocrx_word' id='word_1_566' title='bbox 2398 4102 2411 4141; x_wconf 91' lang='lat'><strong>:</strong></span> <span class='ocrx_word' id='word_1_567' title='bbox 2443 4092 2812 4160; x_wconf 88' lang='lat' dir='ltr'><strong>quapropter</strong></span> <span class='ocrx_word' id='word_1_568' title='bbox 2843 4087 3087 4154; x_wconf 85' lang='lat' dir='ltr'><strong>factum,</strong></span> <span class='ocrx_word' id='word_1_569' title='bbox 3119 4095 3184 4144; x_wconf 90' lang='lat' dir='ltr'><strong>ut</strong></span> <span class='ocrx_word' id='word_1_570' title='bbox 3211 4089 3287 4144; x_wconf 88' lang='lat' dir='ltr'><strong>de</strong></span> <span class='ocrx_word' id='word_1_571' title='bbox 3307 4089 3391 4145; x_wconf 87' lang='lat' dir='ltr'><strong>eis</strong></span> <span class='ocrx_word' id='word_1_572' title='bbox 3422 4089 3530 4145; x_wconf 89' lang='lat' dir='ltr'><strong>ho-</strong></span> 
     </span>
    </p>
   </div>
   <div class='ocr_carea' id='block_1_90' title="bbox 1878 4174 3530 4250">
    <p class='ocr_par' dir='ltr' id='par_1_90' title="bbox 1878 4174 3530 4250">
     <span class='ocr_line' id='line_1_91' title="bbox 1878 4174 3530 4250; baseline 0.003 -22"><span class='ocrx_word' id='word_1_573' title='bbox 1878 4177 2066 4229; x_wconf 88' lang='lat' dir='ltr'><strong>mines</strong></span> <span class='ocrx_word' id='word_1_574' title='bbox 2112 4174 2300 4230; x_wconf 89' lang='lat' dir='ltr'><strong>nostri</strong></span> <span class='ocrx_word' id='word_1_575' title='bbox 2351 4174 2662 4231; x_wconf 85' lang='lat' dir='ltr'><strong>dissentire</strong></span> <span class='ocrx_word' id='word_1_576' title='bbox 2691 4176 3002 4248; x_wconf 72' lang='lat' dir='ltr'><strong>cmperint,</strong></span> <span class='ocrx_word' id='word_1_577' title='bbox 3056 4176 3393 4250; x_wconf 88' lang='lat' dir='ltr'><strong>lentiusque</strong></span> <span class='ocrx_word' id='word_1_578' title='bbox 3449 4177 3530 4234; x_wconf 90' lang='lat' dir='ltr'><strong>ad</strong></span> 
     </span>
    </p>
   </div>
   <div class='ocr_carea' id='block_1_91' title="bbox 1874 4264 3519 4337">
    <p class='ocr_par' dir='ltr' id='par_1_91' title="bbox 1874 4264 3519 4337">
     <span class='ocr_line' id='line_1_92' title="bbox 1874 4264 3519 4337; baseline 0.002 -19"><span class='ocrx_word' id='word_1_579' title='bbox 1874 4264 2189 4334; x_wconf 85' lang='lat' dir='ltr'><strong>religiones</strong></span> <span class='ocrx_word' id='word_1_580' title='bbox 2220 4279 2321 4320; x_wconf 86' lang='lat' dir='ltr'><strong>eas</strong></span> <span class='ocrx_word' id='word_1_581' title='bbox 2371 4279 2524 4336; x_wconf 87' lang='lat' dir='ltr'><strong>quas</strong></span> <span class='ocrx_word' id='word_1_582' title='bbox 2552 4265 2666 4337; x_wconf 89' lang='lat' dir='ltr'><strong>ipsi</strong></span> <span class='ocrx_word' id='word_1_583' title='bbox 2703 4265 3089 4336; x_wconf 85' lang='lat' dir='ltr'><strong>probassent,</strong></span> <span class='ocrx_word' id='word_1_584' title='bbox 3135 4266 3519 4322; x_wconf 85' lang='lat' dir='ltr'><strong>accesserint.</strong></span> 
     </span>
    </p>
   </div>
   <div class='ocr_carea' id='block_1_92' title="bbox 1877 4352 3530 4426">
    <p class='ocr_par' dir='ltr' id='par_1_92' title="bbox 1877 4352 3530 4426">
     <span class='ocr_line' id='line_1_93' title="bbox 1877 4352 3530 4426; baseline 0 -18"><span class='ocrx_word' id='word_1_585' title='bbox 1877 4355 1990 4408; x_wconf 93' lang='lat' dir='ltr'><strong>Sed</strong></span> <span class='ocrx_word' id='word_1_586' title='bbox 2020 4352 2178 4407; x_wconf 88' lang='lat' dir='ltr'><strong>enim</strong></span> <span class='ocrx_word' id='word_1_587' title='bbox 2200 4357 2262 4408; x_wconf 92' lang='lat' dir='ltr'><strong>ut</strong></span> <span class='ocrx_word' id='word_1_588' title='bbox 2282 4352 2561 4426; x_wconf 89' lang='lat' dir='ltr'><strong>deinceps</strong></span> <span class='ocrx_word' id='word_1_589' title='bbox 2578 4355 2777 4408; x_wconf 88' lang='lat' dir='ltr'><strong>omnis</strong></span> <span class='ocrx_word' id='word_1_590' title='bbox 2802 4357 3021 4420; x_wconf 86' lang='lat' dir='ltr'><strong>metus,</strong></span> <span class='ocrx_word' id='word_1_591' title='bbox 3053 4353 3321 4426; x_wconf 89' lang='lat' dir='ltr'><strong>suspicio</strong></span> <span class='ocrx_word' id='word_1_592' title='bbox 3342 4360 3398 4410; x_wconf 91' lang='lat' dir='ltr'><strong>et</strong></span> <span class='ocrx_word' id='word_1_593' title='bbox 3421 4354 3530 4409; x_wconf 80' lang='lat' dir='ltr'><strong>du-</strong></span> 
     </span>
    </p>
   </div>
   <div class='ocr_carea' id='block_1_93' title="bbox 161 4442 1769 4520">
    <p class='ocr_par' dir='ltr' id='par_1_93' title="bbox 161 4443 1760 4520">
     <span class='ocr_line' id='line_1_94' title="bbox 161 4443 1760 4520; baseline -0.001 -24"><span class='ocrx_word' id='word_1_594' title='bbox 161 4453 376 4496; x_wconf 85' lang='grc' dir='ltr'>καστῶν</span> <span class='ocrx_word' id='word_1_595' title='bbox 441 4445 884 4520; x_wconf 80' lang='grc' dir='ltr'>παρενεθυμουντο</span> <span class='ocrx_word' id='word_1_596' title='bbox 957 4445 1053 4505; x_wconf 81' lang='grc' dir='ltr'>τὰς</span> <span class='ocrx_word' id='word_1_597' title='bbox 1134 4445 1387 4516; x_wconf 85' lang='grc' dir='ltr'>ἡμετέρας</span> <span class='ocrx_word' id='word_1_598' title='bbox 1457 4443 1716 4504; x_wconf 79' lang='grc' dir='ltr'>κελεύσεις</span> <span class='ocrx_word' id='word_1_599' title='bbox 1746 4461 1760 4474; x_wconf 90' lang='grc'><strong>·</strong></span> 
     </span>
    </p>
   </div>
   <div class='ocr_carea' id='block_1_94' title="bbox 1881 4442 3532 4520">
    <p class='ocr_par' dir='ltr' id='par_1_94' title="bbox 1881 4442 3532 4514">
     <span class='ocr_line' id='line_1_95' title="bbox 1881 4442 3532 4514; baseline 0.001 -17"><span class='ocrx_word' id='word_1_600' title='bbox 1881 4442 2080 4498; x_wconf 88' lang='lat' dir='ltr'><strong>bitatio</strong></span> <span class='ocrx_word' id='word_1_601' title='bbox 2112 4442 2491 4512; x_wconf 59' lang='lat' dir='ltr'><strong>praecidatur,</strong></span> <span class='ocrx_word' id='word_1_602' title='bbox 2516 4443 2998 4498; x_wconf 89' lang='lat' dir='ltr'><strong>constitutionem</strong></span> <span class='ocrx_word' id='word_1_603' title='bbox 3021 4449 3376 4514; x_wconf 72' lang='lat' dir='ltr'><strong>prtesentem</strong></span> <span class='ocrx_word' id='word_1_604' title='bbox 3394 4459 3532 4514; x_wconf 84' lang='lat' dir='ltr'><strong>pro-</strong></span> 
     </span>
    </p>
   </div>
   <div class='ocr_carea' id='block_1_95' title="bbox 158 4529 1766 4607">
    <p class='ocr_par' dir='ltr' id='par_1_95' title="bbox 158 4529 1766 4607">
     <span class='ocr_line' id='line_1_96' title="bbox 158 4529 1766 4607; baseline -0.001 -21"><span class='ocrx_word' id='word_1_605' title='bbox 158 4537 254 4586; x_wconf 74' lang='grc' dir='ltr'>καὶ</span> <span class='ocrx_word' id='word_1_606' title='bbox 316 4529 590 4593; x_wconf 79' lang='grc' dir='ltr'>διστάζειν</span> <span class='ocrx_word' id='word_1_607' title='bbox 645 4536 762 4592; x_wconf 83' lang='grc' dir='ltr'>τοὺς</span> <span class='ocrx_word' id='word_1_608' title='bbox 817 4533 1097 4606; x_wconf 82' lang='grc' dir='ltr'>ἡμετέρους</span> <span class='ocrx_word' id='word_1_609' title='bbox 1161 4531 1463 4606; x_wconf 78' lang='grc' dir='ltr'>ἀνθρώπους</span> <span class='ocrx_word' id='word_1_610' title='bbox 1527 4539 1645 4607; x_wconf 86' lang='grc' dir='ltr'>περὶ</span> <span class='ocrx_word' id='word_1_611' title='bbox 1699 4534 1766 4584; x_wconf 81' lang='grc' dir='ltr'>τὰ</span> 
     </span>
    </p>
   </div>
   <div class='ocr_carea' id='block_1_96' title="bbox 156 4622 1764 4706">
    <p class='ocr_par' dir='ltr' id='par_1_96' title="bbox 156 4622 1764 4706">
     <span class='ocr_line' id='line_1_97' title="bbox 156 4622 1764 4706; baseline -0.002 -31"><span class='ocrx_word' id='word_1_612' title='bbox 156 4623 553 4706; x_wconf 82' lang='grc' dir='ltr'>προστάγματα</span> <span class='ocrx_word' id='word_1_613' title='bbox 603 4623 671 4674; x_wconf 77' lang='grc' dir='ltr'>τὰ</span> <span class='ocrx_word' id='word_1_614' title='bbox 727 4622 953 4694; x_wconf 80' lang='grc' dir='ltr'>ἡμέτερα</span> <span class='ocrx_word' id='word_1_615' title='bbox 1007 4624 1440 4700; x_wconf 74' lang='grc' dir='ltr'>παρεσκεύασαν·</span> <span class='ocrx_word' id='word_1_616' title='bbox 1473 4627 1563 4674; x_wconf 88' lang='grc' dir='ltr'><strong>καὶ</strong></span> <span class='ocrx_word' id='word_1_617' title='bbox 1611 4627 1764 4679; x_wconf 84' lang='grc' dir='ltr'>οκνη-</span> 
     </span>
    </p>
   </div>
   <div class='ocr_carea' id='block_1_97' title="bbox 153 4711 1766 4790">
    <p class='ocr_par' dir='ltr' id='par_1_97' title="bbox 153 4711 1766 4790">
     <span class='ocr_line' id='line_1_98' title="bbox 153 4711 1766 4790; baseline -0.001 -27"><span class='ocrx_word' id='word_1_618' title='bbox 153 4718 376 4790; x_wconf 86' lang='grc' dir='ltr'>ρότερον</span> <span class='ocrx_word' id='word_1_619' title='bbox 463 4715 733 4784; x_wconf 77' lang='grc' dir='ltr'>προσιέναι</span> <span class='ocrx_word' id='word_1_620' title='bbox 812 4712 1027 4770; x_wconf 85' lang='grc' dir='ltr'>ταύταις</span> <span class='ocrx_word' id='word_1_621' title='bbox 1112 4717 1225 4770; x_wconf 85' lang='grc' dir='ltr'>ταῖς</span> <span class='ocrx_word' id='word_1_622' title='bbox 1305 4713 1630 4782; x_wconf 80' lang='grc' dir='ltr'>θρησκείαις,</span> <span class='ocrx_word' id='word_1_623' title='bbox 1681 4711 1766 4770; x_wconf 79' lang='grc' dir='ltr'>αἷς</span> 
     </span>
    </p>
   </div>
   <div class='ocr_carea' id='block_1_98' title="bbox 155 4794 1763 4874">
    <p class='ocr_par' dir='ltr' id='par_1_98' title="bbox 155 4794 1763 4874">
     <span class='ocr_line' id='line_1_99' title="bbox 155 4794 1763 4874; baseline 0 -22"><span class='ocrx_word' id='word_1_624' title='bbox 155 4794 224 4859; x_wconf 75' lang='grc' dir='ltr'><strong>ἧν</strong></span> <span class='ocrx_word' id='word_1_625' title='bbox 301 4799 519 4874; x_wconf 78' lang='grc' dir='ltr'>ἀρεστὸν</span> <span class='ocrx_word' id='word_1_626' title='bbox 598 4803 774 4861; x_wconf 69' lang='grc' dir='ltr'>αὐτοῖς</span> <span class='ocrx_word' id='word_1_627' title='bbox 833 4796 1106 4856; x_wconf 75' lang='grc' dir='ltr'>ἓποίησαν.</span> <span class='ocrx_word' id='word_1_628' title='bbox 1182 4797 1294 4852; x_wconf 81' lang='grc' dir='ltr'>Ἵνα</span> <span class='ocrx_word' id='word_1_629' title='bbox 1351 4805 1521 4851; x_wconf 89' lang='grc' dir='ltr'>τοίνυν</span> <span class='ocrx_word' id='word_1_630' title='bbox 1592 4800 1658 4860; x_wconf 86' lang='grc' dir='ltr'><strong>εἰς</strong></span> <span class='ocrx_word' id='word_1_631' title='bbox 1704 4803 1763 4852; x_wconf 86' lang='grc' dir='ltr'>τὸ</span> 
     </span>
    </p>
   </div>
   <div class='ocr_carea' id='block_1_99' title="bbox 149 4887 1762 4964">
    <p class='ocr_par' dir='ltr' id='par_1_99' title="bbox 149 4887 1762 4964">
     <span class='ocr_line' id='line_1_100' title="bbox 149 4887 1762 4964; baseline -0.002 -21"><span class='ocrx_word' id='word_1_632' title='bbox 149 4889 285 4952; x_wconf 71' lang='grc' dir='ltr'><strong>ἑξῆς</strong></span> <span class='ocrx_word' id='word_1_633' title='bbox 331 4895 480 4942; x_wconf 82' lang='grc' dir='ltr'>πᾶσα</span> <span class='ocrx_word' id='word_1_634' title='bbox 529 4888 735 4960; x_wconf 75' lang='grc' dir='ltr'>ὑποψία</span> <span class='ocrx_word' id='word_1_635' title='bbox 770 4896 863 4942; x_wconf 83' lang='grc' dir='ltr'>τοῦ</span> <span class='ocrx_word' id='word_1_636' title='bbox 910 4889 1069 4961; x_wconf 71' lang='grc' dir='ltr'>φόϐου</span> <span class='ocrx_word' id='word_1_637' title='bbox 1122 4893 1212 4941; x_wconf 82' lang='grc' dir='ltr'><strong>καὶ</strong></span> <span class='ocrx_word' id='word_1_638' title='bbox 1251 4887 1536 4961; x_wconf 75' lang='grc' dir='ltr'>ἀμφιϐολία</span> <span class='ocrx_word' id='word_1_639' title='bbox 1563 4909 1762 4964; x_wconf 86' lang='grc' dir='ltr'>περιαι-</span> 
     </span>
    </p>
   </div>
   <div class='ocr_carea' id='block_1_100' title="bbox 145 4974 1766 5050">
    <p class='ocr_par' dir='ltr' id='par_1_100' title="bbox 145 4974 1766 5050">
     <span class='ocr_line' id='line_1_101' title="bbox 145 4974 1766 5050; baseline -0.002 -19"><span class='ocrx_word' id='word_1_640' title='bbox 145 4981 311 5050; x_wconf 76' lang='grc' dir='ltr'>ρεθῇ,</span> <span class='ocrx_word' id='word_1_641' title='bbox 363 4984 518 5030; x_wconf 80' lang='grc' dir='ltr'>τοῦτο</span> <span class='ocrx_word' id='word_1_642' title='bbox 563 4980 620 5030; x_wconf 87' lang='grc' dir='ltr'>τὸ</span> <span class='ocrx_word' id='word_1_643' title='bbox 687 4974 961 5048; x_wconf 80' lang='grc' dir='ltr'>διάταγμα</span> <span class='ocrx_word' id='word_1_644' title='bbox 1021 4979 1335 5050; x_wconf 82' lang='grc' dir='ltr'>προτεθῆναι</span> <span class='ocrx_word' id='word_1_645' title='bbox 1384 4979 1766 5049; x_wconf 71' lang='grc' dir='ltr'>ἐνομοθετήσα-</span> 
     </span>
    </p>
   </div>
   <div class='ocr_carea' id='block_1_101' title="bbox 144 5057 1763 5140">
    <p class='ocr_par' dir='ltr' id='par_1_101' title="bbox 144 5057 1763 5140">
     <span class='ocr_line' id='line_1_102' title="bbox 144 5057 1763 5140; baseline -0.001 -23"><span class='ocrx_word' id='word_1_646' title='bbox 144 5085 251 5140; x_wconf 81' lang='grc' dir='ltr'><strong>μεν</strong></span> <span class='ocrx_word' id='word_1_647' title='bbox 289 5083 300 5096; x_wconf 92' lang='grc'><strong>·</strong></span> <span class='ocrx_word' id='word_1_648' title='bbox 359 5066 444 5117; x_wconf 89' lang='grc' dir='ltr'>ἶνα</span> <span class='ocrx_word' id='word_1_649' title='bbox 496 5070 630 5118; x_wconf 86' lang='grc' dir='ltr'>πᾶσι</span> <span class='ocrx_word' id='word_1_650' title='bbox 697 5063 854 5126; x_wconf 81' lang='grc' dir='ltr'>δῆλον</span> <span class='ocrx_word' id='word_1_651' title='bbox 907 5057 1142 5136; x_wconf 78' lang='grc' dir='ltr'>γένηται,</span> <span class='ocrx_word' id='word_1_652' title='bbox 1193 5065 1377 5128; x_wconf 75' lang='grc' dir='ltr'>ἂξείναὶ</span> <span class='ocrx_word' id='word_1_653' title='bbox 1431 5069 1652 5130; x_wconf 84' lang='grc' dir='ltr'>τούτοις,</span> <span class='ocrx_word' id='word_1_654' title='bbox 1685 5066 1763 5116; x_wconf 79' lang='grc' dir='ltr'><strong>οἶ-</strong></span> 
     </span>
    </p>
   </div>
   <div class='ocr_carea' id='block_1_102' title="bbox 143 5155 1764 5230">
    <p class='ocr_par' dir='ltr' id='par_1_102' title="bbox 143 5155 1764 5230">
     <span class='ocr_line' id='line_1_103' title="bbox 143 5155 1764 5230; baseline 0 -24"><span class='ocrx_word' id='word_1_655' title='bbox 143 5173 296 5215; x_wconf 83' lang='grc' dir='ltr'>τινες</span> <span class='ocrx_word' id='word_1_656' title='bbox 361 5158 558 5218; x_wconf 79' lang='grc' dir='ltr'>ταύτην</span> <span class='ocrx_word' id='word_1_657' title='bbox 607 5159 700 5214; x_wconf 81' lang='grc' dir='ltr'>τὴν</span> <span class='ocrx_word' id='word_1_658' title='bbox 759 5155 960 5230; x_wconf 82' lang='grc' dir='ltr'>αἰρεσιν</span> <span class='ocrx_word' id='word_1_659' title='bbox 1007 5160 1098 5206; x_wconf 86' lang='grc' dir='ltr'>καὶ</span> <span class='ocrx_word' id='word_1_660' title='bbox 1138 5159 1230 5213; x_wconf 82' lang='grc' dir='ltr'>τὴν</span> <span class='ocrx_word' id='word_1_661' title='bbox 1286 5157 1566 5228; x_wconf 86' lang='grc' dir='ltr'>θρησκείαν</span> <span class='ocrx_word' id='word_1_662' title='bbox 1597 5158 1764 5226; x_wconf 79' lang='grc' dir='ltr'>μετιέ-</span> 
     </span>
    </p>
   </div>
   <div class='ocr_carea' id='block_1_103' title="bbox 140 5242 1759 5324">
    <p class='ocr_par' dir='ltr' id='par_1_103' title="bbox 140 5242 1759 5324">
     <span class='ocr_line' id='line_1_104' title="bbox 140 5242 1759 5324; baseline -0.001 -27"><span class='ocrx_word' id='word_1_663' title='bbox 140 5255 242 5297; x_wconf 76' lang='grc' dir='ltr'>ναι.</span> <span class='ocrx_word' id='word_1_664' title='bbox 305 5243 606 5324; x_wconf 80' lang='grc' dir='ltr'>βούλονται,</span> <span class='ocrx_word' id='word_1_665' title='bbox 673 5243 727 5296; x_wconf 76' lang='grc' dir='ltr'>ἔκ</span> <span class='ocrx_word' id='word_1_666' title='bbox 775 5246 972 5304; x_wconf 85' lang='grc' dir='ltr'>ταύτης</span> <span class='ocrx_word' id='word_1_667' title='bbox 1013 5252 1110 5306; x_wconf 82' lang='grc' dir='ltr'>τῆς</span> <span class='ocrx_word' id='word_1_668' title='bbox 1135 5242 1332 5319; x_wconf 75' lang='grc' dir='ltr'>δωρεᾶς</span> <span class='ocrx_word' id='word_1_669' title='bbox 1371 5252 1464 5306; x_wconf 84' lang='grc' dir='ltr'>τῆς</span> <span class='ocrx_word' id='word_1_670' title='bbox 1491 5245 1759 5317; x_wconf 79' lang='grc' dir='ltr'>ἡμετέρας,</span> 
     </span>
    </p>
   </div>
   <div class='ocr_carea' id='block_1_104' title="bbox 139 5330 1766 5407">
    <p class='ocr_par' dir='ltr' id='par_1_104' title="bbox 139 5330 1766 5407">
     <span class='ocr_line' id='line_1_105' title="bbox 139 5330 1766 5407; baseline -0.001 -21"><span class='ocrx_word' id='word_1_671' title='bbox 139 5335 339 5395; x_wconf 76' lang='grc' dir='ltr'>καθὼς</span> <span class='ocrx_word' id='word_1_672' title='bbox 386 5334 602 5396; x_wconf 78' lang='grc' dir='ltr'>ἕκαστος</span> <span class='ocrx_word' id='word_1_673' title='bbox 655 5331 922 5407; x_wconf 81' lang='grc' dir='ltr'>βούλεται,</span> <span class='ocrx_word' id='word_1_674' title='bbox 979 5334 1010 5391; x_wconf 85' lang='grc' dir='ltr'><strong>ἡ</strong></span> <span class='ocrx_word' id='word_1_675' title='bbox 1068 5330 1174 5392; x_wconf 84' lang='grc' dir='ltr'>ἡδύ</span> <span class='ocrx_word' id='word_1_676' title='bbox 1217 5333 1358 5406; x_wconf 76' lang='grc' dir='ltr'>αὐτῷ</span> <span class='ocrx_word' id='word_1_677' title='bbox 1419 5336 1582 5400; x_wconf 81' lang='grc' dir='ltr'>ἐστιν,</span> <span class='ocrx_word' id='word_1_678' title='bbox 1631 5333 1766 5385; x_wconf 73' lang='grc' dir='ltr'>οὕτω</span> 
     </span>
    </p>
   </div>
   <div class='ocr_carea' id='block_1_105' title="bbox 139 5421 1766 5498">
    <p class='ocr_par' dir='ltr' id='par_1_105' title="bbox 139 5421 1766 5498">
     <span class='ocr_line' id='line_1_106' title="bbox 139 5421 1766 5498; baseline -0.001 -21"><span class='ocrx_word' id='word_1_679' title='bbox 139 5427 436 5497; x_wconf 79' lang='grc' dir='ltr'>προσιέναι</span> <span class='ocrx_word' id='word_1_680' title='bbox 498 5431 562 5494; x_wconf 74' lang='grc' dir='ltr'><strong>τῇ</strong></span> <span class='ocrx_word' id='word_1_681' title='bbox 619 5425 877 5498; x_wconf 78' lang='grc' dir='ltr'>θρησκεία</span> <span class='ocrx_word' id='word_1_682' title='bbox 940 5425 1129 5498; x_wconf 72' lang='grc' dir='ltr'>ταύτῃ,</span> <span class='ocrx_word' id='word_1_683' title='bbox 1199 5421 1260 5481; x_wconf 82' lang='grc' dir='ltr'><strong>ἢν</strong></span> <span class='ocrx_word' id='word_1_684' title='bbox 1326 5422 1380 5485; x_wconf 78' lang='grc' dir='ltr'><strong>ἐξ</strong></span> <span class='ocrx_word' id='word_1_685' title='bbox 1439 5425 1586 5484; x_wconf 78' lang='grc' dir='ltr'>ἔθους</span> <span class='ocrx_word' id='word_1_686' title='bbox 1641 5425 1766 5496; x_wconf 84' lang='grc' dir='ltr'>θρη-</span> 
     </span>
    </p>
   </div>
   <div class='ocr_carea' id='block_1_106' title="bbox 1875 4529 3528 4602">
    <p class='ocr_par' dir='ltr' id='par_1_106' title="bbox 1875 4529 3528 4602">
     <span class='ocr_line' id='line_1_107' title="bbox 1875 4529 3528 4602; baseline 0 -16"><span class='ocrx_word' id='word_1_687' title='bbox 1875 4529 2714 4602; x_wconf 86' lang='lat' dir='ltr'><strong>ponivoluimus,utomnibus</strong></span> <span class='ocrx_word' id='word_1_688' title='bbox 2728 4531 3022 4586; x_wconf 88' lang='lat' dir='ltr'><strong>sitnotum</strong></span> <span class='ocrx_word' id='word_1_689' title='bbox 3039 4547 3108 4586; x_wconf 87' lang='lat' dir='ltr'><strong>ac</strong></span> <span class='ocrx_word' id='word_1_690' title='bbox 3121 4531 3528 4598; x_wconf 86' lang='lat' dir='ltr'><strong>manifestum,</strong></span> 
     </span>
    </p>
   </div>
   <div class='ocr_carea' id='block_1_107' title="bbox 1873 4619 3530 4692">
    <p class='ocr_par' dir='ltr' id='par_1_107' title="bbox 1873 4619 3530 4692">
     <span class='ocr_line' id='line_1_108' title="bbox 1873 4619 3530 4692; baseline 0.002 -19"><span class='ocrx_word' id='word_1_691' title='bbox 1873 4619 2218 4690; x_wconf 89' lang='lat' dir='ltr'><strong>quicunque</strong></span> <span class='ocrx_word' id='word_1_692' title='bbox 2250 4623 2472 4674; x_wconf 83' lang='lat' dir='ltr'><strong>sectam</strong></span> <span class='ocrx_word' id='word_1_693' title='bbox 2503 4619 2975 4692; x_wconf 85' lang='lat' dir='ltr'><strong>religionemque</strong></span> <span class='ocrx_word' id='word_1_694' title='bbox 3005 4620 3182 4676; x_wconf 88' lang='lat' dir='ltr'><strong>istam</strong></span> <span class='ocrx_word' id='word_1_695' title='bbox 3213 4619 3530 4692; x_wconf 88' lang='lat' dir='ltr'><strong>complecti</strong></span> 
     </span>
    </p>
   </div>
   <div class='ocr_carea' id='block_1_108' title="bbox 1873 4706 3529 4776">
    <p class='ocr_par' dir='ltr' id='par_1_108' title="bbox 1873 4706 3529 4776">
     <span class='ocr_line' id='line_1_109' title="bbox 1873 4706 3529 4776; baseline 0.001 -14"><span class='ocrx_word' id='word_1_696' title='bbox 1873 4707 2104 4776; x_wconf 87' lang='lat' dir='ltr'><strong>volunt,</strong></span> <span class='ocrx_word' id='word_1_697' title='bbox 2136 4706 2312 4762; x_wconf 91' lang='lat' dir='ltr'><strong>licere</strong></span> <span class='ocrx_word' id='word_1_698' title='bbox 2355 4707 2414 4760; x_wconf 93' lang='lat' dir='ltr'><strong>id</strong></span> <span class='ocrx_word' id='word_1_699' title='bbox 2444 4707 2547 4772; x_wconf 89' lang='lat' dir='ltr'><strong>eis,</strong></span> <span class='ocrx_word' id='word_1_700' title='bbox 2581 4714 2646 4763; x_wconf 91' lang='lat' dir='ltr'><strong>ut</strong></span> <span class='ocrx_word' id='word_1_701' title='bbox 2677 4708 2757 4765; x_wconf 87' lang='lat' dir='ltr'><strong>ad</strong></span> <span class='ocrx_word' id='word_1_702' title='bbox 2793 4707 3060 4763; x_wconf 88' lang='lat' dir='ltr'><strong>numinis</strong></span> <span class='ocrx_word' id='word_1_703' title='bbox 3110 4708 3338 4763; x_wconf 90' lang='lat' dir='ltr'><strong>cultum</strong></span> <span class='ocrx_word' id='word_1_704' title='bbox 3365 4709 3529 4764; x_wconf 88' lang='lat' dir='ltr'><strong>hunc</strong></span> 
     </span>
    </p>
   </div>
   <div class='ocr_carea' id='block_1_109' title="bbox 1873 4795 3528 4868">
    <p class='ocr_par' dir='ltr' id='par_1_109' title="bbox 1873 4795 3528 4868">
     <span class='ocr_line' id='line_1_110' title="bbox 1873 4795 3528 4868; baseline 0.001 -18"><span class='ocrx_word' id='word_1_705' title='bbox 1873 4811 2052 4866; x_wconf 89' lang='lat' dir='ltr'><strong>quem</strong></span> <span class='ocrx_word' id='word_1_706' title='bbox 2104 4795 2217 4850; x_wconf 89' lang='lat' dir='ltr'><strong>sibi</strong></span> <span class='ocrx_word' id='word_1_707' title='bbox 2269 4795 2542 4852; x_wconf 89' lang='lat' dir='ltr'><strong>moribus</strong></span> <span class='ocrx_word' id='word_1_708' title='bbox 2594 4796 2971 4868; x_wconf 88' lang='lat' dir='ltr'><strong>sequendum</strong></span> <span class='ocrx_word' id='word_1_709' title='bbox 3019 4803 3424 4867; x_wconf 89' lang='lat' dir='ltr'><strong>sumpserunt,</strong></span> <span class='ocrx_word' id='word_1_710' title='bbox 3466 4812 3528 4852; x_wconf 89' lang='lat' dir='ltr'><strong>se</strong></span> 
     </span>
    </p>
   </div>
   <div class='ocr_carea' id='block_1_110' title="bbox 1875 4883 3530 4956">
    <p class='ocr_par' dir='ltr' id='par_1_110' title="bbox 1875 4883 3530 4956">
     <span class='ocr_line' id='line_1_111' title="bbox 1875 4883 3530 4956; baseline 0.002 -18"><span class='ocrx_word' id='word_1_711' title='bbox 1875 4883 2203 4948; x_wconf 87' lang='lat' dir='ltr'><strong>conferant,</strong></span> <span class='ocrx_word' id='word_1_712' title='bbox 2235 4901 2306 4939; x_wconf 89' lang='lat' dir='ltr'><strong>ex</strong></span> <span class='ocrx_word' id='word_1_713' title='bbox 2337 4884 2685 4940; x_wconf 87' lang='lat' dir='ltr'><strong>liberalitate</strong></span> <span class='ocrx_word' id='word_1_714' title='bbox 2715 4890 2772 4940; x_wconf 86' lang='lat' dir='ltr'><strong>et</strong></span> <span class='ocrx_word' id='word_1_715' title='bbox 2807 4887 2997 4956; x_wconf 86' lang='lat' dir='ltr'><strong>gratia</strong></span> <span class='ocrx_word' id='word_1_716' title='bbox 3042 4885 3192 4954; x_wconf 83' lang='lat' dir='ltr'><strong>legis</strong></span> <span class='ocrx_word' id='word_1_717' title='bbox 3235 4885 3418 4956; x_wconf 84' lang='lat' dir='ltr'><strong>hujus</strong></span> <span class='ocrx_word' id='word_1_718' title='bbox 3442 4885 3530 4941; x_wconf 82' lang='lat' dir='ltr'><strong>fa-</strong></span> 
     </span>
    </p>
   </div>
   <div class='ocr_carea' id='block_1_111' title="bbox 1874 4973 3529 5046">
    <p class='ocr_par' dir='ltr' id='par_1_111' title="bbox 1874 4973 3529 5046">
     <span class='ocr_line' id='line_1_112' title="bbox 1874 4973 3529 5046; baseline 0.001 -18"><span class='ocrx_word' id='word_1_719' title='bbox 1874 4989 2024 5029; x_wconf 92' lang='lat' dir='ltr'><strong>cere.</strong></span> <span class='ocrx_word' id='word_1_720' title='bbox 2054 4973 2208 5040; x_wconf 86' lang='lat' dir='ltr'><strong>Quin</strong></span> <span class='ocrx_word' id='word_1_721' title='bbox 2261 4978 2318 5028; x_wconf 91' lang='lat' dir='ltr'><strong>et</strong></span> <span class='ocrx_word' id='word_1_722' title='bbox 2355 4973 2660 5029; x_wconf 89' lang='lat' dir='ltr'><strong>dominica</strong></span> <span class='ocrx_word' id='word_1_723' title='bbox 2689 4979 2870 5046; x_wconf 89' lang='lat' dir='ltr'><strong>atque</strong></span> <span class='ocrx_word' id='word_1_724' title='bbox 2900 4975 3124 5044; x_wconf 90' lang='lat' dir='ltr'><strong>templa</strong></span> <span class='ocrx_word' id='word_1_725' title='bbox 3175 4990 3284 5030; x_wconf 90' lang='lat' dir='ltr'><strong>sua</strong></span> <span class='ocrx_word' id='word_1_726' title='bbox 3313 4975 3399 5030; x_wconf 88' lang='lat' dir='ltr'><strong>eis</strong></span> <span class='ocrx_word' id='word_1_727' title='bbox 3431 4991 3529 5030; x_wconf 83' lang='lat' dir='ltr'><strong>ex-</strong></span> 
     </span>
    </p>
   </div>
   <div class='ocr_carea' id='block_1_112' title="bbox 1875 5062 3530 5133">
    <p class='ocr_par' dir='ltr' id='par_1_112' title="bbox 1875 5062 3530 5133">
     <span class='ocr_line' id='line_1_113' title="bbox 1875 5062 3530 5133; baseline 0.001 -17"><span class='ocrx_word' id='word_1_728' title='bbox 1875 5066 2100 5118; x_wconf 89' lang='lat' dir='ltr'><strong>struere</strong></span> <span class='ocrx_word' id='word_1_729' title='bbox 2131 5063 2500 5118; x_wconf 89' lang='lat' dir='ltr'><strong>conccditur.</strong></span> <span class='ocrx_word' id='word_1_730' title='bbox 2537 5064 2603 5118; x_wconf 90' lang='lat' dir='ltr'><strong>Ut</strong></span> <span class='ocrx_word' id='word_1_731' title='bbox 2633 5068 2835 5118; x_wconf 89' lang='lat' dir='ltr'><strong>autem</strong></span> <span class='ocrx_word' id='word_1_732' title='bbox 2867 5063 3062 5133; x_wconf 86' lang='lat' dir='ltr'><strong>major</strong></span> <span class='ocrx_word' id='word_1_733' title='bbox 3101 5063 3176 5118; x_wconf 89' lang='lat' dir='ltr'><strong>sit</strong></span> <span class='ocrx_word' id='word_1_734' title='bbox 3203 5062 3530 5119; x_wconf 85' lang='lat' dir='ltr'><strong>liberalitas</strong></span> 
     </span>
    </p>
   </div>
   <div class='ocr_carea' id='block_1_113' title="bbox 1874 5149 3532 5224">
    <p class='ocr_par' dir='ltr' id='par_1_113' title="bbox 1874 5149 3532 5224">
     <span class='ocr_line' id='line_1_114' title="bbox 1874 5149 3532 5224; baseline -0.002 -15"><span class='ocrx_word' id='word_1_735' title='bbox 1874 5153 2002 5209; x_wconf 71' lang='lat' dir='ltr'><strong>1]th</strong></span> <span class='ocrx_word' id='word_1_736' title='bbox 2023 5158 2255 5215; x_wconf 85' lang='lat' dir='ltr'><strong>nostra,</strong></span> <span class='ocrx_word' id='word_1_737' title='bbox 2287 5149 2434 5206; x_wconf 88' lang='lat' dir='ltr'><strong>illud</strong></span> <span class='ocrx_word' id='word_1_738' title='bbox 2481 5167 2725 5224; x_wconf 91' lang='lat' dir='ltr'><strong>quoque</strong></span> <span class='ocrx_word' id='word_1_739' title='bbox 2752 5153 3144 5207; x_wconf 89' lang='lat' dir='ltr'><strong>sanciendum</strong></span> <span class='ocrx_word' id='word_1_740' title='bbox 3176 5167 3312 5206; x_wconf 86' lang='lat' dir='ltr'><strong>esse</strong></span> <span class='ocrx_word' id='word_1_741' title='bbox 3360 5150 3532 5206; x_wconf 90' lang='lat' dir='ltr'><strong>duxi-</strong></span> 
     </span>
    </p>
   </div>
   <div class='ocr_carea' id='block_1_114' title="bbox 1877 5241 3532 5314">
    <p class='ocr_par' dir='ltr' id='par_1_114' title="bbox 1877 5241 3532 5314">
     <span class='ocr_line' id='line_1_115' title="bbox 1877 5241 3532 5314; baseline -0.001 -16"><span class='ocrx_word' id='word_1_742' title='bbox 1877 5260 2012 5298; x_wconf 84' lang='lat' dir='ltr'><strong>mus</strong></span> <span class='ocrx_word' id='word_1_743' title='bbox 2047 5260 2058 5297; x_wconf 96' lang='lat'>:</span> <span class='ocrx_word' id='word_1_744' title='bbox 2093 5243 2149 5297; x_wconf 88' lang='lat' dir='ltr'><strong>Si</strong></span> <span class='ocrx_word' id='word_1_745' title='bbox 2181 5257 2316 5314; x_wconf 65' lang='lat' dir='ltr'><strong>qua:</strong></span> <span class='ocrx_word' id='word_1_746' title='bbox 2357 5246 2493 5296; x_wconf 90' lang='lat' dir='ltr'><strong>sunt</strong></span> <span class='ocrx_word' id='word_1_747' title='bbox 2539 5241 2758 5296; x_wconf 90' lang='lat' dir='ltr'><strong>domus</strong></span> <span class='ocrx_word' id='word_1_748' title='bbox 2805 5247 2862 5296; x_wconf 88' lang='lat' dir='ltr'><strong>et</strong></span> <span class='ocrx_word' id='word_1_749' title='bbox 2885 5241 3132 5314; x_wconf 72' lang='lat' dir='ltr'><strong>praedia,</strong></span> <span class='ocrx_word' id='word_1_750' title='bbox 3165 5257 3302 5312; x_wconf 67' lang='lat' dir='ltr'><strong>qua:</strong></span> <span class='ocrx_word' id='word_1_751' title='bbox 3355 5246 3532 5297; x_wconf 83' lang='lat' dir='ltr'><strong>antea</strong></span> 
     </span>
    </p>
   </div>
   <div class='ocr_carea' id='block_1_115' title="bbox 1869 5329 3530 5404">
    <p class='ocr_par' dir='ltr' id='par_1_115' title="bbox 1869 5329 3530 5404">
     <span class='ocr_line' id='line_1_116' title="bbox 1869 5329 3530 5404; baseline -0.004 -16"><span class='ocrx_word' id='word_1_752' title='bbox 1869 5333 2019 5404; x_wconf 85' lang='lat' dir='ltr'><strong>juris</strong></span> <span class='ocrx_word' id='word_1_753' title='bbox 2053 5331 2522 5386; x_wconf 87' lang='lat' dir='ltr'><strong>Christianorum</strong></span> <span class='ocrx_word' id='word_1_754' title='bbox 2553 5329 2789 5395; x_wconf 88' lang='lat' dir='ltr'><strong>fuerint,</strong></span> <span class='ocrx_word' id='word_1_755' title='bbox 2827 5336 2885 5386; x_wconf 88' lang='lat' dir='ltr'><strong>et</strong></span> <span class='ocrx_word' id='word_1_756' title='bbox 2933 5335 3248 5402; x_wconf 88' lang='lat' dir='ltr'><strong>parentum</strong></span> <span class='ocrx_word' id='word_1_757' title='bbox 3301 5335 3530 5388; x_wconf 85' lang='lat' dir='ltr'><strong>nostro-</strong></span> 
     </span>
    </p>
   </div>
   <div class='ocr_carea' id='block_1_116' title="bbox 1874 5417 3532 5492">
    <p class='ocr_par' dir='ltr' id='par_1_116' title="bbox 1874 5417 3532 5492">
     <span class='ocr_line' id='line_1_117' title="bbox 1874 5417 3532 5492; baseline -0.001 -14"><span class='ocrx_word' id='word_1_758' title='bbox 1874 5437 2009 5478; x_wconf 92' lang='lat' dir='ltr'><strong>rum</strong></span> <span class='ocrx_word' id='word_1_759' title='bbox 2035 5419 2408 5492; x_wconf 88' lang='lat' dir='ltr'><strong>jussionibus</strong></span> <span class='ocrx_word' id='word_1_760' title='bbox 2437 5419 2500 5474; x_wconf 92' lang='lat' dir='ltr'><strong>in</strong></span> <span class='ocrx_word' id='word_1_761' title='bbox 2519 5417 2617 5491; x_wconf 90' lang='lat' dir='ltr'><strong>jus</strong></span> <span class='ocrx_word' id='word_1_762' title='bbox 2641 5418 2770 5476; x_wconf 84' lang='lat' dir='ltr'><strong>ﬁsci</strong></span> <span class='ocrx_word' id='word_1_763' title='bbox 2795 5421 3100 5486; x_wconf 89' lang='lat' dir='ltr'><strong>cesserint,</strong></span> <span class='ocrx_word' id='word_1_764' title='bbox 3133 5425 3234 5475; x_wconf 89' lang='lat' dir='ltr'><strong>aut</strong></span> <span class='ocrx_word' id='word_1_765' title='bbox 3263 5434 3300 5476; x_wconf 90' lang='lat' dir='ltr'><strong>a</strong></span> <span class='ocrx_word' id='word_1_766' title='bbox 3329 5417 3532 5476; x_wconf 83' lang='lat' dir='ltr'><strong>civita-</strong></span> 
     </span>
    </p>
   </div>
   <div class='ocr_carea' id='block_1_117' title="bbox 227 5544 2175 5624">
    <p class='ocr_par' dir='ltr' id='par_1_117' title="bbox 227 5544 2175 5624">
     <span class='ocr_line' id='line_1_118' title="bbox 227 5544 2175 5624; baseline -0.002 -21"><span class='ocrx_word' id='word_1_767' title='bbox 227 5548 313 5624; x_wconf 75' lang='grc'><strong>(1)</strong></span> <span class='ocrx_word' id='word_1_768' title='bbox 347 5549 597 5614; x_wconf 80' lang='lat' dir='ltr'><strong>Rufinus</strong></span> <span class='ocrx_word' id='word_1_769' title='bbox 626 5548 829 5616; x_wconf 79' lang='lat' dir='ltr'><strong>habet.</strong></span> <span class='ocrx_word' id='word_1_770' title='bbox 859 5547 1151 5616; x_wconf 74' lang='lat' dir='ltr'><strong>Galerius,</strong></span> <span class='ocrx_word' id='word_1_771' title='bbox 1185 5545 1350 5613; x_wconf 80' lang='lat' dir='ltr'><strong>Idem</strong></span> <span class='ocrx_word' id='word_1_772' title='bbox 1371 5563 1550 5620; x_wconf 84' lang='lat' dir='ltr'><strong>supra</strong></span> <span class='ocrx_word' id='word_1_773' title='bbox 1569 5546 1776 5607; x_wconf 83' lang='lat' dir='ltr'><strong>Jovius</strong></span> <span class='ocrx_word' id='word_1_774' title='bbox 1805 5544 2175 5604; x_wconf 88' lang='lat' dir='ltr'><strong>nominatus.</strong></span> 
     </span>
    </p>
   </div>
  </div>
