4028 6294
623 327 768 382 1295

1922 323 2308 384 NICEPHORI
2348 325 2665 383 CALLISTI
3736 340 3823 395 1296

617 455 674 504 te
732 449 935 520 aliqua
991 451 1321 512 teneantur,
1378 446 1499 504 sive
1547 448 1812 505 venditio
1865 466 1970 506 seu
2018 450 2248 506 donatic

2379 454 2576 504 σκεύειν
2623 452 2798 504 εἵλετο.
2861 459 2960 506 Καὶ
3014 456 3080 506 τὰ
3132 457 3358 527 κυριακά
3403 452 3458 508 δι
3496 459 3549 507 τὰ
3590 458 3716 511 οἰκεῖα
3741 464 3828 523 ὅπως

618 538 822 608 aliqua
872 535 1284 601 intercesserit,
1335 541 1398 591 ut
1451 552 1524 592 ea
1573 537 1778 593 omnia
1832 539 1891 593 in
1950 540 2265 612 antiquum

618 627 1081 680 Christianorum
1105 625 1204 695 jus
1253 631 1644 691 revertantur,
1687 630 1748 681 ut
1799 627 1859 681 in
1898 643 1968 682 eo
2024 644 2266 699 quoque

615 715 894 785 pietatem
917 719 973 768 et
995 713 1432 784 providentiam
1459 719 1726 770 nostram
1746 731 1958 770 omnes
1990 717 2267 771 animad-

618 811 862 858 vertant.
907 823 936 854 »
977 805 1110 857 Haec
1150 802 1245 858 ille
1277 808 1485 874 postea
1520 805 1772 875 scripsit,
1805 804 2054 860 fortasse
2085 807 2264 860 etiam

615 898 677 946 ut
703 893 1156 948 Constantinum
1196 892 1493 947 mitiorem
1525 892 1635 948 sibi
1667 893 1960 949 redderet.
1997 894 2262 949 Edictum

613 997 792 1054 porro
809 980 971 1036 istud
996 981 1372 1052 pr0positum
1403 986 1492 1036 est
1511 981 1784 1037 nondum
1809 983 2037 1053 integro
2056 989 2264 1038 exacto

612 1085 795 1138 anno,
825 1086 895 1124 ex
916 1085 1036 1142 quo
1055 1069 1354 1140 jussiones
1371 1071 1500 1139 ejus
1516 1071 1807 1126 adversus
1839 1087 1948 1126 nos
1969 1071 2264 1126 columnis

612 1158 816 1214 incisae
846 1159 1099 1213 fuerant.
1144 1160 1210 1212 Et
1253 1159 1472 1230 quibus
1503 1160 1755 1215 antehac
1785 1161 1948 1232 apud
1978 1177 2112 1215 cum
2141 1175 2262 1215 non

611 1247 749 1303 dico
778 1247 1082 1317 regionem
1124 1247 1410 1318 aliquam,
1443 1247 1548 1302 sed
1601 1264 1675 1304 ne
1707 1249 2083 1304 solitudinem
2126 1251 2261 1322 qui-

610 1336 749 1391 dem
793 1336 1066 1391 incedere
1098 1336 1457 1407 permissum
1492 1337 1704 1401 fuerat,
1734 1336 1912 1409 499
1952 1354 2159 1392 verum
2202 1343 2264 1393 ut

609 1425 778 1497 impii
811 1427 1048 1496 Deoque
1089 1441 1333 1496 prorsus
1372 1432 1663 1491 carentes,
1699 1442 1766 1481 ex
1804 1426 1948 1481 locis
1977 1427 2262 1482 omnibus

610 1515 799 1584 ejecti,
854 1515 1257 1584 omnibusque
1306 1515 1479 1569 malis
1534 1515 1807 1586 expositi,
1851 1521 2031 1587 atque
2083 1515 2257 1586 ferro,

608 1603 752 1674 igni,
785 1604 988 1658 bestiis
1016 1608 1071 1658 et
1099 1603 1429 1658 innumeris
1463 1604 1893 1675 suppliciorum
1935 1606 2260 1676 mortisque

607 1692 926 1761 generibus
977 1691 1215 1761 objecti,
1278 1697 1572 1747 tormenta
1611 1698 1666 1748 et
1711 1693 2011 1748 cruciatus
2049 1709 2258 1748 omnes

2376 542 2836 605 κατασκευαζοιεν,
2923 550 3350 617 συγκεχώρηται.
3431 544 3529 597 Ἱνα
3596 552 3725 617 μέντοι
3775 561 3826 602 ui

2375 630 2560 700 μείζων
2640 635 2852 701 γένηται
2909 634 2936 690 ἡ
3001 635 3221 705 ἡμετέρα
3277 631 3461 705 δωρεὰ,
3505 641 3580 686 καὶ
3624 646 3737 687 τουτο
3784 661 3829 690 τι.

2374 720 2662 788 μοθετῆσαι
2728 719 3124 792 κατηξιώσαμεν
3159 740 3170 752 ·
3247 721 3308 771 ἶν’
3375 725 3418 772 εἰ
3470 741 3580 783 τινες
3622 725 3741 774 οἰκίαι
3780 747 3830 777 ιιι

2373 811 2552 877 χωρία
2582 815 2672 858 τοῦ
2715 804 2924 859 δικαίου
2958 818 3055 860 τῶν
3110 817 3438 881 Χριστιανῶν
3463 815 3548 880 πρὸ
3581 815 3724 862 τούτου

2373 915 2536 965 χανον
2591 899 2710 947 ὄντα
2745 913 2758 926 ’
2786 895 2840 948 ἐκ
2898 893 2958 948 δὲ
3017 905 3112 958 τῆς
3157 898 3434 960 κελεύσεως
3473 908 3558 949 τῶν
3611 907 3750 969 γονέων
3777 912 3832 951 τῶν

2374 986 2628 1056 ἡμετέρων
2696 986 2768 1045 εἰς
2817 991 2872 1038 τὸ
2940 985 3144 1039 δίκαιον
3203 993 3447 1059 μετέπεσε
3506 997 3583 1039 τοῦ
3629 995 3832 1059 cinnami

2374 1075 2472 1125 ὑπό
2520 1093 2652 1134 τινος
2718 1075 3012 1147 κατελήφθη
3080 1076 3269 1136 πόλεως
3298 1096 3309 1106 ·
3370 1081 3467 1129 εἶτε
3521 1073 3836 1148 διάπρασιςτον

2373 1181 2472 1213 των
2510 1167 2801 1234 γεγένηται,
2845 1167 2943 1216 εἴτε
3000 1165 3067 1225 εἰς
3099 1169 3348 1238 χάρισμα
3378 1162 3578 1217 δέδοταί
3616 1186 3713 1230 τινι,
3741 1175 3839 1216 trita

2372 1253 2542 1302 πάντα
2601 1252 2672 1311 εἰς
2726 1255 2783 1304 τὸ
2843 1252 3066 1325 ἀρχαῖον
3108 1250 3314 1305 δίκαιον
3357 1264 3453 1306 τὼν
3483 1261 3750 1324 Χριστιανῶν
3772 1255 3838 1304 ἐοι-

2372 1339 2626 1398 κληθῆναι
2681 1339 3014 1412 ἐκελεύσαμεν
3044 1359 3057 1372 ·
3113 1343 3195 1392 ἶνα
3253 1347 3343 1393 καὶ
3397 1345 3444 1393 ἐν
3482 1345 3624 1412 τούτῳ
3667 1350 3735 1402 τῆς

2370 1433 2516 1501 τέρας
2581 1429 2841 1490 εὐσεϐείας
2901 1437 2991 1482 καὶ
3049 1438 3145 1492 τῆς
3192 1435 3430 1503 προνοίας
3481 1433 3695 1487 αἴσθησιν
3731 1435 3830 1488 πάντες

2372 1516 2617 1572 λάϐωσιν.
2646 1540 2672 1567 ι)
2723 1526 2952 1570 Τοιαῦτα
3007 1521 3219 1594 ἔγραφεν
3259 1520 3491 1590 ὕστερον,
3552 1521 3658 1578 iam;
3705 1521 3828 1568 xui-.57.

2373 1613 2754 1658 Κωνσταντίνον
2839 1607 3309 1680 ἐκμειλισσόμενος.
3381 1615 3602 1682 Ὕστερον
3669 1605 3715 1658 δὲ
3763 1605 3833 1663 ξς»

2368 1704 2466 1746 τῶν
2515 1695 2562 1746 ἦν
2613 1697 2830 1757 στήλαις
2910 1697 3027 1747 καθ’
3098 1699 3243 1768 ἡμῶν
3310 1701 3591 1768 ’γραφέντων
3628 1704 3768 1758 ταῦτα,
3808 1696 3836 1745 εὶ

606 1781 1014 1836 sustinuerant
1045 1797 1058 1832 :
1093 1780 1130 1834 ii
1159 1780 1399 1836 tandem
1447 1780 1796 1851 religionem
1827 1799 2000 1838 suam
2041 1783 2248 1838 habere

2366 1786 2500 1836 πάνυ
2575 1785 2764 1836 τελείου
2839 1783 3074 1836 ἐνιαυτοῦ
3142 1785 3433 1847 ἐξήκοντος.
3493 1791 3581 1837 Καὶ
3622 1787 3662 1836 οἱ
3701 1788 3839 1856 xpetit:

592 1865 663 1925 'et
710 1870 870 1925 aedes
922 1886 1123 1925 sacras
1164 1875 1508 1925 construere
1563 1870 1869 1940 jubentur,
1898 1871 2257 1944 juribusque

607 1958 732 2012 suis
763 1957 874 2012 illis
905 1958 1015 2012 frui
1042 1959 1419 2028 permittitur.

2367 1872 2486 1944 παρ’
2516 1874 2655 1943 αὐτῷ
2693 1878 2846 1945 μήτοι
2900 1893 2958 1944 γε
2995 1879 3201 1948 χώραν,
3250 1874 3357 1924 ἀλλ’
3401 1871 3510 1926 οὐδ’
3569 1876 3721 1945 ἔρημον
3753 1876 3843 1941 ἐώμε-

2363 1981 2442 2013 νοι
2491 1969 2770 2026 κατοικεῖν,
2823 1963 2929 2015 ἀλλ’
2993 1966 3062 2022 ὡς
3121 1960 3396 2023 δυσσεϐεῖς
3451 1968 3535 2014 καὶ
3579 1964 3843 2014 ﬂammm-

605 2050 764 2118 χόθεν
822 2047 1217 2118 ἐξελαυνόμενοι,
1277 2051 1412 2099 πᾶσί
1464 2066 1518 2098 τε
1545 2053 1870 2120 προκείμενοι
1934 2056 2043 2108 τοῖς
2104 2045 2311 2113 δεινοῖς,
2388 2056 2476 2102 καὶ
2535 2048 2743 2122 σιδήρῳ
2823 2057 2913 2103 καὶ
2997 2057 3122 2125 πυρὶ
3195 2058 3283 2103 καὶ
3359 2055 3516 2124 θηρσὶ
3571 2057 3647 2102 καὶ
3713 2056 3847 2120 μυρίοις

607 2137 844 2197 θανάτοις
915 2135 1337 2209 προϐεϐλημένοι,
1395 2141 1485 2186 καὶ
1552 2142 1652 2188 πᾶν
1711 2133 1851 2197 εἶδος
1907 2137 2167 2195 κολάσεως
2223 2138 2564 2211 ὑφιστάμενοι
2597 2160 2608 2172 ·

2681 2141 2826 2192 οὗτοι
2893 2137 2952 2193 δὲ
3014 2147 3104 2192 καὶ
3179 2142 3462 2215 θρησκείαν
3512 2143 3652 2212 ἔχειν,
3705 2145 3769 2190 καὶ
3807 2142 3848 2187 si-

604 2245 726 2286 κους
758 2225 844 2276 εὐκ
877 2229 1053 2296 ηρίους
1083 2223 1293 2298 ἐγείρειν
1322 2224 1634 2291 κελεύονται,
1675 2230 1764 2277 καὶ
1794 2235 1892 2276 τῶν
1923 2230 2223 2300 προσόντων
2258 2232 2410 2299 σφίσι
2442 2225 2660 2281 δικαίων
2689 2228 3028 2282 ἐπαπολαύειν
3055 2232 3278 2302 ὑφίεντο.

1191 2351 1411 2406 CAPUT
1453 2352 1673 2406 XXXIX.

604 2438 687 2494 De
711 2434 957 2496 interitu
983 2439 1322 2504 Maximini,
1356 2439 1456 2510 qui
1481 2440 1746 2495 vindicta
1775 2441 1984 2496 divina
2007 2442 2252 2497 accidit:

639 2514 692 2566 et
713 2511 785 2566 de
818 2515 1085 2567 extrema
1104 2511 1508 2566 internecione
1524 2512 1790 2568 veritatis
1812 2512 2210 2568 inimicorum.

671 2675 861 2744 Atque
878 2671 1005 2726 base
1023 2678 1156 2743 post
1175 2670 1382 2741 fugam
1404 2672 1504 2740 (1),
1527 2672 1705 2742 quasi
1722 2671 1940 2741 insigni
1959 2672 2253 2744 quopiam

595 2761 888 2818 beneﬁcio
928 2761 985 2814 in
1017 2776 1091 2816 ea
1132 2759 1401 2824 affectus,
1435 2765 1491 2816 et
1538 2759 1766 2832 aliquid
1791 2766 1998 2817 nostra
2046 2777 2249 2828 causa,

595 2851 876 2922 quamvis
904 2860 1024 2905 non
1057 2848 1139 2904 ita
1163 2855 1226 2903 ut
1251 2855 1708 2916 commeruerat,
1743 2865 1980 2921 passus,
2005 2851 2251 2922 perinde

597 2945 776 3010 atque
790 2938 846 2993 id
864 2937 1174 3009 propalam
1190 2937 1590 3008 conﬁteretur,
1609 2938 1863 3010 scripsit.
1880 2937 2026 2994 Cum
2047 2946 2250 2994 autem

596 3027 860 3082 secundo
894 3026 1213 3083 nobiscum
1244 3025 1525 3082 conﬂictu
1555 3028 2040 3096 congrederetur,
2063 3028 2249 3084 vitam

596 3115 827 3171 amisit:
861 3116 964 3170 sed
989 3131 1112 3171 non
1142 3115 1222 3170 ita
1251 3120 1314 3170 ut
1347 3115 1628 3172 decuerat
1672 3116 2006 3180 decertans,
2056 3133 2249 3190 neque

2960 2360 3201 2410 ΚΕΦΑΛ.
3233 2355 3367 2410 ΛΘ’.

2366 2449 2517 2518 Περὶ
2573 2453 2681 2518 τῆς
2744 2441 3002 2518 ἐνδίκου
3064 2447 3303 2518 φθορᾶς
3361 2444 3850 2518 Μαξιμιςυοῡῖκιὶ

2435 2513 2546 2576 τῆς
2599 2517 2894 2586 ἐσχάτης
2969 2513 3290 2578 ἀπωλείας
3329 2525 3453 2568 τῶν
3491 2523 3594 2576 τῆς
3625 2513 3852 2569 ἀληθείας

2435 2586 2703 2658 ἐχθρῶν.

2433 2683 2611 2728 Ταῦτα
2659 2671 2708 2727 δ’
2765 2678 2832 2735 ὡς
2879 2671 3128 2749 διαδρὰς,
3186 2679 3278 2726 καί
3310 2694 3450 2736 τινος
3485 2671 3624 2732 δῆθεν
3648 2673 3852 2743 εὐεργεσία

2361 2769 2560 2836 τυχὼν,
2619 2768 2708 2816 καὶ
2768 2767 2945 2816 παθὼν
2998 2768 3087 2836 μεν
3145 2764 3249 2835 οὐχ
3307 2764 3438 2838 οἷπερ
3498 2763 3644 2835 ἐχρῆν
3673 2758 3851 2828 me;

2361 2857 2534 2924 ὥσπερ
2629 2852 3173 2924 ἀνθομολογησάμενος
3264 2855 3454 2924 ἔγραφε
3505 2870 3516 2880 ·
3597 2847 3768 2920 δευτέρᾳ
3820 2843 3852 2895 δε

2359 2941 2641 3014 παρατάξει
2698 2940 3003 3013 προσϐαλὼν
3062 2943 3207 3013 ἡμῖν,
3255 2948 3313 2992 τὸ
3374 2938 3524 3012 βιοῦν
3563 2941 3846 3008 καταστρέξιι·

2357 3030 2490 3088 πλὴν
2548 3033 2652 3102 οὐχ
2705 3033 2768 3090 ὡς
2825 3035 2994 3101 χρεὼν
3051 3027 3512 3101 διαγωνιζόμενος,
3551 3033 3632 3079 καὶ
3675 3019 3838 3098 parii?

2360 3118 2454 3180 ξης
2511 3116 2772 3192 ἀνδρικῶς
2827 3124 3025 3171 πίπτων
3057 3133 3069 3145 ·
3119 3117 3225 3170 ἀλλ’
3280 3121 3308 3176 η
3363 3123 3455 3189 μεν
3504 3116 3746 3188 παράταξις
3768 3113 3833 3160 ιιτά

596 3221 734 3261 cum
763 3204 941 3261 laude
971 3210 1026 3260 et
1046 3204 1237 3273 gloria
1262 3204 1487 3259 fortiter
1517 3204 1757 3260 cadens.
1789 3207 2060 3277 Namque
2092 3207 2248 3261 acies

2357 3212 2450 3260 τοῦ
2506 3205 2686 3260 πεδίου
2743 3214 3021 3260 συνίστατο
3055 3225 3066 3236 ·
3098 3207 3250 3269 αὐτὸς
3304 3204 3364 3259 δὲ
3417 3211 3543 3259 οἶκοι
3581 3209 3720 3276 μένων
3742 3209 3836 3251 uit!

593 3295 836 3368 quidem
881 3294 1010 3364 ejus
1057 3292 1121 3348 in
1152 3292 1284 3348 loco
1314 3293 1496 3364 plano
1527 3298 1754 3348 structa
1795 3295 2075 3350 constitit.
2117 3296 2247 3366 Ipse

595 3390 794 3439 autem
822 3381 987 3437 domi
1020 3397 1084 3436 se
1123 3382 1454 3446 continens,
1495 3387 1552 3436 et
1585 3381 1699 3437 tela
1726 3381 2038 3452 effugiens,
2069 3383 2248 3438 veluti

595 3472 701 3544 qui
733 3487 952 3527 manus
1001 3470 1284 3526 adversus
1334 3472 1520 3526 Deum
1553 3470 1901 3536 sustolleret,
1951 3473 2148 3528 divino
2186 3473 2246 3527 in

594 3567 716 3616 toto
735 3576 984 3631 corpore
1002 3575 1115 3614 suo
1135 3557 1419 3629 afﬂigitur
1439 3558 1698 3629 ﬂagello.
1725 3561 2044 3616 Confestim
2071 3561 2248 3634 siqui-

593 3650 731 3706 dem
762 3650 966 3705 dolore
982 3665 1053 3705 ex
1073 3649 1369 3704 anxietate
1395 3665 1637 3704 summa
1667 3656 1989 3722 correptus,
2013 3651 2073 3706 in
2095 3650 2247 3707 lecto

593 3739 960 3804 volvebatur,
992 3743 1049 3794 et
1086 3737 1288 3793 inedia
1333 3737 1694 3794 tabescebat.
1737 3739 2006 3795 lncensio
2047 3745 2246 3796 autem

594 3829 750 3882 intra
777 3829 1002 3882 viscera
1030 3832 1258 3892 exorta,
1298 3827 1573 3883 habitum
1624 3831 1682 3883 et
1709 3827 1969 3884 formam
2000 3845 2244 3884 omnem

594 3917 1060 3988 corrumpebat:
1113 3917 1477 3972 extrinsecus
1529 3917 1710 3972 etiam
1755 3919 2056 3989 specimen
2113 3919 2243 3990 ejus

593 4005 991 4067 deformabat,
1021 4005 1101 4060 ita
1159 4010 1219 4058 ut
1247 4004 1414 4061 brevi
1460 4005 1605 4061 nihil
1637 4006 1698 4060 in
1729 4021 1799 4062 eo
1829 4012 1984 4062 esset
2011 4006 2241 4080 reliqui,

590 4110 777 4167 quam
809 4111 877 4148 os
909 4093 1166 4158 aridum,
1199 4093 1519 4150 simulacro
1549 4094 1871 4166 persimile,
1903 4095 2070 4168 quod
2107 4097 2241 4152 bor-

591 4200 788 4240 rorem
863 4185 1255 4256 timoremque
1331 4185 1739 4256 spectantibus
1813 4187 2118 4255 incuteret,
2185 4191 2243 4242 et

595 4278 657 4328 ut
684 4289 903 4345 corpus
925 4274 1050 4344 ejus
1076 4279 1362 4344 tanquam
1387 4273 1606 4328 animai
1627 4273 1990 4344 sepulcrum,
2022 4281 2125 4329 aut
2145 4292 2243 4330 cu-

591 4361 718 4418 leus
747 4362 998 4434 quidam
1028 4360 1207 4417 altius
1237 4377 1371 4416 eam
1402 4361 1463 4416 in
1491 4377 1554 4418 se
1585 4361 1890 4418 defossam
1911 4364 2238 4428 continens,

590 4467 718 4506 esse
764 4450 1078 4506 videretur.
1139 4452 1205 4506 Et
1253 4466 1391 4506 cum
1444 4449 1722 4506 medullae
1751 4466 1964 4507 omnes
2019 4459 2240 4508 exustae

2359 3295 2480 3369 βελη
2537 3293 2960 3371 διαδιδράσκων,
3011 3299 3094 3349 οἶά
3150 3317 3230 3359 τις
3278 3304 3396 3366 Θεῴ
3442 3303 3617 3368 χεῖρας
3663 3293 3841 3361 ἀνταίρων,

2362 3386 2590 3458 θεηλάτῳ
2667 3388 2784 3438 καθ’
2853 3387 2970 3438 ὅλου
3061 3394 3152 3438 τοῦ
3225 3392 3466 3458 σώματος
3527 3384 3761 3440 πλήττεται

2361 3495 2523 3546 στιγι.
2590 3472 2871 3546 Ἀλγηδόνι
2900 3479 2990 3547 μὲν
3018 3478 3118 3548 γὰρ
3152 3474 3304 3534 εὐθὺς
3359 3470 3663 3548 περιωδυνίᾳ
3696 3469 3844 3538 σχεθεές.

2357 3563 2604 3636 ἐκυλίετο,
2676 3564 2810 3636 λιμῷ
2884 3567 3297 3636 συντηκόμενος’
3378 3573 3483 3636 πῦρ
3537 3559 3590 3614 δε
3644 3561 3753 3610 κατὰ
3794 3561 3845 3603 ττὺε

2357 3652 2586 3724 ἐγκάτων
2652 3650 2854 3705 ἔνδοθεν
2926 3653 3293 3724 ἀναπτόμενον,
3369 3648 3538 3704 διέλυε
3598 3654 3676 3705 τὴν
3733 3645 3844 3696 πλάτη

2355 3749 2549 3807 πᾶσαν,
2619 3748 2708 3794 καὶ
2761 3747 2818 3793 τό
2863 3746 3061 3816 προσὸν
3126 3738 3264 3802 εἶδος
3315 3749 3410 3800 τῆς
3475 3745 3658 3812 μορφῆσ
3694 3733 3844 3801 iiii?”

2358 3833 2441 3891 ξεν
2476 3853 2489 3864 ο
2546 3834 2614 3891 ὡς
2668 3833 2798 3902 μετά
2835 3829 3016 3903 βραχὺ
3061 3830 3236 3882 ὀστέον
3289 3850 3341 3881 τι
3387 3829 3542 3900 ξηρὸν
3571 3823 3736 3893 εἰδώλῳ
3771 3837 3846 3887 πκξ·

2355 3923 2518 3980 εοικὸς
2606 3919 3072 3992 ἐναποληφθῆναι·
3155 3924 3245 3970 καὶ
3320 3915 3443 3978 δέος
3523 3920 3720 3987 ἐμποιεῖν
3785 3914 3844 3960 tsi;

2354 4010 2538 4083 ὁρῶσι,
2591 4014 2681 4060 καὶ
2727 4016 2885 4077 τάφον
2925 4010 3096 4082 ὥσπερ
3144 4016 3236 4069 τῆς
3267 4005 3452 4078 ψυχῆς
3497 4007 3522 4062 ἦ
3573 4003 3752 4055 θύλακον
3772 3992 3845 4048 εἶναι

2355 4101 2402 4149 οἱ
2433 4100 2490 4149 τὸ
2524 4105 2696 4169 σῶμα,
2753 4101 2822 4158 ὡς
2861 4096 2908 4148 ἐν
2962 4095 3113 4169 βάθει
3161 4093 3228 4154 δή
3291 4115 3392 4148 τινι
3441 4099 3533 4152 τὴν
3563 4093 3721 4162 ψυχὴν
3749 4103 3845 4137 κεῖθ’

2351 4190 2686 4262 ρωρυγμένην
2757 4189 2902 4258 ἔχον.
2967 4183 3173 4258 Σφόδρα
3221 4183 3280 4236 δε
3325 4188 3412 4236 τὸν
3465 4182 3634 4256 μυελον
3680 4172 3844 4262 tata???

2351 4281 2587 4347 ’Ῐόμενονν
2667 4279 2788 4336 τοὺς
2835 4279 2924 4347 μὲν
2990 4295 3089 4327 των
3145 4274 3389 4346 ὀμμάτων
3468 4271 3665 4345 βολϐοὺς
3703 4274 3768 4323 τῆς
3804 4281 3844 4310 ει-

2351 4370 2493 4426 κείας
2540 4361 2698 4437 ἕδρας
2771 4364 3099 4429 ἐξίστασθαι,
3154 4368 3243 4415 καὶ
3298 4361 3677 4414 ἀποπλανᾶσθαι
3713 4364 3843 4411 fit!“

2353 4452 2492 4514 ξεως,
2549 4457 2716 4527 πηρὸν
2774 4454 3197 4517 καταλείποντας,
3252 4456 3337 4502 τόν
3390 4447 3442 4503 δ’
3483 4451 3561 4501 ἐπὶ
3616 4449 3771 4500 τούτοις
3802 4457 3841 4500 7'."

587 4547 805 4608 essent,
836 4539 1148 4595 oculorum
1193 4539 1369 4594 orbes
1413 4538 1547 4596 loco
1575 4556 1686 4595 suo
1725 4541 1871 4595 moti
1895 4540 2241 4598 exciderunt

2353 4539 2564 4616 σφοδρῷ
2638 4550 2736 4592 τῶν
2812 4548 2980 4594 πόνων
3029 4541 3410 4612 ἐκϐιαζόμενον,
3483 4527 3841 4606 ἀνθομολοτιῐσῦιί

587 4643 847 4700 eumque
860 4634 1253 4684 excaecarunt.
1271 4631 1399 4699 ipse
1421 4644 1599 4700 porro
1625 4628 1936 4684 doloribus
1960 4631 2240 4685 maximis

589 4718 979 4784 excruciatus,
1013 4718 1254 4790 Deoque
1285 4718 1617 4783 confessus,
1651 4723 1906 4774 mortem
1934 4719 2045 4774 sibi
2076 4735 2240 4776 acce-

588 4807 757 4863 lerari
784 4808 1010 4863 oravit:
1043 4812 1470 4878 postremoque
1501 4806 1774 4862 omnium
1813 4807 2144 4876 condignas
2175 4823 2238 4862 se

586 4913 798 4968 pamas
830 4913 936 4968 pro
967 4895 1206 4965 ﬂagitiis
1238 4911 1308 4950 ac
1334 4895 1732 4963 contumeliis,
1758 4895 1979 4966 quibus
2010 4900 2238 4967 proter-

586 5002 659 5042 ve
703 4992 757 5041 et
803 4984 1136 5057 petulanter
1174 4984 1471 5039 Christum
1501 4991 1656 5039 esset
1694 4989 2062 5055 persecutus,
2095 4985 2238 5040 dare

585 5080 854 5137 testatus,
913 5073 1344 5129 exsecrandam
1398 5072 1644 5128 tandem
1710 5072 1873 5128 illam
1929 5073 2048 5142 egit
2109 5076 2239 5129 ani-

584 5181 750 5221 mam
798 5163 894 5234 (2).
937 5162 1151 5218 Verum
1185 5161 1492 5217 enimvero
1523 5161 1639 5217 hoc
1685 5177 1928 5233 quoque
1958 5162 2038 5217 ad
2075 5163 2236 5218 hunc

584 5254 858 5317 modum,
887 5252 990 5324 qui
1041 5257 1432 5322 tyrannorum
1488 5251 1760 5306 omnium
1808 5251 2234 5306 acerbissimus

585 5343 793 5408 fuerat,
827 5358 858 5396 e
895 5341 1094 5396 medio
1144 5339 1401 5405 sublato,
1432 5339 1696 5395 ecclesiae
1749 5340 1947 5396 statim
1979 5357 2050 5395 ex
2088 5341 2234 5412 ipsis

583 5429 991 5487 fundamentis
1077 5431 1428 5495 excitantur,
1493 5429 1633 5483 ﬁdei
1692 5428 1942 5484 verbum
1991 5429 2233 5484 liberius

656 5538 734 5606 (ί)
776 5537 983 5592 Euseb.
1017 5536 1122 5592 lib.
1155 5553 1231 5602 ix,
1263 5552 1397 5606 cap.
1436 5539 1518 5594 10.

657 5608 742 5678 (2)
775 5610 872 5663 Hic
903 5612 1096 5665 Caesar
1145 5607 1568 5679 quadriennio,
1624 5608 1924 5676 Augustus
1979 5607 2231 5664 triennio

2307 4835 2310 4837 ·
2349 4813 2730 4880 παροινὴσειεν,

2352 4640 2464 4701 Θεῳ
2504 4635 2590 4682 καὶ
2645 4634 2728 4683 τὸν
2799 4633 3012 4682 θάνατον
3071 4631 3410 4701 ἐπισπέρχειν
3446 4645 3458 4657 ⁸
3512 4631 3566 4678 τὸ
3616 4621 3666 4676 δὲ
3712 4623 3838 4670 πτίττοι

2350 4723 2596 4792 ἔσχατον,
2661 4719 2809 4782 ἀξίαν
2866 4725 2960 4777 τὴν
3008 4717 3162 4776 δίκην
3196 4715 3405 4770 διδόναι
3445 4719 3517 4776 οἷς
3540 4716 3660 4766 κατᾶ
3687 4717 3838 4778 Χριστσῖ

2824 4809 3066 4874 ἐπειπὼν,
3141 4809 3277 4859 οὕτω
3336 4803 3478 4864 δῆτα
3543 4809 3624 4860 τὴν
3679 4810 3840 4871 pungi?

2349 4897 2542 4956 ἐκείνην
2595 4897 2757 4968 ἀφῆκε
2817 4897 3022 4968 ψυχήν.
3093 4903 3286 4948 Τοῦτον
3352 4892 3409 4948 δὲ
3465 4898 3549 4946 τὸν
3603 4896 3752 4963 τρόπον
3788 4896 3838 4928 ιιι

2347 4991 2530 5038 τούτου
2580 4984 2811 5038 ἐκποδὼν
2863 4987 3239 5049 καταστάντος,
3281 4985 3335 5045 ὃς
3383 4992 3480 5034 τῶν
3537 4980 3685 5034 ἄλλων
3725 4987 3840 5062 τνρεῖ
3919 4989 3922 5006 ε

2346 5097 2441 5126 νων
2508 5081 2810 5149 πικρότερος
2859 5073 2942 5143 ἦν,
2992 5078 3056 5126 τὰ
3102 5079 3192 5146 μεν
3239 5085 3334 5126 τών
3380 5071 3650 5129 ἐκκλησιῶν
3688 5063 3835 5116 εὐθνςεῖ

2346 5164 2513 5215 αὐτῶν
2566 5160 2838 5238 κρηπίδων
2889 5169 3177 5235 ηγείροντο,
3232 5163 3493 5222 καὶὸτῆς
3545 5159 3833 5246 τείστὲιιιιςΙ-⁰;[⁵ς

2344 5252 2521 5324 μεῖξον
2580 5253 2608 5309 ἦ
2665 5257 2910 5325 πρότερον
2963 5251 3376 5325 ἐπαρρησιάζετο
3411 5267 3424 5279 ο
3459 5251 3519 5301 τὰ
3569 5242 3621 5298 δεῖ
3651 5249 3832 5298 nimo-u-

2343 5340 2590 5413 λομανίας
2670 5341 2741 5401 εἰς
2819 5340 3054 5392 τούπίσω
3114 5339 3303 5413 ἐχώρει
3373 5343 3461 5389 καὶ
3527 5336 3705 5404 ἀτιμίας
3743 5328 3829 5387 im."

2343 5430 2542 5482 πλατο·
2589 5435 2678 5481 καὶ⁸
2737 5425 2876 5487 δῆτα
2933 5437 3135 5502 πρῶτος
3189 5431 3340 5487 αὐτὸς
3379 5426 3651 5496 Μαξιμῐνος
3694 5413 3826 5474 ὼςεεβ

2345 5551 2450 5607 per
2494 5536 2789 5591 Orientem
2841 5535 2968 5590 fuit.
3023 5533 3182 5589 Diac.
3224 5536 3508 5607 Tyrauno
3528 5531 3629 5585 hoc
3654 5518 3821 5578 sublato.

2344 5604 2830 5664 Christianismus
2870 5608 2930 5662 in
2961 5607 3191 5663 Oriente
3216 5604 3554 5660 reﬂorescit.
