4028 6294
165 327 305 386 1297

1159 323 1726 382 ECCLESIASTICAZ
1764 323 2122 382 HISTOBIIE
2157 323 2296 382 LIB.
2336 321 2456 381 VII.

3373 321 3512 378 i298

163 459 330 528 μισὴς
387 457 477 506 καὶ
531 454 802 527 τύραννος,
853 452 1162 524 γράμμασιν
1206 450 1516 522 ἁπανταχοῦ
1573 449 1764 520 ἀνηγόσ

1872 467 2048 522 quam
2075 457 2253 526 antea
2278 449 2660 522 praedicatur,
2691 449 2869 523 500
2887 447 3188 504 idolorum
3213 446 3378 504 furor
3403 465 3508 520 po-

160 563 332 618 ρευτο,
411 539 649 614 δημοσίᾳ
706 541 1151 614 στηλιτευόμενος.
1232 539 1418 598 Στῆλαι
1477 537 1537 592 δε
1604 539 1766 592 αὐτοῦ

161 638 253 684 καὶ
323 635 515 704 γραφαὶ
590 632 713 682 ὅσαι
786 632 923 683 κατά
981 629 1156 692 πόλεις
1228 629 1302 690 εἰς
1367 634 1524 701 τιμὴν
1589 631 1764 698 ἐκείνῳ

160 721 379 784 ἀνεῖντο,
445 721 500 772 αἱ
570 723 660 790 μεν
721 719 803 792 ἀφ’
871 718 1040 790 ὕψους
1090 720 1416 794 ῥιπτόμεναι,
1483 717 1551 777 εἰς
1605 717 1764 770 λεπτὰ

161 808 520 886 συνετρίϐοντο
556 825 567 838 ·
619 810 674 861 αἱ
717 804 777 860 δε
827 806 1023 881 ἀσϐολη
1084 810 1150 859 τὰ
1199 811 1459 878 πρόσωπα
1503 812 1594 859 καὶ
1645 825 1764 858 σκο-

158 907 309 968 τεινῷ
353 904 603 972 χρώματι
648 896 990 968 ἑμελαίνοντο,
1044 900 1280 968 παίγνιον
1332 914 1388 948 τε
1429 900 1520 948 καὶ
1571 891 1764 948 παιδιὰ

157 995 270 1050 τοῖς
335 991 538 1050 παίζειν
595 984 828 1040 ἕθέλουσι
881 989 1204 1056 προῦκειντο.
1263 990 1427 1055 Τιμαὶ
1493 981 1552 1037 δὲ
1612 983 1764 1036 illa:

159 1086 262 1128 τῶν
315 1085 404 1136 τῆς
455 1075 696 1135 ἀληθείας
753 1073 1037 1126 ἀντιπάλων
1095 1075 1426 1146 ἠχρειοῦντο.
1495 1072 1652 1125 Ὀσοι
1703 1093 1763 1143 γε

159 1171 269 1238 μην
323 1163 457 1224 ἦσαν
513 1167 579 1216 τά
632 1166 824 1216 ἐκείνου
879 1170 1198 1236 φρονοῦντες,
1258 1168 1348 1214 καὶ
1411 1161 1762 1234 σοϐαρώτερον

159 1258 592 1329 ἑμπαροινοῦντες
641 1260 750 1314 τοῖς
811 1253 1101 1324 ἡμετέροις,
1153 1256 1246 1310 τὴν
1298 1249 1448 1314 ἀξίαν
1505 1257 1760 1323 παρεῖχον

162 1341 344 1400 δίκην.
419 1343 631 1402 Ὀποίος
723 1343 904 1400 ἐκεῖνος
981 1344 1296 1404 Πευκίντιος,
1396 1336 1599 1400 αἰδοῖος
1671 1343 1760 1412 μὲν

160 1431 340 1504 ἐκείνῳ
382 1436 472 1482 καὶ
525 1439 624 1482 τῶν
683 1429 837 1502 φίλων
887 1430 1090 1480 πάντων
1138 1431 1164 1480 ὁ
1214 1434 1594 1498 γνησιώτατος,
1639 1425 1763 1480 δισ-

161 1524 364 1581 ὐπατος
411 1539 500 1572 και
555 1521 892 1592 τρισύπατος,
965 1523 1055 1570 καὶ
1105 1517 1268 1570 ἄλλων
1347 1515 1530 1589 ἀρχῶν
1586 1515 1762 1577 ἐπιϐὰς

159 1613 412 1682 μειζόνων
473 1625 484 1637 °
545 1611 831 1668 Λουκιανός
906 1625 960 1658 τε
1007 1603 1196 1666 ἐπίσης
1253 1605 1432 1678 ἁπάσῃ
1491 1613 1614 1678 τιμῇ
1672 1611 1762 1658 καὶ

160 1699 378 1768 ἓξουσίᾳ
451 1694 796 1770 διαφερόντως
868 1703 1172 1767 τιμώμενος,
1223 1699 1314 1746 καὶ
1388 1701 1498 1756 τοῖς
1569 1695 1764 1765 αἵμασι

1866 539 1982 594 tius
2015 555 2204 612 quam
2241 539 2436 594 cultus
2473 538 2875 608 ignominiosa
2913 536 3239 593 intercedit.
3283 539 3348 592 Et
3379 535 3508 608 ipse

1865 629 2220 684 Maximinus
2252 629 2517 698 primum
2561 633 2623 682 ut
2663 627 2782 683 Deo
2825 626 3052 682 invisus
3100 630 3157 681 et
3197 631 3507 696 tyrannus,

1864 714 2066 770 litteris
2111 715 2336 788 ubique
2380 713 2725 786 propositis,
2774 713 3152 786 publicisque
3201 713 3509 769 invectivis

1863 804 2220 860 declaratur.
2245 806 2464 862 Statuas
2485 804 2616 875 ejus
2637 805 3028 876 etimagines,
3053 816 3426 875 quaecunque
3449 802 3510 856 in

1866 893 2114 950 urbibus
2133 895 2194 950 in
2223 892 2380 949 illius
2403 893 2697 950 honorem
2722 898 2932 949 erectis
2961 891 3214 957 fuerant,
3241 891 3354 948 illas
3380 891 3510 963 qui-

1863 983 2004 1038 dem
2033 999 2105 1039 ex
2130 981 2278 1038 locis
2305 981 2656 1038 editioribus
2682 981 2928 1054 deiecta
2959 981 3456 1038 comminuuntur
3487 996 3504 1036 :

1863 1074 1957 1130 has
1987 1077 2188 1128 autem
2208 1071 2270 1127 in
2299 1071 2449 1128 facie
2473 1069 2718 1143 fuligine
2737 1070 3057 1142 coloreque
3077 1075 3206 1126 atro
3231 1069 3508 1126 oblinun-

1863 1168 1976 1228 tur,
2015 1160 2316 1234 ludusque
2355 1165 2414 1216 et
2448 1159 2748 1216 ludicrum
2784 1159 3032 1216 illudere
3071 1159 3125 1214 ei
3169 1156 3507 1214 volentibus

1861 1255 2298 1324 proponuntur.
2329 1252 2393 1305 Et
2419 1249 2678 1306 honores
2707 1248 2806 1305 alii
2835 1248 3093 1305 veritatis
3122 1247 3505 1303 inimicorum

1861 1339 2198 1401 abolentur,
2225 1337 2442 1396 Deinde
2463 1339 2644 1394 etiam
2669 1337 2774 1412 qui
2793 1337 3006 1395 eadem
3029 1353 3167 1393 cum
3189 1335 3290 1392 illo
3311 1351 3509 1392 sense-

1863 1435 2014 1494 rant,
2054 1434 2372 1500 partesque
2410 1428 2541 1500 ejus
2577 1427 2763 1484 secuti
2804 1427 3061 1492 fuerant,
3095 1431 3152 1482 et
3190 1425 3509 1498 superbius

1864 1519 2053 1574 sacris
2089 1516 2304 1573 nostris
2332 1516 2657 1585 illuserant,
2689 1517 2870 1573 amici
2907 1521 2966 1572 et
2997 1515 3321 1573 familiares
3352 1515 3506 1586 ejus,

1859 1607 2053 1678 justas
2089 1605 2286 1663 ferunt
2316 1621 2546 1678 poenas.
2581 1605 2784 1672 Qualis
2815 1605 3122 1662 Peucetius
3150 1604 3247 1660 ille
3278 1603 3408 1669 fuit,
3450 1603 3509 1659 in

1868 1711 2090 1766 magna
2113 1695 2278 1768 apud
2309 1695 2474 1752 illum
2506 1695 2882 1752 veneratione
2909 1693 3174 1760 habitus,
3207 1698 3266 1749 et
3290 1693 3512 1749 amico-

159 1797 267 1839 τῶν
309 1787 423 1838 κατ’
478 1789 746 1856 Αἲγυπτον
815 1791 1139 1856 Χριστιανῶν
1192 1785 1474 1856 ὠνούμενος
1527 1786 1620 1844 τὰς
1672 1781 1762 1854 ἀρ-

1872 1801 2000 1841 rum
2045 1785 2319 1841 omnium
2353 1784 2617 1849 intimus,
2661 1785 2875 1840 iterum
2920 1799 2991 1839 ac
3027 1783 3264 1840 tertium
3303 1779 3514 1838 consul

159 1877 274 1946 χάς
301 1892 312 1904 '
359 1874 594 1926 πλεῖστοι
630 1869 688 1924 δε
743 1880 834 1924 καί
871 1871 1036 1934 ἄλλοι,
1085 1869 1160 1924 δι’
1200 1872 1268 1921 ὧν
1313 1875 1370 1924 τὸ
1413 1873 1604 1943 κράτος
1646 1869 1760 1924 ἕπο-

158 1963 340 2034 ρίζετο
391 1961 700 2032 Μαξιμῖνος,
757 1965 845 2012 καὶ
893 1958 1100 2030 φοϐερὸς
1169 1957 1339 2012 ίδόκει.
1383 1967 1492 2020 τοῖς
1540 1960 1756 2012 ἅπασιν.

159 2051 386 2122 ’Ἐφθανε
437 2047 496 2102 δὲ
549 2056 638 2102 καὶ
689 2058 964 2102 Θεοτεκνον
993 2051 1024 2106 ἠ
1080 2045 1205 2106 δίκη
1237 2045 1405 2120 μηδὲν
1456 2049 1763 2121 μελλήσασα

159 2139 238 2212 ἐφ’
289 2141 362 2200 οἷς
389 2142 523 2191 κατά
595 2145 922 2212 Χριστιανῶν
997 2137 1292 2209 ἐσκαιὼρει.
1369 2137 1486 2190 Ἐπί
1543 2140 1642 2210 γὰρ
1689 2146 1760 2208 τῷ

158 2236 406 2299 νεοπαγεῑ
480 2227 645 2298 ξοάνῳ
709 2232 798 2278 καὶ
873 2234 982 2288 τοῖς
1052 2233 1172 2301 περὶ
1245 2226 1373 2278 αὐτὸ
1425 2227 1542 2278 καθ’
1615 2229 1761 2298 ἡμῶν

159 2317 445 2388 πλάσμασι
517 2319 670 2388 τιμὰς
741 2315 1101 2390 ποριζόμενος,
1161 2314 1314 2373 ἐπέϐη
1373 2319 1462 2367 καὶ
1537 2314 1763 2387 ἀξιώμα-

160 2427 276 2468 τος.
327 2407 466 2458 Ἐπεὶ
502 2402 562 2458 δὲ
616 2409 848 2466 Λικίνιος
891 2408 983 2460 τὴν
1028 2403 1306 2476 Ἀντιόχου
1355 2404 1519 2476 εἰσῄει
1569 2410 1658 2456 καὶ
1704 2407 1762 2456 τὸ

158 2501 366 2567 γοήτων
416 2494 614 2556 πλῆθος
667 2493 738 2554 εἰς
791 2478 1079 2564 διαφθορὰν
1141 2497 1341 2562 ἤπειγε,
1407 2501 1649 2566 παρῆσαν
1703 2489 1766 2546 δί

159 2589 258 2638 καὶ
313 2585 364 2635 οἱ
413 2591 507 2635 τοῦ
561 2589 841 2652 νεοπαγοῦς
903 2583 1053 2652 ἱερεῖς
1105 2581 1311 2646 ξοάνου,
1379 2582 1622 2654 ᾐκίζοντο
1669 2587 1761 2640 την

163 2673 339 2725 αἰτίαν
397 2680 489 2733 τῆς
543 2671 748 2732 ἀπάτης
803 2671 967 2740 λέγειν
1023 2671 1407 2741 ἐκϐιαζόμενοι,
1460 2673 1509 2722 οἱ
1561 2668 1620 2724 δι
1669 2675 1762 2729 τὴν

165 2769 260 2814 τοῦ
325 2765 602 2813 Θεοτέκνου
667 2765 858 2832 τέχνην
912 2757 1290 2832 προύϐάλλοντο
1350 2775 1364 2788 ⁶
1423 2769 1625 2833 πρῶτον

1114 2855 1302 2918 γόησιν
1387 2847 1594 2911 ίκείνοις
1667 2853 1762 2908 τὴν

171 2938 314 3001 ἀξίαν
342 2935 629 3010 ἐσχεδίαζε
659 2933 836 2994 δίκην.
869 2937 985 2990 Ἐπὶ
1014 2939 1219 2998 τούτοις
1244 2938 1294 2989 οἱ
1321 2933 1504 2998 παῖδες
1533 2938 1762 3008 Μαξιμί-

171 2855 444 2904 Θεὸτεκνον
517 2852 724 2913 ἔκτεινε,
802 2855 908 2909 τοῖς
983 2845 1042 2900 δε

166 3047 256 3079 νου
282 3033 371 3080 καὶ
401 3029 450 3079 οἱ
497 3029 631 3078 κατὰ
679 3030 822 3096 γένος
850 3031 941 3078 καὶ
1001 3025 1170 3098 φιλίαν
1204 3029 1376 3097 ἐκείνῳ
1413 3030 1762 3100 προσήκοντες

165 3118 550 3192 προσετίθεντο,
582 3121 668 3167 καὶ
701 3123 796 3177 τῆς
827 3116 950 3176 ἰσης
979 3113 1193 3186 ἀτιμίας
1219 3134 1310 3167 και
1336 3119 1586 3188 τιμωρίας
1613 3119 1764 3188 μετέ-
1800 3153 1842 3209 C

162 3225 352 3278 χοντες
397 3203 748 3278 διεφθείροντο
781 3221 792 3234 ·
843 3203 972 3257 Ὀτι
1001 3223 1069 3276 γε
1123 3209 1205 3276 μὴ
1266 3201 1567 3267 ἐδέξαντο
1625 3225 1763 3259 παι.

165 3293 376 3360 δείαν,
472 3291 636 3365 μηδι
719 3303 1002 3353 συνῆκαν
1075 3298 1155 3366 μὴ
1232 3296 1608 3348 πεποιθέναι.
1677 3294 1762 3347 ἔπ’

162 3386 522 3457 ἄρχοντας,
569 3382 671 3435 ἐπὶ
719 3385 900 3442 υἱοὺς
941 3381 1310 3454 ἀνθρώπων,
1360 3387 1594 3444 οῖςοὺκ
1625 3387 1763 3438 ἔστι

166 3477 482 3543 σωτηρία.
546 3471 636 3524 Ἐν
693 3469 898 3543 ἐκείνη
969 3479 1040 3543 τῇ
1095 3473 1304 3544 ἡμέρᾳ
1366 3471 1764 3526 ἀπολοῦνται

163 3563 395 3622 πάντες
445 3562 504 3612 οἱ
561 3557 991 3631 διαλογισμοὶ
1043 3559 1276 3616 αὐτῶν.

1868 1879 2105 1930 creatus
2151 1874 2401 1945 aliisque
2448 1871 2633 1930 etiam
2679 1873 3012 1930 honoribus
3063 1873 3243 1942 gestis
3289 1870 3510 1926 clarus.

1868 1963 2168 2018 Lucianus
2190 1962 2270 2036 (t)
2288 1977 2552 2036 quoque,
2576 1963 2743 2018 omni
2763 1961 2969 2018 itidem
2994 1960 3284 2031 dignitate
3309 1975 3382 2018 ac
3411 1974 3516 2030 po-

1872 2056 2076 2108 testate
2109 2053 2411 2124 prmcipue
2459 2053 2538 2108 ab
2573 2067 2645 2108 eo
2681 2056 3028 2116 exornatus,
3071 2050 3176 2123 qui
3220 2047 3515 2118 sanguine

1869 2139 2272 2212 Egyptiorum
2297 2139 2768 2196 Christianorum
2807 2140 3064 2194 honores
3097 2138 3210 2194 sibi
3241 2141 3298 2193 et
3330 2136 3516 2205 magi-

1872 2235 2093 2285 stratus
2123 2234 2456 2300 paraverat.
2487 2227 2726 2284 Plurimi
2756 2234 3044 2298 praeterea
3073 2226 3196 2292 alii,
3227 2241 3334 2298 per
3361 2240 3517 2298 quos

1871 2325 2224 2390 potestatem
2243 2317 2604 2374 Maximinus
2621 2332 2947 2383 summam,
2970 2321 3034 2372 ut
3053 2315 3340 2372 omnibus
3356 2315 3519 2370 terri-

1873 2407 2000 2463 bilis
2031 2406 2345 2471 videretur,
2383 2409 2746 2462 consecutus
2793 2404 3005 2461 fuerat.
3060 2403 3520 2476 Comprehendit

1870 2509 2113 2568 quoque
2162 2494 2562 2551 Theotecnum
2615 2493 2882 2550 vindicta
2935 2509 3056 2549 non
3105 2492 3208 2548 diu
3259 2496 3516 2556 morata,

1871 2593 2115 2658 propter
2137 2584 2360 2642 scelera
2383 2600 2457 2640 ea
2483 2599 2614 2656 quas
2646 2583 2936 2639 adversus
2969 2581 3330 2638 Christianos
3357 2597 3519 2636 com-

1875 2680 2109 2730 mentus
2155 2674 2364 2730 fuerat.
2410 2672 2580 2738 Quod
2623 2672 2785 2728 enim
2821 2677 3060 2744 propter
3105 2686 3333 2726 novum
3376 2669 3519 2724 illud

1872 2763 2262 2818 simulacrum
2287 2767 2346 2818 et
2364 2761 2651 2832 ﬁgmenta
2669 2765 2878 2816 contra
2899 2777 3014 2816 nos
3043 2759 3300 2815 excitata
3330 2758 3524 2813 hono-

1871 2869 1934 2908 re
1963 2858 2172 2908 auctus
2210 2851 2420 2916 fuerat,
2461 2853 2541 2908 ad
2578 2850 2900 2920 dignitates
2930 2864 3172 2923 quoque
3203 2848 3522 2920 primarias

1869 2947 1958 2998 est
1982 2947 2242 2997 evectus.
2271 2942 2336 2997 Et
2361 2945 2686 3014 postquam
2706 2939 2963 2995 Licinius
2987 2937 3366 2994 Antiochiam
3393 2952 3525 3008 per-

1869 3030 2053 3096 venit,
2085 3036 2142 3086 et
2175 3045 2491 3100 magorum
2517 3034 2698 3102 atque
2724 3028 3130 3100 impostorum
3161 3026 3402 3082 turbam
3446 3025 3524 3079 ad

1871 3119 2174 3175 interitum
2199 3118 2398 3188 adegit
2421 3117 2662 3175 adfuere
2685 3117 2767 3174 ibi
2801 3117 3052 3173 recentis
3095 3115 3252 3171 illius
3283 3113 3523 3170 simula-

1872 3209 1957 3266 cri
1981 3209 2340 3276 sacerdotes,
2366 3207 2799 3280 tormentisque
2823 3205 3018 3263 affecti
3042 3220 3292 3262 causam
3326 3204 3523 3274 impo-

1873 3303 2049 3354 sturee
2084 3313 2208 3353 sum
2237 3299 2414 3354 edere
2444 3303 2583 3354 sunt
2611 3297 2821 3354 coacti.
2853 3297 3046 3368 Atque
3083 3294 3167 3350 illi
3199 3293 3303 3350 ubi
3336 3292 3526 3348 Theo-

1872 3388 2027 3444 tecni
2067 3387 2339 3446 fraudem
2378 3385 2714 3458 prodidere,
2764 3384 3030 3458 primum
3061 3383 3316 3440 Licinius
3345 3383 3525 3438 Theo—

1871 3479 2114 3531 tecnum
2147 3475 2383 3541 occidit,
2415 3474 2633 3531 deinde
2661 3472 3094 3547 impostoribus
3126 3473 3237 3527 illis
3275 3472 3522 3539 dignam

1871 3564 2085 3620 inﬂixit
2108 3579 2372 3636 poenam.
2397 3563 2484 3619 Ad
2505 3564 2618 3619 hoc
2643 3561 2948 3619 Maximini
2973 3561 3161 3627 liberi,
3194 3565 3252 3616 et
3285 3560 3388 3632 qui
3433 3559 3522 3614 vel

163 3665 383 3719 genere
435 3650 520 3704 vel
562 3649 823 3704 amicitia
863 3649 915 3702 ei
965 3650 1264 3718 conjuncti
1313 3657 1501 3715 erant,
1551 3653 1784 3723 adjecti,
1837 3655 2082 3724 parique
2130 3651 2496 3708 contumelia
2532 3657 2591 3708 et
2640 3667 2824 3724 pmna
2864 3650 3079 3716 affecti,
3137 3649 3274 3706 caesi
3317 3652 3458 3704 sunt
3501 3667 3516 3701 :

167 3738 459 3804 Quoniam
487 3755 606 3794 non
635 3743 1021 3802 susceperunt
1042 3737 1446 3806 disciplinam,
1475 3756 1662 3811 neque
1685 3743 2115 3798 intellexerunt
2147 3745 2213 3797 ut
2240 3757 2360 3798 non
2389 3741 2756 3812 conﬁderent
2777 3741 2842 3796 in
2864 3737 3258 3812 principibus,
3286 3738 3350 3794 in
3378 3739 3520 3807 ﬁliis

165 3827 473 3884 hominum
504 3829 564 3882 iu
594 3826 806 3898 quibus
837 3843 957 3882 non
984 3833 1067 3882 est
1093 3829 1276 3883 satus.
1301 3826 1370 3882 In
1399 3829 1496 3884 die
1517 3844 1658 3898 ergo
1684 3831 1799 3888 ilia
1825 3831 2136 3900 perierunt
2155 3845 2354 3888 omnes
2379 3830 2757 3901 cogitationes
2776 3830 3047 3886 illorum.

779 3953 1021 4005 ΚΕΦΑΛ.
1069 3951 1159 4006 Μ’.

169 4063 322 4131 Περὶ
380 4067 490 4119 τῆς
539 4059 1098 4128 πρυτανευθείσης
1145 4059 1295 4131 ἡμῖν
1346 4060 1410 4110 ἑκ
1465 4066 1626 4111 Θεοῦ
1685 4059 1764 4112 εἰ-

313 4134 518 4202 ρήνης
543 4135 798 4181 καὶτῶν
837 4132 1002 4180 κατά
1039 4133 1231 4182 τόπον
1263 4130 1621 4199 ἐγκαινίων.

239 4243 351 4289 Τῶν
409 4233 468 4290 δὲ
519 4239 769 4308 θεομισών
819 4239 1076 4308 τυράννων
1127 4237 1288 4297 οὕτως
1345 4236 1398 4288 ἐκ
1457 4245 1548 4289 τοῦ
1603 4243 1766 4310 μέσου

161 4331 534 4398 γεγενημένοιν,
583 4328 648 4376 τά
685 4333 774 4385 τῆς
831 4323 1094 4398 βασιλείας
1140 4325 1331 4400 στερρά
1363 4345 1416 4377 τε
1471 4333 1557 4378 καὶ
1613 4324 1764 4380 ἀδιά-

2410 3955 2580 4028 501
2633 3955 2854 4011 CAPUT
2882 3955 2989 4012 XL.

1876 4064 1960 4119 De
1973 4077 2135 4132 pace,
2155 4061 2430 4130 beneﬁcio
2444 4063 2541 4119 Dei
2553 4061 2903 4118 Christianis
2917 4069 3100 4131 parta
3115 4066 3165 4116 et
3179 4059 3495 4116 conciliata
3505 4101 3518 4126 ,

2232 4140 2287 4191 et
2307 4133 2615 4190 celebratis
2638 4135 2854 4205 passim
2877 4132 3167 4190 encaeniis.

1947 4239 2240 4312 Tyrannis
2290 4241 2410 4296 Deo
2452 4239 2662 4295 invisis
2706 4238 2790 4294 ita
2833 4238 3102 4304 sublatis,
3152 4253 3247 4292 res
3287 4235 3522 4308 imperii

1877 4329 2055 4386 totius.
2079 4329 2268 4384 firmas
2299 4334 2476 4400 atque
2501 4329 2874 4384 inconcussas
2903 4327 2978 4383 ad
3009 4327 3168 4382 solos
3199 4327 3524 4382 Constanti-

166 4433 352 4466 σειστα
389 4420 566 4485 μόνοις
607 4413 931 4466 κατελείπετο
984 4419 1350 4485 Κωνσταντίνῳ
1377 4420 1468 4466 καὶ
1500 4421 1720 4488 Λικινίῳ
1751 4436 1763 4449 ο

1878 4433 2026 4474 num
2069 4423 2125 4473 et
2172 4417 2462 4474 Licinium
2507 4431 2828 4488 pervenere
2879 4432 2892 4470 :
2939 4415 3044 4488 qui
3091 4415 3370 4488 pessimis
3414 4413 3526 4469 illis

166 4501 219 4555 οἱ
249 4511 347 4554 τῶν
389 4507 647 4554 κακίστων
677 4505 732 4554 ἐκ
771 4510 862 4553 τοῦ
911 4499 1030 4575 βίον
1079 4498 1450 4576 διαρρυέντων,
1483 4503 1632 4556 αὐτοὶ
1680 4505 1770 4558 οἰτε

165 4599 260 4652 τῆς
312 4595 485 4653 θςῐκῆς
542 4590 782 4664 rigor/xii;
830 4592 902 4652 si;
951 4589 1140 4662 ἀκριϐῆ
1193 4599 1373 4665 πεῖραν
1425 4594 1654 4656 ἥκοντες,
1711 4598 1768 4647 τὸ

168 4689 266 4742 τῆς
319 4681 487 4732 αὐτῶν
536 4685 756 4740 πίστεως
812 4679 1008 4751 εὐγενὴς
1057 4685 1148 4734 καὶ
1202 4684 1332 4754 πρὸς
1384 4681 1596 4734 ἅπασαν
1652 4682 1771 4756 ἀρε-

169 4773 267 4828 τὴν
307 4765 498 4834 δεξιὸν,
550 4765 642 4821 διὰ
685 4776 776 4820 τοῦ
829 4769 956 4840 ὑπὲρ
1013 4777 1342 4844 Χριστιανῶν
1395 4773 1566 4824 πάντα
1613 4779 1769 4824 κινεῖν

166 4864 263 4911 καὶ
319 4857 656 4932 ἐργάζεσθαι,
735 4863 825 4910 καὶ
875 4864 1065 4930 νόμους
1114 4861 1238 4928 ὑπὲρ
1299 4859 1468 4912 αὐτῶν
1527 4858 1770 4933 ἀσφαλεῖς

167 4949 390 5016 ἐξάγειν,
451 4947 746 5018 ἀρκούντως
799 4944 1095 5009 ὑπέδειξαν.
1155 4953 1253 5000 Καὶ
1309 4945 1378 5007 δὴ
1431 4946 1630 5024 φαιδρά
1678 4953 1768 5022 μεν

169 5039 342 5109 ἡμέρα
391 5041 482 5088 καὶ
543 5031 767 5105 διαυγὴς
833 5031 1045 5096 οὐδενὸς
1109 5034 1547 5110 ὶπιπροσθοῦντος
1597 5042 1772 5111 νέφους

169 5124 430 5197 ἐπελαμπε
483 5133 758 5197 πανταχοῦ
789 5143 802 5156 ·
853 5129 940 5177 καὶ
997 5125 1108 5177 θεία
1159 5144 1239 5186 τις
1295 5125 1450 5198 αἴγλη
1505 5128 1772 5199 ὑπερφυὴς

168 5219 290 5274 ταῖς
334 5211 430 5264 ἀνὰ
482 5217 576 5271 τὴν
625 5212 928 5282 οἰκουμένην
997 5211 1300 5273 ἐκκλησίαις
1350 5219 1768 5288 κατήστραπτεν.

165 5302 250 5356 Ἐν
280 5301 481 5373 ἀφθόνῳ
530 5298 590 5354 δὲ
618 5304 923 5372 προῦκειντο
975 5302 1042 5352 τὰ
1069 5302 1296 5374 ἡμέτερα
1326 5321 1340 5334 ·
1398 5308 1487 5356 καὶ
1543 5309 1642 5365 πᾶς
1697 5323 1773 5365 τις

168 5391 230 5444 ἐκ
269 5395 578 5462 περιουσίας
617 5397 826 5462 μετεῖχε
879 5398 969 5450 τῆς
1023 5389 1080 5442 ίκ
1141 5396 1275 5444 Θεοῦ
1331 5395 1772 5466 πρυτανευθείσης

249 5498 268 5532 ¹
303 5496 458 5552 Psal.
493 5513 664 5564 CXLV,
698 5501 752 5552 4.

1879 4506 2212 4580 oppressis,
2259 4506 2402 4561 satis
2439 4513 2600 4562 certo
2643 4506 2765 4560 vim
2805 4505 2993 4560 divini
3033 4504 3238 4560 auxilii
3275 4504 3522 4569 experti,

1881 4595 2018 4652 ﬁdei
2059 4612 2184 4651 suae
2225 4594 2708 4665 generositatem,
2750 4599 2808 4650 et
2845 4593 2924 4650 ad
2964 4594 3238 4650 virtutem
3281 4607 3526 4649 omnem

1881 4685 2369 4757 propensionem,
2388 4699 2497 4756 pro
2519 4683 2868 4740 Christianis
2890 4683 3098 4739 omnia
3119 4681 3419 4738 movendo
3445 4687 3528 4736 at-

1878 4790 1996 4846 que
2034 4773 2290 4844 agendo,
2327 4777 2384 4828 et
2419 4772 2580 4844 leges
2618 4787 2729 4844 pro
2759 4787 2967 4828 eorum
2999 4771 3188 4828 salute
3226 4776 3284 4828 et
3311 4771 3530 4826 securi-

1881 4869 1994 4919 tate
2008 4861 2474 4940 promulgando,
2489 4862 2731 4918 abunde
2747 4861 3156 4918 ostenderunt.
3173 4861 3378 4932 Itaque
3395 4859 3530 4915 laeta

1881 4951 2214 5008 admodum
2253 4957 2309 5005 et
2351 4966 2563 5006 serena
2599 4966 2866 5022 prorsus,
2907 4949 3066 5006 nulla
3109 4949 3530 5005 interveniente

1880 5039 2060 5105 nube,
2097 5039 2320 5112 ubique
2345 5039 2536 5096 illuxit
2553 5039 2705 5104 dies,
2743 5044 2800 5096 et
2822 5039 3063 5095 divinus
3087 5038 3335 5111 quidam
3375 5037 3536 5092 miri-

1880 5127 2150 5200 ﬁcusque
2175 5128 2455 5184 ecclesias
2477 5145 2583 5202 per
2618 5129 2826 5185 orbem
2851 5143 3061 5184 omnes
3092 5126 3376 5198 splendor
3397 5125 3529 5182 illu-

1882 5217 2151 5282 minavit,
2193 5221 2250 5272 et
2283 5233 2378 5272 res
2407 5221 2625 5272 nostrae
2651 5222 2791 5272 tutae
2822 5221 3002 5288 atque
3034 5220 3200 5272 extra
3239 5213 3529 5270 invidiam

1881 5321 2124 5362 omnem
2152 5307 2357 5377 posita:
2381 5305 2640 5362 fuerunt.
2670 5305 2925 5362 Abunde
2955 5303 3203 5376 quilibet
3235 5305 3367 5376 ejus
3393 5318 3532 5376 qum

1881 5409 1919 5451 a
1963 5393 2084 5451 Deo
2134 5394 2404 5451 immissa
2445 5393 2720 5467 factaque
2765 5394 2978 5459 fuerat,
3025 5392 3190 5466 pacis
3237 5393 3534 5466 particeps

256 5604 330 5674 (t)
373 5603 662 5660 Eusebius
703 5603 1120 5669 Culchianum,
1164 5602 1414 5660 Ruﬁnus
1450 5605 1833 5674 Quintianum
1869 5606 2072 5666 habet.
