4028 6294
567 303 712 359 1299

1881 300 2275 359 NICEPHORI
2315 299 2638 357 CALLISTI
3709 307 3799 365 m0

552 428 748 484 factus
769 431 860 484 est
886 445 904 498 ;
932 430 990 483 et
1007 426 1417 482 dominatione
1437 427 1666 498 injusta
1687 428 1962 501 depulsa,
1988 429 2143 484 liber.

2230 429 2276 482 A
2311 429 2521 501 εἰρήνης
2554 449 2565 458 ·
2614 436 2704 484 καὶ
2748 438 2839 492 τῆς
2893 428 3204 493 δυναστείας
3262 427 3624 505 διαρραγείης,
3669 434 3808 488 anu.

551 517 672 573 lem
714 517 1132 588 unusquisque
1169 516 1479 587 conspexit
1520 517 1729 584 solem,
1768 517 1964 573 solum
1997 533 2200 573 verum

553 607 736 661 Deum
779 605 1018 677 piorum
1061 610 1574 676 propugnatorem
1619 606 1901 662 laudibus
1953 607 2201 662 vehens.

557 696 969 766 Omnibusque
1016 694 1226 764 ingens
1281 694 1526 749 incessit
1577 695 1794 758 laetitia.
1850 711 1945 750 res
1994 711 2205 750 omnes

555 784 730 856 quasi
748 783 1168 838 reviviscentes
1185 782 1591 847 cernentibus,
1614 799 1751 855 quas
1775 783 2008 839 dudum
2031 785 2208 856 pesti-

553 873 679 928 fera
708 871 877 926 clade
899 875 955 926 et
978 870 1318 925 calamitate
1347 872 1708 927 interierant.
1745 873 1948 944 Itaque
1980 874 2210 940 magni-

554 961 669 1016 ﬁca
699 959 923 1031 templa
960 959 1354 1029 amplitudine
1386 965 1442 1014 et
1473 961 1836 1017 sublimitate
1876 963 2120 1031 ingenti,
2153 969 2210 1017 et

555 1051 734 1118 longe
773 1064 960 1120 quam
992 1053 1168 1103 antea
1195 1051 1508 1103 venustate
1539 1057 1594 1104 et
1634 1049 1952 1120 splendore
1983 1051 2210 1121 majore

557 1141 899 1195 constructa
947 1155 960 1203 ;
993 1142 1048 1192 et
1077 1137 1243 1208 quod
1272 1139 1548 1193 omnium
1577 1139 1752 1194 nobis
1783 1144 1869 1194 est
1915 1140 2211 1210 optatissi-

557 1241 751 1290 mum,
781 1225 914 1281 festi
944 1225 1072 1280 dies
1105 1227 1507 1281 encaeniorum
1538 1242 1954 1298 novarumque
1977 1228 2212 1284 dedica-

557 1318 789 1372 tionum
813 1314 1124 1386 splendide
1147 1315 1283 1377 acti,
1308 1330 1490 1369 sacrm
1509 1315 1668 1371 sedes
1692 1331 1898 1372 recens
1921 1317 2204 1382 fundatas,

559 1407 980 1477 episcoporum
1033 1403 1295 1474 undique
1349 1405 1832 1460 convenientium
1881 1411 2210 1462 conventus

559 1493 840 1549 celebrati
858 1512 870 1560 ;
886 1498 943 1548 et
963 1491 1174 1547 Christi
1192 1492 1465 1547 membra
1483 1501 1756 1549 amanter
1783 1495 1945 1550 aliud
1968 1495 2209 1550 aliunde

558 1582 939 1646 conﬂuentis,
967 1596 1174 1636 rursus
1201 1581 1280 1636 ad
1307 1595 1487 1636 unam
1512 1581 1893 1639 harmoniam
1917 1584 2210 1654 corporis-

558 1688 677 1745 que
701 1670 1184 1726 constitutionem
1209 1669 1485 1724 decenter
1520 1676 1834 1741 compacta
1866 1689 1881 1737 ς
1915 1677 2113 1743 atque,
2149 1677 2211 1727 ut

2311 537 2401 592 ρον
2432 525 2533 581 πᾶς
2565 535 2639 579 τις
2683 520 2818 592 ἐώρα
2844 524 2929 572 τόν
2975 521 3142 585 ἣλιον,
3176 537 3326 591 μονον
3375 521 3589 578 ἀληθινὸν
3615 529 3714 574 Θεὸν
3749 533 3807 577 τὸν

2313 615 2414 658 τῶν
2490 607 2712 660 εὐσεϐῶν
2765 611 3080 682 ὑπερμαχον
3157 608 3406 680 ἁνυμνῶν.
3465 616 3552 662 Καὶ
3596 613 3720 669 πολλή
3763 633 3808 674 τις

2316 696 2594 768 ἐπεσκίρτα
2623 705 2755 750 πᾶσι
2785 700 2933 769 χαρά
2973 713 2986 725 ·
3022 701 3196 769 ὥσπερ
3230 697 3594 749 mensuum
3634 699 3809 770 summ

2315 789 2620 859 πράγματα,
2690 790 2756 838 τὰ
2802 787 2966 839 πάλαι
3019 796 3080 859 τῇ
3134 787 3429 860 φθοροποιῷ
3480 788 3599 859 λύμη
3640 786 3811 860 διεγειρ-

2318 879 2462 945 μένα.
2526 881 2626 928 Καὶ
2684 873 2752 933 δὴ
2809 875 3214 946 μεγαλοπτεπεῖς
3263 881 3378 936 νεὼς
3433 875 3729 949 ἀνηγείροντο,
3770 882 3809 937 εἰς

2319 963 2453 1033 ὕψος
2477 969 2608 1036 μέγα
2651 971 2740 1016 καὶ
2769 965 2960 1025 πλάτος
3013 967 3293 1036 αἰρόμενοι,
3339 965 3501 1034 πολλῷ
3533 962 3585 1017 δὲ
3625 971 3813 1038 κρείττενι

2317 1058 2408 1104 καὶ
2459 1057 2552 1110 τὴν
2611 1053 2828 1124 ἀγλαΐαν
2885 1057 3027 1124 παρὰ
3080 1059 3175 1110 τὴν
3233 1059 3482 1128 προτέραν
3527 1053 3817 1125 inﬂantibu-

2318 1161 2420 1203 τις.
2453 1148 2551 1195 Καὶ
2593 1143 2648 1194 τό
2696 1147 2897 1195 πάντων
2945 1145 3070 1214 ἡμῖν
3126 1143 3506 1207 εὐκταιότατον,
3553 1143 3697 1214 ἑορταὶ
3731 1151 3814 1195 mi

2318 1231 2486 1291 πόλεις
2543 1231 2812 1302 ἐγκαινίων
2861 1233 3214 1304 λαμπρότερον
3269 1231 3507 1304 ἄτιμῶντο
3550 1251 3562 1263 ·
3628 1243 3814 1301 near/in

2318 1339 2373 1372 τε
2426 1329 2546 1372 νεῶν
2609 1318 2972 1394 καθιδρύσας,
3035 1320 3330 1372 ἐπισκόπων
3386 1340 3439 1372 τε
3509 1323 3716 1372 πάντοθεν
3754 1323 3813 1372 illa

2320 1410 2543 1480 ζομένων
2589 1417 2985 1482 συνεκροτοῦντο
3049 1406 3300 1482 συνέδρια
3353 1427 3367 1439 ·
3419 1414 3506 1460 καὶ
3556 1413 3613 1460 τὰ
3656 1417 3807 1483 Χριστιὴ

2317 1498 2443 1570 μέλη
2521 1498 2833 1571 φιλοφρόνως
2909 1498 3117 1550 ἄλλοθεν
3193 1499 3321 1550 ἄλλα
3387 1502 3587 1563 ἡκοντα,
3643 1499 3696 1558 εἰς
3745 1505 3810 1569 μίαν

2319 1585 2466 1647 αὖθις
2512 1588 2760 1659 ἁρμονίαν
2821 1590 3108 1660 ἣρμόζοντο
3154 1606 3166 1618 ·
3227 1593 3316 1640 καὶ
3354 1596 3662 1660 προφητικῶς
3703 1589 3814 1644 εἰπεῖν,

2320 1677 2538 1728 ὁστέον
2578 1681 2730 1750 πρὸς
2771 1677 3018 1742 ὁστέον,
3062 1682 3174 1729 καὶ
3215 1676 3490 1749 ἁρμονία
3526 1681 3665 1751 πρὸς
3697 1677 3818 1746 ἀρρε-

559 1777 698 1817 cum
721 1759 1015 1831 propheta
1036 1759 1258 1825 dicam,
1280 1773 1340 1812 os
1371 1759 1451 1813 ad
1474 1773 1557 1822 οε,
1585 1765 1640 1814 et
1660 1759 1948 1829 junctum
1975 1762 2056 1816 ad
2068 1763 2150 1830 ju:

2247 1772 2287 1826 Β
2317 1771 2454 1817 νίαν
2497 1772 2810 1834 συνήγετο
2840 1783 2853 1795 ·
2906 1771 2994 1817 καὶ
3043 1768 3142 1817 ὅσα
3174 1767 3436 1826 θεσπίζων
3467 1768 3491 1817 ό
3522 1769 3638 1826 θεῖος
3660 1773 3819 1836 aposset-

559 1857 791 1907 cturam
820 1855 1131 1904 contracta
1160 1868 1182 1916 ;
1207 1852 1263 1900 et
1289 1863 1420 1918 quae
1452 1852 1738 1918 prasterea
1768 1864 1874 1920 per
1897 1850 2208 1905 oraculum

559 1939 832 1993 divinum
875 1936 1148 2008 prasdixit
1185 1935 1458 2001 verbum,
1499 1937 1745 2007 impleta
1787 1953 1858 1993 ea
1891 1945 2046 1993 sunt.
2083 1938 2212 1994 Una

559 2027 744 2083 divini
790 2026 1038 2097 Spiritus
1077 2025 1163 2079 vis
1202 2039 1309 2096 per
1347 2041 1558 2080 omnes
1607 2041 1926 2096 peragrare
1971 2029 2211 2099 cognita

560 2121 668 2182 est,
697 2116 968 2170 omnium
1002 2130 1123 2168 una
1152 2115 1378 2178 anima,
1407 2119 1464 2169 et
1487 2114 1644 2170 idem
1675 2117 1942 2171 studium
1971 2131 1984 2170 :
2018 2117 2211 2172 omni-

558 2205 675 2261 bus
706 2205 766 2259 in
797 2220 897 2260 ore
928 2203 1057 2268 fuit,
1086 2207 1144 2257 et
1173 2203 1252 2258 ab
1275 2202 1549 2258 omnibus
1581 2204 1896 2260 exauditus
1921 2211 2008 2260 est
2039 2206 2210 2276 hym-

562 2310 678 2349 nus
705 2307 882 2360 unus,
908 2291 1278 2347 divinitatem
1303 2291 1465 2346 verbi
1497 2293 1594 2348 Dei
1620 2301 1914 2349 concentu
1939 2295 2210 2365 pulcher-

558 2384 715 2439 rimo
747 2382 1078 2447 celebrans,
1115 2381 1430 2453 cultusque
1461 2381 1732 2437 Numinis
1764 2399 1973 2454 purus,
2012 2392 2067 2439 et
2097 2385 2211 2439 sin-

561 2489 766 2529 cerum
817 2471 1201 2535 sacriﬁcium,
1259 2471 1600 2526 sanctiones
1651 2477 1709 2526 et
1764 2474 2210 2529 constitutiones

561 2562 971 2624 ecclesiarum,
1010 2559 1385 2631 psalmorum
1430 2564 1667 2628 cantus,
1699 2561 2077 2632 frequentati.
2127 2565 2212 2619 Ad

559 2653 708 2716 haec,
743 2650 927 2705 divini
955 2650 1116 2705 verbi
1149 2650 1518 2721 prmdicatio,
1549 2655 1727 2722 atque
1759 2667 1982 2708 arcana
2011 2656 2215 2725 mysti-

562 2755 754 2812 caque
786 2739 1112 2794 ministeria
1142 2739 1237 2810 pie
1269 2743 1593 2810 sancteque
1619 2747 1884 2811 peracta,
1926 2748 1982 2797 et
2015 2743 2216 2798 saluti-

559 2830 698 2885 feraa
725 2829 1020 2898 passionis
1042 2827 1466 2883 inenarrabilia
1487 2829 1764 2899 symbols.
1785 2839 1842 2886 et
1863 2832 2034 2899 signa
2058 2848 2214 2888 sum-

559 2925 687 2989 pta.
725 2919 897 2989 502
937 2920 1092 2972 Etas
1126 2932 1368 2988 quoque
1403 2919 1625 2988 omnis,
1663 2923 1720 2974 et
1752 2920 1950 2974 omnis
1985 2923 2216 2991 generis

562 3007 859 3072 homines,
889 3006 1139 3062 orationi
1169 3010 1226 3060 et
1255 3007 1592 3076 graciarum
1620 3009 1840 3064 actioni
1867 3010 2217 3066 incumben-

2320 1853 2446 1914 ϐαζε
2483 1853 2670 1925 λόγος·
2701 1859 2798 1925 μία
2824 1873 2876 1906 τε
2912 1857 3048 1906 θείου
3085 1857 3381 1926 Πνεύματος
3413 1851 3621 1924 δύναμις
3644 1850 3719 1905 διὰ
3739 1857 3823 1903 πείν-

2318 1963 2417 1994 των
2447 1950 2704 2016 χωροῦσα
2731 1941 3098 2014 διεγινώσκετο
3126 1959 3138 1972 ·
3163 1943 3407 2000 ἀπήντων
3436 1960 3489 1994 τε
3517 1948 3604 2011 μία
3627 1941 3748 2011 ψυχή
3769 1961 3821 1991 ιιι

2320 2029 2528 2088 σπουδή
2559 2034 2587 2089 ἠ
2617 2032 2744 2089 αὐτή
2779 2050 2791 2061 ·
2833 2033 2992 2103 ὕμνος
3017 2051 3069 2084 τε
3115 2038 3276 2083 πᾶσιν
3308 2032 3380 2092 εἷς
3422 2032 3668 2093 ἐξηκούετο
3693 2032 3716 2086 ἡ
3743 2047 3826 2078 τινα

2319 2125 2558 2194 αρμόνιος
2616 2120 2871 2192 θεολογία,
2922 2125 3052 2191 άγνή
3095 2141 3149 2173 τε
3194 2124 3454 2193 θρησκεία
3507 2126 3589 2172 καὶ
3639 2123 3826 2189 ὶιρονργίι

2319 2210 2626 2281 ἀκραιφνὴς,
2705 2213 2886 2282 θεσμοί
2959 2229 3012 2262 τε
3086 2209 3375 2268 ἐκκλησιῶν
3449 2215 3534 2261 καὶ
3620 2206 3826 2268 διατάξεις.

2318 2295 2634 2371 Ψαλμῳδίαι
2687 2296 2736 2350 δ’
2795 2299 2877 2350 ἐπὶ
2933 2304 3126 2351 τούτων
3177 2305 3264 2351 καὶ
3319 2301 3468 2351 θείων
3518 2299 3661 2368 λόγων
3697 2297 3827 2368 6:196:-

2323 2405 2427 2452 σις,
2477 2393 2730 2458 μυστικαί
2773 2405 2826 2440 τε
2873 2385 3135 2440 διακονίαι
3177 2391 3316 2460 ἰερῶς
3372 2389 3664 2459 τελούμεναι,
3705 2388 3829 2436 auiti

2322 2485 2413 2528 τοῦ
2473 2482 2732 2548 σωτηρίου
2793 2479 2990 2538 πάθους
3053 2471 3320 2551 ἀπόρρητα
3403 2476 3640 2549 σύμϐολα.
3688 2474 3829 2526 ’Πλαία

2325 2563 2384 2618 δὲ
2415 2573 2560 2617 πᾶσα
2602 2571 2690 2618 καὶ
2719 2571 2863 2636 γένος
2910 2567 3065 2631 ἅπαν,
3110 2567 3240 2638 εὐχῇ
3293 2572 3386 2619 καὶ
3430 2567 3714 2638 εὐχαριστίᾳ
3745 2580 3830 2632 σχο-

2323 2655 2498 2718 λάζον,
2541 2659 2625 2706 τὸν
2676 2664 2772 2705 τῶν
2827 2653 3032 2725 ἀγαθῶν
3070 2654 3285 2717 ἐξάπινα
3339 2658 3585 2728 πρύτανιν
3640 2656 3832 2723 γεραίρον-

2323 2762 2403 2805 τες
2457 2741 2590 2800 ἦσαν
2625 2759 2638 2773 ’
2689 2744 2833 2814 λόγοι
2883 2762 2933 2796 τε
2976 2748 3277 2817 προῦκειντο
3333 2748 3686 2816 πανηγυρικοὶ,
3737 2741 3830 2798 ὠςά

2325 2836 2500 2907 καιρός
2549 2829 2854 2903 σχεδιάζων
2885 2829 3089 2886 ἐδίδου.
3135 2838 3234 2885 Καὶ
3261 2852 3341 2894 τις
3394 2832 3443 2884 ἐν
3482 2835 3691 2900 τοσούτῳ
3716 2829 3831 2882 ἐκκλε-

2327 2926 2446 2982 σίας
2516 2927 2818 2992 συστήματι
2894 2921 3123 2982 ἐπιεικής
3188 2941 3264 2982 τις
3337 2923 3475 2992 οἷγαν
3539 2924 3620 2971 καὶ
3676 2923 3826 2988 μέτριος,

2323 3011 2575 3063 πλείστων
2608 3008 2676 3068 δή
2708 3015 2994 3085 παρόντων,
3051 3013 3099 3063 ἓν
3126 3015 3306 3083 κόσμῳ
3346 3029 3404 3062 τε
3435 3015 3523 3061 καὶ
3563 3011 3751 3080 ἡσύχως
3776 3010 3825 3058 τίν

562 3101 674 3163 tes,
735 3095 1176 3150 conciliatorem
1235 3099 1291 3150 et
1345 3101 1650 3152 auctorem
1705 3101 1826 3152 tam
1881 3099 2150 3155 subitoru

2253 3123 2294 3179 C
2326 3100 2578 3172 ἀκρόασιν
2637 3105 3012 3171 πεποιημένων,
3064 3100 3244 3172 λόγους
3304 3103 3620 3171 συνθέμενος,
3678 3096 3741 3146 ἐπὶ
3773 3109 3816 3161 με·

560 3183 864 3240 bonorum
910 3183 1252 3239 laudarunt.
1306 3185 1632 3240 Conciones
1675 3188 2096 3259 orationesque
2136 3207 2151 3244 ι

1152 3187 1252 3239 int.
1306 3185 1632 3240 Conciones
1675 3188 2096 3259 orationesque
2136 3189 2214 3245 ad
2328 3209 2421 3249 σης
2470 3198 2697 3262 προῆγεν
2731 3206 2743 3219 ·

561 3273 878 3346 populum,
924 3288 1033 3344 pro
1068 3288 1139 3327 eo
1179 3277 1360 3344 atque
1405 3278 1642 3345 tempus
1685 3275 2003 3347 derepente
2043 3292 2214 3348 argu-

564 3367 837 3418 mentUm
869 3361 1312 3433 suppeditabat,
1337 3362 1399 3416 in
1429 3364 1823 3418 conventibus
1847 3365 2091 3420 habitae.
2124 3371 2216 3420 At-

563 3467 682 3523 que
713 3451 922 3522 aliquis
948 3451 1008 3504 in
1041 3455 1162 3505 tam
1193 3450 1484 3521 frequenti
1517 3451 1779 3507 ecclesias
1803 3455 2090 3509 concione
2111 3455 2218 3510 hu-

564 3554 785 3596 manus
821 3544 1000 3611 atque
1041 3539 1348 3594 modestus
1390 3539 1651 3611 piusque
1691 3542 1796 3604 vir,
1836 3543 1894 3597 in
1932 3543 2217 3614 plurimo-

563 3646 699 3686 rum
723 3629 1040 3684 hominum
1067 3633 1120 3683 et
1151 3627 1489 3701 aliquorum
1515 3631 1936 3702 episcoporum
1964 3649 2218 3703 praesen-

565 3718 952 3784 tia,decenter
965 3723 1018 3771 et
1031 3717 1262 3787 placide
1275 3734 1450 3773 aures
1464 3719 2216 3790 prmbentium,orationem

565 3807 731 3862 domi
760 3807 1156 3877 compositam
1187 3807 1246 3861 in
1272 3807 1542 3862 medium
1573 3809 1856 3878 produxit
1883 3811 1987 3881 (1).
2016 3810 2217 3875 Qualis

564 3896 665 3950 illa
694 3895 821 3958 fuit,
850 3911 1036 3966 quam
1061 3895 1307 3951 Paulino
1332 3897 1459 3966 Tyri
1485 3897 1773 3968 episcopo
1799 3899 2044 3968 quidam
2070 3900 2218 3970 opti-

563 4001 661 4039 me
699 3984 1011 4038 dedicavit.
1049 3981 1324 4038 Paulinus
1355 4001 1532 4054 porro
1576 3985 1684 4040 iste
1715 3987 1877 4056 apud
1911 3988 2217 4042 Phoenices

2805 3192 2978 3262 ὥσπερ
3027 3189 3081 3241 ὃν
3146 3189 3384 3259 Παυλίνῳ
3444 3197 3535 3248 τῆς
3585 3190 3750 3257 Τυρίων
3778 3180 3820 3230 im

2327 3282 2505 3348 σκόπῳ
2557 3287 2874 3350 προσφωνῶν
2922 3298 3020 3342 τις,
3067 3279 3263 3349 ἄριστα
3315 3275 3575 3340 διεξῆλθεν
3626 3296 3637 3307 ·
3680 3275 3722 3332 ὃς
3752 3272 3827 3340 ἐμω

2323 3371 2382 3418 τὸ
2444 3371 2688 3418 Φοινίκων
2764 3369 2900 3427 ἔθνος
2976 3363 3296 3441 διαπρέπων,
3378 3366 3590 3425 πολλοὺς
3647 3363 3689 3414 ἐν
3741 3364 3828 3428 Tir-8

2323 3461 2443 3516 νεὼς
2499 3456 2774 3528 φιλοτίμως
2845 3455 3247 3510 ἐπεσκευάσατο.
3308 3461 3490 3507 Ταῦτα
3536 3458 3616 3525 μὲν
3661 3451 3730 3502 οὖν
3773 3448 3832 3516 is?

2325 3563 2438 3616 ρετο
2470 3541 2618 3616 τῇδε.
2665 3546 2812 3615 Ἐμοὶ
2844 3541 2895 3595 δ’
2935 3545 3028 3596 οὐκ
3059 3545 3275 3618 ὀκνηρόν
3329 3543 3526 3597 ἔσείται
3571 3547 3633 3613 μὴ
3676 3544 3749 3589 καὶ
3784 3534 3834 3584 θ’

2325 3635 2419 3694 τὰς
2470 3632 2665 3695 ἐκείνας
2715 3633 2772 3693 ὰς
2815 3634 2941 3707 ὑπὲρ
3001 3635 3146 3704 ἡμῶν
3199 3636 3388 3706 ἔγραφε
3442 3631 3683 3692 διατάξεις
3715 3628 3735 3678 ὁ
3773 3627 3834 3675 ϐεε-

2326 3722 2474 3792 φιλής
2507 3722 2749 3794 βασιλεὺς
2795 3729 3094 3796 παρινεῖραι
3135 3730 3205 3791 τῷ
3236 3729 3459 3794 παρόντι
3492 3720 3832 3792 συγγράμματι·

2323 3817 2414 3862 καὶ
2467 3817 2644 3884 πρώτη
2703 3816 2761 3882 γέ
2805 3830 2895 3882 μοι
2951 3813 3116 3874 ἔσται,
3171 3811 3231 3868 ἢν
3295 3819 3482 3872 κοινῶς
3546 3810 3644 3880 οἶμα
3689 3805 3833 3858 Auni-ao

2325 3902 2468 3952 οὔπω
2529 3901 2857 3956 λελυττηκότι
2916 3901 3043 3974 ὑπὲρ
3101 3908 3200 3950 τῶν
3267 3905 3589 3974 Χριστιανῶν
3629 3897 3833 3949 dimov?”

2327 3988 2548 4060 ἐγράφη,
2583 3986 2685 4041 ὧδέ
2715 4010 2824 4050 πως
2866 3985 3252 4061 διαγορεύουσα
3273 4004 3287 4018 ⁸

563 4073 780 4140 clarus,
815 4071 1002 4127 multa
1041 4072 1356 4141 magniﬁce
1395 4071 1533 4145 Tyri
1571 4074 1797 4146 templa
1837 4077 2184 4131 construxit.
2229 4081 2416 4148 Atque
2474 4079 2601 4132 haec
2639 4079 2878 4149 quidem
2920 4079 3002 4132 sic
3044 4085 3169 4133 tum
3221 4077 3568 4147 agebantur.
3608 4072 3715 4129 Mihi
3748 4078 3833 4120 νετο

568 4163 769 4218 minus
792 4161 1110 4216 molestum
1141 4160 1266 4226 erit,
1291 4162 1742 4217 constitutiones
1763 4180 1864 4218 eas
1886 4181 2038 4236 quas
2065 4166 2184 4220 Deo
2205 4165 2423 4221 charus
2454 4167 2779 4237 imperator
2815 4182 2922 4237 pro
2965 4167 3136 4221 nobis
3167 4166 3508 4237 publicavit,
3543 4166 3594 4218 in
3619 4176 3743 4233 opus
3766 4156 3834 4209 hoc

568 4249 806 4308 referre.
848 4250 1040 4304 Primo
1079 4251 1281 4304 autem
1326 4245 1458 4304 loco
1501 4265 1626 4304 eam
1657 4267 1903 4322 ponam,
1936 4270 2119 4325 quam
2149 4255 2198 4308 is
2248 4257 2646 4310 communiter
2675 4272 2813 4310 cum
2847 4255 3090 4320 Licinio,
3137 4255 3240 4328 qui
3296 4254 3564 4309 nondum
3595 4253 3646 4306 in
3681 4245 3832 4303 rabiem

571 4345 741 4396 actus
765 4338 975 4407 fuerat,
1004 4351 1114 4410 pro
1139 4339 1320 4393 rebus
1355 4339 1820 4396 Christianorum
1853 4342 2205 4414 conscripsit
2226 4361 2244 4411 ;
2275 4359 2410 4415 quae
2442 4341 2524 4398 sic
2559 4343 2740 4400 habet
2770 4361 2781 4397 :

1210 4462 1437 4519 CAPUT
1463 4465 1594 4519 XLI.

577 4572 931 4628 Constitutio
945 4573 1174 4638 scripta
1200 4570 1579 4626 Constantini
1603 4572 1804 4642 Magni
1822 4573 2221 4643 imperatoris,

643 4652 708 4699 ut
743 4644 1098 4700 Christianis
1130 4644 1262 4698 loca
1287 4653 1340 4698 et
1360 4657 1452 4698 res
1482 4658 1604 4698 suae
1628 4647 2043 4702 restituantur.

647 4843 674 4870 ‹‹
711 4820 860 4876 Cum
888 4819 1256 4891 jampridem
1283 4835 1346 4874 re
1376 4819 1563 4891 probe
1597 4819 1947 4889 deliberata,
1991 4822 2224 4878 liberta-

575 4917 694 4966 tem
716 4909 1018 4980 religionis
1032 4925 1153 4964 non
1169 4909 1614 4979 denegandam,
1631 4911 1734 4966 sed
1754 4912 2223 4985 uniuscujusque

573 4999 819 5056 arbitrio
861 5003 918 5053 et
957 4998 1272 5065 voluntati,
1319 5004 1382 5054 ut
1427 5014 1535 5069 pro
1566 5015 1676 5055 suo
1718 5001 1972 5072 quisque
1995 5002 2223 5071 judicio

577 5105 747 5145 sacra
773 5087 1009 5151 coleret,
1049 5088 1509 5158 permittendam
1539 5104 1667 5144 esse
1701 5089 2218 5145 existimaremus:

575 5194 714 5234 eum
753 5177 905 5232 alios
938 5173 1227 5246 singulos,
1258 5181 1388 5232 tum
1419 5177 1786 5234 Christianos
1818 5195 2059 5251 quoque
2093 5196 2225 5250 pro-

572 5265 848 5322 fessionis
877 5281 998 5320 suaa
1032 5270 1277 5332 sectam,
1309 5265 1655 5338 cultumque
1684 5266 1958 5322 divinum
1987 5284 2223 5324 servare

570 5355 880 5427 jussimus.
907 5354 1408 5427 Quandoquidem
1432 5362 1634 5412 autem
1657 5357 1858 5412 multas
1885 5374 1954 5412 ac
1971 5358 2222 5414 diversae

575 5443 908 5512 Opiniones,
937 5443 997 5498 in
1027 5459 1098 5499 eo
1127 5444 1262 5515 ipso
1290 5446 1599 5516 rescripto,
1630 5445 1691 5500 in
1721 5461 1841 5517 quo
1869 5446 1952 5501 eis
1985 5447 2113 5502 talis
2136 5453 2221 5503 est

2928 4473 3169 4521 ΚΕΦΑΛ.
3211 4466 3340 4520 MA'.

2335 4573 2650 4635 Αιάταξις
2711 4576 3024 4646 ἔγγραφος
3086 4577 3237 4648 ὑπὲρ
3313 4581 3430 4626 τῶν
3500 4565 3831 4645 Χριστιανηοῐς

2407 4650 2862 4716 προσηκόντων
2931 4651 3419 4700 Κωνσταντίνου
3477 4652 3582 4696 τοὺ
3631 4649 3828 4712 unum

2411 4715 2765 4788 βασιλέως.

2323 4844 2325 4847 ·
2409 4841 2438 4873 ‹‹
2481 4821 2624 4881 ’Ἤδη
2656 4828 2745 4896 μὲν
2796 4825 2958 4876 πάλαι
3010 4831 3321 4884 σκοποῦντες
3374 4827 3466 4881 τὴν
3505 4821 3744 4889 ἐλευθερίη
3773 4816 3828 4862 τίς

2339 4913 2617 4984 θρησκείας
2661 4914 2754 4966 οὐκ
2786 4913 3032 4987 ἀρνητέαν
3088 4912 3236 4978 εἶναι,
3270 4912 3377 4964 ἀλλ’
3431 4913 3533 4974 ἐνὸς
3577 4909 3754 4962 ἑκάστου
3791 4914 3826 4948 τε

2338 4999 2546 5072 διανοίᾳ
2593 5009 2681 5054 καὶ
2854 5002 3102 5074 βουλήσει
3149 5003 3512 5064 ἐξουσιαστέαν
3548 5004 3628 5051 τοῦ
3673 4996 3721 5045 τὰ
3761 4990 3828 5038 ﬁsi!

2335 5092 2620 5164 πράγματα
2693 5092 2924 5163 τημελεῖν
3021 5095 3155 5143 κατὰ
3227 5097 3318 5149 τήν
3395 5095 3547 5142 αὑτοῦ
3615 5085 3825 5159 προπέμπω

2336 5181 2553 5232 ἕκαστον
2605 5181 2990 5252 κεκελεύκαμεν,
3030 5183 3148 5242 τούς
3201 5200 3253 5232 τε
3305 5180 3634 5251 Χριστιανοὺς
3674 5179 3742 5227 τῆς
3780 5181 3824 5211 ⁸³·

2334 5273 2518 5341 ρέσεως
2569 5274 2656 5321 καὶ
2722 5279 2816 5331 τῆς
2877 5272 3159 5344 θρησκείας
3209 5278 3304 5330 τῆς
3351 5269 3538 5320 ἑαυτῶν
3591 5268 3668 5319 τὴν
3717 5261 3822 5306 πίπτω

2337 5358 2604 5429 φυλάττειν
2637 5375 2648 5386 ’
2683 5358 2790 5410 ἀλλ’
2844 5356 3021 5416 ἐπειδὴ
3056 5358 3236 5410 πολλαὶ
3281 5363 3370 5410 καὶ
3423 5355 3644 5427 διάφοροι
3678 5349 3821 5417 sigma;

2335 5446 2384 5498 ἐν
2423 5448 2582 5520 ἐκείνη
2630 5457 2690 5520 τῇ
2751 5449 3063 5522 ἀντιγραφῇ,
3121 5448 3166 5500 ἐν
3305 5455 3411 5509 τοῖς
3455 5445 3614 5504 αὐτοῖς
3669 5449 3818 5500 σπᾶτ’

647 5573 667 5641 (
678 5575 726 5642 1)
760 5575 956 5631 Exstat
984 5575 1109 5631 haec
1136 5576 1328 5633 oratio
1358 5578 1524 5649 apud
1549 5577 1873 5635 Eusebium
1903 5578 2009 5636 lib.
2042 5595 2100 5645 ιι,
2133 5595 2267 5652 cap.
2300 5583 2356 5635 4.
