4028 6294
164 292 302 350 1801

1198 284 1768 350 ECCLESIASTICE
1812 286 2172 351 HISTORIIE
2209 288 2351 353 LIB.
2394 295 2509 352 VII.

3374 288 3514 350 1801

162 421 305 493 ρήθη
359 421 389 478 ἡ
457 418 673 478 τοιαύτη
759 419 992 485 ἐξουσία,
1071 416 1286 472 ίδόκουν
1357 420 1754 491 προσ-τεθεῖσθαι

1872 420 2165 492 permissa
2182 426 2458 492 petestas,
2493 417 2696 499 verbis
2721 413 2956 474 disertis
2970 417 3187 475 additas
3200 427 3335 475 esse
3355 419 3519 477 vide-

164 518 365 581 σαφῶς,
414 511 580 582 τυχὸν
607 508 738 570 ἴσως
779 513 911 570 τινες
955 509 1122 560 αὐτῶν
1173 508 1282 579 μετ’
1324 508 1496 580 ὀλίγον
1526 505 1626 559 ἀπὸ
1674 514 1761 569 τῆς

162 601 408 659 τοιαύτης
480 596 879 671 παραφυλάξεως
978 597 1306 671 ἀνεκρούοντο
1337 614 1350 630 ·
1436 598 1589 649 ὁπότε
1663 600 1759 669 ἐγὼ

163 688 405 758 εὐτυχῶς
480 690 861 748 Κωνσταντίνος
933 688 1256 758 Αὔγουστος,
1331 686 1476 757 κάγω
1528 691 1762 748 Λικίνιος

158 780 467 848 Αὔγουστος
515 775 564 828 ἓν
601 786 673 848 τῷ
725 774 1027 848 Μεδιολάνῳ
1057 776 1381 848 ἐληλύθειμεν
1410 791 1424 806 ·
1473 780 1563 828 καὶ
1592 778 1763 828 πάντα

162 868 269 918 ὅσα
320 866 447 938 πρὸς
506 865 564 917 τὸ
620 864 882 927 λυσιτελὲς
935 870 1021 916 καὶ
1071 868 1198 938 πρὸς
1246 868 1304 917 τό
1360 869 1632 937 χρήσιμον
1687 870 1758 934 τῷ

161 962 319 1025 κοινῷ
374 951 601 1027 διέφερεν
656 954 705 1005 ἐν
763 954 985 1015 ζητήσει
1034 954 1296 1025 ἔσχομενσ
1351 962 1517 1005 ταῦτα
1567 953 1758 1025 μεταξύ

160 1052 264 1095 τῶν
319 1042 530 1108 λοιπῶν,
582 1043 731 1095 ἅτινα
782 1040 953 1096 ἐδόκει
1006 1042 1055 1095 ἐν
1113 1043 1314 1103 πολλοῖς
1367 1043 1565 1095 ἄπεισιν
1626 1034 1762 1094 inm-

163 1132 288 1205 φελῆ
322 1129 453 1185 εἶναι
484 1149 496 1161 ·
531 1132 721 1203 μᾶλλον
753 1128 812 1184 δι
864 1130 911 1183 ἓν
958 1137 1180 1205 πρώτοις
1230 1128 1475 1193 διατάξαι
1535 1128 1756 1203 ἑδογμα-

160 1227 405 1294 τίσαμεν,
437 1219 512 1282 οἷς
538 1220 569 1279 ἡ
602 1221 732 1294 πρὸς
770 1222 828 1273 τὸ
882 1228 1033 1274 Θεῖον
1080 1218 1246 1282 αἰδώς
1287 1239 1341 1273 τε
1369 1224 1458 1273 καὶ
1498 1223 1557 1273 τὸ
1609 1220 1760 1280 σέϐας

162 1310 429 1383 ἐνείχετο·
497 1315 762 1363 τουτέστιν
816 1311 953 1372 ὅπως
992 1306 1160 1381 δῶμεν
1199 1315 1289 1362 καὶ
1350 1315 1457 1371 τοῖς
1506 1314 1758 1381 Χριστια-

159 1404 271 1460 νοῖς
326 1400 415 1451 καὶ
463 1405 639 1451 πᾶσαν
681 1398 943 1472 ἐλευθέραν
1000 1397 1199 1471 αἳρεσιν
1228 1405 1317 1451 τοῦ
1361 1398 1658 1451 ἀκολουθεῖν
1694 1407 1755 1471 τῇ

166 1490 422 1563 θρησκείᾳ
555 1485 605 1540 δ’
653 1487 712 1539 ἄν
740 1485 1072 1561 βουληθῶσιν
1101 1504 1119 1522 ο
1173 1490 1306 1547 ὅπως
1334 1490 1360 1541 ὅ
1394 1492 1448 1539 τί
1475 1491 1600 1540 ποτε
1646 1486 1759 1541 ἐστι

167 1580 433 1630 θειοτάτου
481 1582 568 1630 καὶ
618 1576 859 1649 οὐρανίου
919 1579 1245 1649 πράγματος,
1304 1578 1429 1649 ἡμῖν
1481 1582 1572 1629 καί
1626 1583 1760 1629 πᾶσι

162 1673 273 1725 τοῖς
330 1667 429 1717 ὑπό
485 1668 579 1723 τὴν
637 1666 885 1737 ἡμετέραν
944 1664 1183 1727 ἐξουσίαν
1232 1662 1509 1736 διάγουσιν
1564 1664 1760 1736 stipat;

1868 508 2106 575 bentur,
2124 504 2347 571 factum
2360 509 2612 565 fortasse
2624 512 2733 573 est,
2749 510 2814 563 ut
2833 508 3083 579 quidam
3099 504 3280 579 paulo
3293 509 3521 580 postab

1867 597 2286 668 hujuscemodi
2300 597 2719 653 observatione
2735 596 3039 666 religionis
3061 597 3523 668 complectenda

1866 686 2178 742 resilirent.
2211 685 2361 742 Cum
2392 686 2571 755 igitur
2607 696 2719 755 ego
2746 685 3164 741 Constantinus
3196 691 3519 756 Angustus,

1867 781 1923 831 et
1951 790 2065 846 ego
2096 775 2346 831 Licinius
2370 779 2690 844 Augustus,
2723 770 2969 831 feliciter
2998 774 3396 831 Mediolanum
3412 786 3520 831 νοι-

1866 865 2188 929 nissemus,
2221 864 2568 936 etqueibiin
2584 863 2985 935 oensﬂioquns
3017 863 3093 920 ad
3110 873 3284 919 usum
3297 864 3523 921 etutiii~

1867 957 2051 1009 tatem
2078 952 2421 1024 reipublicae
2449 954 2752 1024 pracipes
2783 952 3163 1025 pertinerent,
3191 952 3523 1025 inquirere-

1866 1055 2004 1097 mus
2028 1050 2039 1096 ε
2063 1042 2214 1097 inter
2230 1036 2552 1113 aliapiurs,
2576 1049 2712 1112 quas
2726 1039 3049 1096 commoda
3063 1050 3195 1096 esse
3207 1041 3519 1108 omnibus,

1868 1142 1972 1186 seu
1986 1132 2180 1203 prima
2194 1132 2389 1202 potius
2404 1131 2532 1186 visa
2544 1136 2702 1197 sunt,
2718 1124 3138 1186 constituenda
3157 1135 3336 1202 atque
3352 1131 3518 1188 ardia

1867 1220 2071 1276 nanda
2095 1230 2227 1275 esse
2250 1219 2560 1284 duximus,
2581 1232 2653 1274 ea
2682 1210 2975 1286 videlicet,
2999 1219 3224 1291 quibus
3245 1219 3441 1275 honor
3456 1224 3515 1276 et

1868 1308 2063 1365 cultus
2088 1308 2274 1364 divini
2296 1309 2565 1365 Numinis
2583 1308 2922 1363 continetur
2942 1300 3087 1374 ;hoo
3109 1313 3216 1373 est,
3241 1315 3305 1363 ut
3334 1309 3517 1366 etiam

1869 1398 2213 1454 Christianis
2231 1397 2488 1453 liberum
2525 1396 2697 1469 503
2728 1404 2973 1469 prorsus
2995 1397 3401 1453 concedamus
3428 1406 3516 1454 ar-

1866 1487 2135 1553 bitt-ium,
2193 1486 2473 1556 religione
2525 1497 2715 1558 quam
2771 1485 2951 1541 velint
2997 1485 3407 1543 consectandi.
3447 1488 3519 1543 Ut

1867 1576 2164 1649 quidquid
2195 1575 2438 1632 tandem
2476 1581 2567 1630 est
2594 1573 2782 1629 divini
2832 1579 2889 1630 et
2917 1566 3172 1647 caelestis
3219 1574 3512 1641 Numinis,

1867 1665 1928 1721 id
1959 1666 2136 1721 nobis
2162 1663 2219 1721 et
2247 1664 2352 1736 qui
2394 1663 2508 1720 sub
2533 1667 2822 1735 potestate
2852 1666 2908 1719 et
2935 1663 3157 1720 ditione
3188 1671 3392 1721 uestra
3420 1662 3517 1720 de-

164 1751 297 1806 εἶναι
348 1750 573 1826 δυνηθῇ.
628 1754 811 1806 Τοίνυν
858 1756 1053 1812 ταύτην
1110 1756 1201 1812 τὴν
1244 1755 1494 1828 ἡμετέραν
1566 1752 1754 1826 βούλη-

1867 1748 2034 1827 gunt,
2084 1753 2366 1810 omnibus
2397 1752 2716 1824 propitium
2746 1751 3200 1825 benignumque
3228 1764 3358 1810 esse
3380 1762 3518 1825 pos.

167 1860 252 1895 σιν
298 1844 502 1915 ὑγιεινῷ
548 1846 635 1894 καὶ
700 1843 963 1916 ὀρθοτάτῳ
1029 1842 1266 1914 λογισμῷ
1314 1839 1753 1914 ἑδογματίσαμεν,

162 1932 302 1993 ὅπως
346 1928 533 2003 μηδενὶ
591 1930 849 1993 παντελῶς
886 1930 1098 1994 ἐξουσία
1139 1933 1355 1995 ἀνεῖται,
1404 1933 1434 1990 ἠ
1492 1936 1581 1983 τοῦ
1640 1930 1757 1983 ἂκοδ

160 2020 362 2072 λουθείν
411 2025 500 2072 καὶ
550 2022 812 2093 αἱρεῖσθαι
850 2021 944 2080 τὴν
990 2028 1089 2072 τῶν
1139 2023 1463 2094 Χριστιανῶν
1515 2033 1758 2093 παραφυιι

158 2108 304 2172 λάξει
332 2113 610 2182 θρησκείαν
659 2108 904 2162 ἑκάστοτε
953 2109 1166 2172 ἐξουσία
1214 2106 1392 2167 δοθείη
1428 2122 1441 2139 ⁸
1470 2114 1563 2161 τοῦ
1603 2104 1760 2162 διδόει

159 2216 248 2250 ναι
299 2198 438 2269 αὐτῷ
489 2198 583 2256 τὴν
630 2195 864 2251 διάνοιαν
919 2200 967 2249 ἓν
1033 2198 1197 2271 ἐκείνῃ
1265 2207 1326 2270 τῇ
1389 2200 1643 2272 θρησκείᾳ
1696 2201 1757 2257 ἦν

164 2286 320 2348 αὐτὸς
374 2288 539 2357 ἐαυτῷ
600 2285 844 2358 ἁρμόζειν
894 2291 1091 2358 νομίζει
1124 2300 1137 2319 ⁸
1194 2286 1331 2348 ὅπως
1377 2289 1501 2358 ἡμῖν
1551 2284 1753 2346 domet}

162 2381 223 2428 τὸ
265 2376 395 2429 θεῖον
444 2375 493 2427 ἐν
522 2376 654 2428 πάσι
703 2380 797 2434 τὴν
843 2377 1018 2448 ἔθιμον
1059 2372 1301 2435 σπουδὴν
1327 2380 1416 2428 καὶ
1464 2376 1758 2446 καλοκαγαα

166 2468 282 2519 θίαν
335 2465 586 2537 παρέχειν
617 2482 630 2495 ’
690 2466 843 2517 ἅτινα
911 2466 1069 2526 οὕτως
1144 2467 1382 2539 ἀρέσκειν
1437 2466 1562 2537 ἡμῖν
1620 2465 1758 2517 ἀνι-ιδ

162 2553 366 2627 γράψαι
432 2554 710 2606 ἀκόλουθον
763 2551 861 2612 ἧνο
924 2555 1007 2606 ἶνα
1062 2556 1446 2627 φανερωθιισῶν
1499 2555 1757 2616 παντελῶς

162 2653 264 2696 τῶν
321 2645 586 2716 αἱρέσεων,
644 2644 828 2704 αἳτινες
875 2652 983 2704 τοῖς
1050 2646 1323 2717 προτέροις
1397 2646 1543 2715 ἡμῶν
1588 2646 1757 2716 γράμ-Ι

168 2748 298 2805 μασι
353 2739 463 2792 τοίς
513 2735 644 2805 πρὸς
713 2737 807 2790 τὴν
863 2736 959 2790 σὴν
1016 2733 1339 2784 καθοσίωσιν
1414 2731 1756 2785 ἀποσταλεῖσι

170 2824 283 2893 περὶ
324 2828 422 2872 τῶν
468 2828 798 2893 Χριστιανῶν
856 2826 1204 2896 περιείχοντο,
1251 2825 1341 2873 καὶ
1392 2821 1545 2873 ἅτινα
1586 2823 1753 2880 πάντη

174 2912 328 2961 σκαιὰ
372 2914 462 2962 καὶ
519 2917 611 2970 τῆς
665 2911 919 2982 ἡμετέρας
972 2914 1269 2981 πραότητος
1322 2908 1563 2982 ἀλλότρια
1629 2910 1757 2963 εἶναι

169 2994 355 3064 ἐδόκει,
435 3006 603 3050 ταῦτα
690 3000 940 3071 ὑφαιρεθῆ
977 3014 990 3027 ⁸
1056 3003 1148 3050 καὶ
1192 3006 1281 3050 νῦν
1330 2997 1597 3071 ἐλευθέρως
1667 3002 1757 3052 καὶ

1867 1849 1971 1900 set.
2001 1842 2209 1915 Itaque
2237 1842 2590 1897 sententiam
2619 1841 2777 1897 hanc
2826 1848 3099 1897 nostram
3146 1850 3298 1897 sane
3336 1847 3518 1914 atque

1866 1932 2028 1990 recta
2054 1931 2483 1988 deliberatione
2536 1928 2599 1986 in
2627 1931 2883 1987 edictum
2917 1931 3252 1997 retulimus,
3292 1936 3359 1987 ut
3411 1940 3517 1988 nee

1866 2023 2015 2079 mini
2044 2030 2289 2094 prorsus
2326 2024 2590 2092 potestas
2619 2019 3057 2091 praecidet-stur,
3111 2020 3322 2092 quoiis
3369 2026 3518 2077 teme

1865 2118 2012 2184 pore
2049 2109 2519 2168 Christianorum
2557 2108 3039 2164 observationem
3079 2113 3136 2164 et
3163 2108 3513 2176 religionem

1867 2198 2303 2272 complectendi
2344 2210 2358 2264 ;
2411 2201 2468 2254 et
2505 2206 2690 2269 quem
2728 2198 2932 2253 animo
2961 2208 3072 2253 suo
3119 2190 3513 2253 commodum

1866 2298 2417 2359 congruentemque
2446 2296 2574 2341 esse
2621 2285 2887 2342 crederet
2910 2278 3161 2356 uultum,
3201 2286 3513 2359 sequendi,

1867 2380 1931 2435 ut
1956 2378 2227 2432 divinum
2259 2379 2489 2432 Numen
2540 2376 2601 2430 in
2626 2374 2808 2430 rebus
2834 2374 3117 2430 omnibus
3146 2383 3516 2447 propensum

1866 2473 2046 2539 atque
2093 2466 2425 2533 benignum
2474 2464 2650 2520 nobis
2698 2467 2869 2519 esset.
2911 2465 3167 2535 Equum
3197 2473 3343 2519 sane
3386 2463 3514 2533 fuit,

1865 2563 1932 2612 ut
1957 2557 2072 2611 hoo
2098 2556 2184 2610 sic
2213 2554 2389 2610 nobis
2422 2553 2655 2626 placere
2684 2551 2971 2624 rescripto
3000 2554 3111 2608 isto
3132 2557 3340 2608 nostro
3356 2561 3518 2609 nunc

1867 2645 2386 2715 signiﬁcat-emus:
2449 2650 2510 2697 ut
2562 2641 2893 2697 hmresibus
2945 2642 3196 2698 omnino
3239 2638 3514 2708 sublatis,

1866 2750 2001 2806 quin
2031 2733 2092 2789 in
2122 2732 2425 2804 prioribus
2452 2731 2529 2787 ad
2549 2732 2930 2787 devotionem
2954 2735 3120 2786 tuam
3136 2728 3292 2787 datis
3310 2730 3518 2786 litteris

1865 2823 2086 2879 nostris
2111 2821 2186 2877 de
2212 2814 2562 2876 Christianis
2582 2818 3064 2887 continebantur,
3088 2820 3138 2874 si
3161 2828 3298 2892 quis
3318 2824 3518 2875 essent

1868 2912 2115 2982 insuper
2158 2910 2395 2965 sinistra
2445 2918 2691 2981 prorsus
2741 2913 2798 2965 et
2832 2920 2890 2964 -ο,
2943 2908 3256 2965 clementia
3311 2914 3518 2965 uestra

1870 3001 2086 3069 aliena,
2113 3015 2185 3055 ea
2206 2998 2649 3054 inducerentur.
2680 2993 2936 3053 Proinde
2964 2996 3213 3069 quilibet
3246 2986 3429 3053 libere
3461 2998 3520 3054 et

164 3086 332 3148 ἁπλῶς
383 3087 598 3147 ἕκαστος
672 3087 840 3139 αὐτῶν
904 3095 1003 3140 τῶν
1069 3092 1162 3146 τὴν
1237 3088 1399 3145 αὐτὴν
1453 3092 1754 3161 προαίρεσιν

1871 3094 2092 3160 aperte,
2133 3088 2237 3161 qui
2290 3087 2653 3143 Christianas
2687 3087 3076 3142 cteremonias
3105 3086 3515 3143 observandas

164 3176 470 3247 ἐσχηκότων
526 3183 618 3228 τοῦ
677 3176 946 3247 φυλάττειν
988 3181 1082 3235 τὴν
1129 3186 1226 3229 τῶν
1267 3182 1594 3250 Χριστιανῶν
1634 3180 1758 3251 θρη-

166 3266 342 3317 σκείαν
403 3267 521 3317 ἄνευ
589 3270 725 3326 τινὸς
773 3266 1066 3338 ὀχλήσεως,
1121 3270 1272 3318 τοῦτο
1338 3266 1464 3317 αὐτὸ
1521 3280 1758 3341 παραφυ-

160 3352 358 3408 λάττοι.
420 3353 605 3407 Ἀτινα
658 3360 719 3427 τῇ
765 3362 829 3426 σῇ
886 3352 1148 3425 ἐπιμελείᾳ
1200 3355 1533 3427 πληρέστατα
1590 3352 1758 3413 δηλῶ-

165 3461 253 3495 σαι
302 3440 720 3514 ἐδογματίσαμεν
758 3461 771 3473 ·
819 3446 957 3505 ὅπως
1010 3438 1205 3504 εἰδείης
1274 3446 1431 3516 ἡμᾶς,
1492 3443 1755 3517 ἐλευθέραν

160 3536 248 3583 καὶ
293 3531 669 3605 ἀπολελυμένην
721 3531 957 3596 ἐξουσίαν
1007 3541 1098 3584 τοῦ
1150 3532 1385 3603 τημελεῖν
1438 3534 1531 3590 τὴν
1562 3532 1755 3586 ἑαυτῶν

163 3621 442 3691 θρησκείαν
528 3630 634 3682 τοῖς
727 3623 900 3682 αὐτοῖς
975 3626 1315 3694 Χριστιανοῐς
1380 3619 1751 3679 δεδηλωκέναι.

159 3707 322 3781 Ὀπερ
362 3708 541 3768 ἐπειδὴ
604 3711 985 3782 ἀπολελυμίνως
1033 3712 1211 3773 αὐτοῖς
1249 3708 1333 3783 ὑφ’
1388 3714 1533 3782 ἡμῶν
1592 3708 1756 3764 dedit»

159 3800 360 3872 ρῆσθαι
417 3798 658 3873 θεωρεῖτ’)
717 3804 783 3859 σὴ
835 3802 1178 3865 καθοσίωσις,
1232 3803 1320 3853 καὶ
1378 3800 1563 3871 ἑτέροις
1610 3801 1755 3863 ἐξουι

158 3891 281 3939 σίαν
320 3890 422 3949 τοῖς
462 3888 793 3962 βουλομένοις
848 3898 939 3941 τοῦ
987 3891 1336 3962 μετέρχεσθαι
1383 3893 1477 3947 τὴν
1518 3896 1752 3961 παρατή-

155 3994 315 4050 ρησιν
370 3983 456 4029 καὶ
513 3981 793 4051 θρησκείαν
862 3979 1094 4031 ἑαυτῶνο
1150 3980 1271 4050 ὅπερ
1330 3977 1622 4040 ἀκολούθως
1685 3982 1748 4051 τῇ

154 4067 369 4138 ἠσυχίᾳ
442 4076 539 4119 τῶν
616 4070 871 4140 ἡμετέρων
952 4074 1144 4140 καιρῶν
1226 4069 1460 4138 γίνεσθαι
1543 4072 1753 4143 φανερόν

153 4154 320 4219 ἐστιν,
349 4156 487 4218 ὅπως
526 4155 762 4219 ἐξουσίαν
813 4157 1028 4219 ἕκαστος
1081 4159 1181 4228 ἔχῃ
1220 4162 1312 4208 τοῦ
1362 4157 1625 4229 αἱρεῖσθαι
1667 4160 1751 4208 καὶ

152 4244 392 4315 τημελεῖν
422 4246 612 4306 ὀποίως
665 4242 716 4297 δ’
755 4243 815 4296 ἂν
860 4242 1115 4317 βούληται
1163 4249 1218 4297 τὸ
1269 4251 1438 4299 Θείον.
1479 4250 1643 4297 Τοῦτο
1694 4242 1753 4298 δι

152 4333 243 4404 ὑφ’
297 4339 440 4405 ἡμῶν
497 4338 723 4405 γέγονεν,
777 4336 916 4396 ὅπως
972 4330 1209 4405 μηδεμιᾷ
1266 4341 1390 4405 τιμῇ
1452 4330 1591 4404 μηδὲ
1630 4336 1751 4407 θρη⁴

155 4426 309 4493 σκεία
336 4427 435 4474 τινὶ
465 4424 788 4495 μεμειῶσθαί
817 4438 869 4475 τι
899 4423 981 4495 ὑφ’
1010 4425 1155 4495 ἡμῶν
1209 4420 1416 4479 δοκοίη.
1463 4427 1563 4475 Καὶ
1601 4430 1749 4475 τοῦτο
1785 4448 1832 4508 D

155 4508 217 4563 δὲ
264 4514 395 4583 πρὸς
426 4519 533 4573 τοῖς
578 4512 777 4574 λοιποῖς
820 4513 892 4574 εἷς
939 4516 996 4563 τὸ
1036 4516 1313 4586 πρόσωπον
1352 4520 1450 4562 τῶν
1490 4518 1752 4585 Χριστιαιι

150 4607 252 4650 νῶν
302 4595 685 4671 δογματίζομεν
714 4620 726 4632 ·
772 4601 855 4652 ἵνα
908 4604 1031 4662 τοὺς
1082 4605 1268 4661 τόπους
1307 4600 1495 4665 αὐτῶν,
1552 4600 1624 4661 εἰς
1663 4600 1751 4661 οὓς

147 4692 460 4760 τοπρὸτερον
530 4691 881 4760 συνέρχεσθαι
932 4690 1040 4749 ἔθος
1099 4685 1159 4747 ἦν
1236 4688 1453 4750 αὐτοῖς’
1508 4692 1625 4760 περὶ
1684 4689 1750 4739 ὧν

150 4780 246 4828 καὶ
288 4784 393 4837 τοῖς
447 4782 696 4851 πρότερον
746 4776 950 4831 δοθεῖσι
989 4781 1120 4853 πρὸς
1148 4781 1240 4835 τὴν
1283 4783 1380 4835 σὴν
1427 4780 1750 4829 καθοσίωσιν

146 4867 433 4939 γράμμασι
505 4870 661 4927 τύπος
726 4868 893 4940 ἔτερος
968 4864 1030 4925 ἧν
1105 4870 1385 4940 ὡρισμένος
1462 4874 1533 4937 τῷ
1599 4866 1750 4939 ἑτέρῳ

148 4956 329 5028 χρόνῳ
362 4972 373 4984 ’
423 4956 505 5007 ἵνα
561 4958 606 5007 εἷ
652 4975 783 5018 τινες
822 4957 852 5015 ἢ
902 4945 1046 5027 παρὰ
1091 4962 1182 5007 τοῦ
1234 4960 1448 5033 ταμείου
1496 4962 1588 5006 τοῦ
1628 4957 1751 5025 ἡμε-

146 5048 322 5115 τέρου,
376 5045 406 5103 ἣ
460 5046 605 5117 παρά
669 5063 802 5106 τινος
854 5045 1024 5118 ἐτέρου
1092 5050 1350 5116 φαίνοιντο
1411 5046 1746 5114 ἠγορακότες,

146 5135 367 5195 τούτους
420 5140 527 5196 τοῖς
585 5134 759 5194 αὐτοῖς
805 5139 1137 5205 Χριστιανοτς
1185 5135 1303 5185 ἄνευ
1353 5132 1620 5207 ἀργυρίου,
1660 5138 1750 5184 καὶ

148 5224 269 5275 ἄνευ
350 5226 487 5283 τιτός
566 5223 877 5283 ἀπατήσεως
958 5232 1051 5285 τῆς
1131 5232 1288 5294 τιμῆς
1358 5224 1746 5297 ὑπερτεθείσης,

148 5310 294 5382 δίχα
348 5315 524 5374 πάσης
573 5311 809 5385 ἀμελείας
865 5318 952 5364 καὶ
1012 5311 1321 5383 ἀμφιϐολίας
1387 5311 1750 5368 ἁποκαταστήα

150 5419 330 5453 σωσι·
392 5407 481 5453 καὶ
538 5404 583 5453 εἰ
638 5421 764 5461 τινες
810 5404 947 5453 κατὰ
999 5398 1165 5474 δῶρον
1217 5402 1573 5471 τυγχάνουσιν
1612 5400 1751 5458 εἰλη-

150 5492 300 5562 φότες
344 5492 463 5552 τοὺς
507 5490 694 5552 αὐτοὺς
747 5496 975 5550 τόπους·
1022 5494 1052 5548 ἤ
1104 5492 1154 5541 οἱ
1193 5491 1326 5541 κατὰ
1375 5486 1568 5563 δωρεὰν
1618 5488 1751 5545 εἰλη-

150 5583 296 5648 φότες
375 5580 569 5631 οὑτωσὶ
638 5582 780 5653 παρὰ
850 5586 945 5639 τῆς
1018 5580 1272 5654 ἡμετέρας
1346 5577 1747 5651 καλοκαγαθίας,

1869 3178 1983 3234 sibi
2030 3190 2163 3234 esse
2191 3177 2444 3241 duxerit,
2491 3192 2595 3231 eas
2625 3174 2756 3230 sine
2786 3175 3232 3246 perturbatione
3257 3179 3317 3231 et
3365 3176 3520 3247 βοείη

1867 3267 2003 3323 culo
2054 3266 2220 3323 omni
2263 3270 2387 3321 tuto
2418 3264 2713 3320 observet.
2755 3258 2926 3330 Quod
2964 3264 3046 3320 ita
3084 3263 3350 3321 solentias
3401 3270 3516 3321 tuas

1864 3356 2214 3428 plenissime
2244 3354 2572 3410 indicatum
2603 3352 2927 3419 voluimus,
2961 3358 3025 3408 ut
3047 3354 3205 3409 scias
3235 3364 3346 3408 nos
3376 3346 3519 3408 libe-

1864 3458 1997 3501 ram
2026 3443 2486 3515 absolutamque
2517 3446 2871 3513 potestatem
2912 3440 3257 3497 Christianis
3288 3440 3516 3512 religio-

1866 3533 1959 3588 nis
2014 3546 2137 3587 suae
2178 3530 2443 3586 colendas
2475 3529 2834 3585 decrevisse.
2878 3531 2941 3583 Et
2978 3540 3117 3584 cum
3146 3526 3383 3584 devotio
3412 3532 3517 3585 tua

1865 3620 2324 3685 animadvertat,
2361 3624 2484 3674 tam
2515 3618 2855 3673 absolutam
2876 3618 3025 3688 ipsis
3056 3628 3185 3672 esse
3209 3611 3414 3673 datam
3435 3612 3520 3674 fa-

1865 3710 2167 3776 cultatem,
2196 3708 2326 3763 aliis
2364 3716 2605 3779 quoque
2635 3707 2708 3762 ad
2743 3716 2914 3762 sacra
2944 3714 3014 3762 ea
3043 3711 3099 3761 et
3129 3707 3518 3762 eteremonias

1865 3792 2117 3855 transire
2142 3796 2481 3853 volentibus
2508 3796 2570 3851 id
2602 3795 2794 3851 facere
2811 3795 2957 3850 sciat
2981 3806 3110 3850 esse
3132 3794 3515 3866 permissum.

1864 3888 1930 3943 Id
1986 3887 2150 3959 quod
2192 3884 2598 3957 tranquillitati
2644 3891 2980 3955 temporum
3013 3880 3351 3940 nostrorum
3381 3893 3521 3940 oens

1863 3977 2066 4032 venire
2099 3975 2486 4031 manifestum
2517 3978 2625 4038 est,
2677 3977 2740 4028 ut
2768 3972 3036 4044 potestas
3069 3972 3390 4043 unicuique
3421 3973 3516 4039 sit,

1864 4078 1973 4138 pro
2016 4076 2088 4121 eo
2126 4070 2307 4136 atque
2353 4063 2511 4127 Velit,
2543 4062 2812 4117 divinum
2857 4061 3091 4117 colendi
3122 4060 3377 4117 Numen.
3408 4058 3517 4117 Fa-

1863 4160 2023 4210 ctum
2076 4153 2138 4208 id
2170 4168 2207 4209 a
2236 4151 2430 4217 nobis,
2463 4162 2537 4207 ne
2566 4152 2660 4206 cui
2690 4148 2896 4206 divino
2942 4150 3158 4205 honori
3188 4153 3291 4205 aut
3328 4148 3514 4205 cultui

1862 4245 2194 4316 quidquam
2226 4254 2331 4313 per
2359 4252 2470 4296 nos
2522 4234 2885 4295 diminutum
2916 4250 3048 4294 esse
3073 4239 3363 4294 videatur.
3394 4238 3511 4294 Ita‘

1861 4347 1977 4405 que
2000 4336 2055 4387 et
2081 4333 2196 4387 hoc
2212 4330 2269 4386 in
2293 4338 2614 4402 personam
2638 4328 3105 4405 Christianorum
3126 4328 3512 4383 decernentes

1861 4404 2195 4485 statuimus,
2231 4425 2292 4474 ut
2320 4419 2452 4474 loca
2476 4426 2686 4474 eorum
2716 4419 2777 4472 in
2824 4404 3045 4487 quibus
3086 4422 3262 4472 antea
3299 4426 3511 4471 conve-

1860 4512 1987 4566 nire
2016 4510 2169 4565 soliti
2211 4502 2566 4579 fuerant(de
2617 4505 2837 4577 quibus
2870 4504 3167 4576 prioribus
3197 4504 3380 4560 etiam
3422 4503 3512 4560 lit-

1861 4600 1998 4655 teris
2023 4599 2238 4653 nostris
2268 4596 2385 4651 alio
2415 4602 2681 4666 tempore
2707 4594 2784 4650 ad
2813 4594 3191 4649 devotionem
3219 4597 3385 4649 tuam
3408 4592 3512 4648 da-

1858 4689 1954 4755 tis,
1987 4688 2243 4743 formam
2275 4690 2329 4740 et
2362 4684 2613 4740 modum
2653 4683 2835 4739 alium
2885 4682 3430 4753 constitueramus),
3460 4682 3511 4737 si

1859 4792 1930 4833 ea
1969 4775 2151 4848 aliqui
2194 4773 2286 4829 vel
2316 4786 2352 4829 a
2380 4773 2524 4828 ﬁsco
2572 4778 2795 4837 nostro,
2850 4772 2944 4827 vel
2984 4782 3021 4827 a
3048 4771 3338 4843 quopiam
3370 4771 3507 4837 alio,

1860 4866 2161 4937 emptione
2192 4855 2615 4918 interveniente
2641 4860 3142 4931 comparaverint,
3175 4860 3325 4931 ipsis
3351 4856 3511 4915 Chri-

1860 4955 2070 5010 stianis
2096 4952 2327 5023 absque
2352 4949 2610 5022 pecunia
2653 4956 2709 5005 et
2738 4949 2969 5020 absque
3003 4949 3348 5020 repetitione
3388 4948 3511 5004 ulla

1858 5039 2031 5115 pretii
2079 5041 2226 5107 dati,
2257 5039 2405 5095 citra
2455 5049 2698 5094 omnem
2742 5035 2918 5109 θοι
2973 5032 3414 5092 cunctationem
3454 5042 3511 5093 et

1858 5130 2348 5187 deliberationem
2399 5128 2730 5182 restituent.
2778 5128 2948 5192 Quod
2977 5126 3024 5181 si
3053 5126 3155 5197 qui
3208 5126 3347 5181 talia
3374 5126 3510 5182 loca

1859 5221 2020 5276 dono
2048 5234 2084 5275 a
2112 5219 2401 5290 quopiam
2425 5216 2778 5288 acceperint,
2814 5223 2917 5271 aut
2946 5218 3125 5271 etiam
3174 5228 3243 5271 ex
3287 5215 3506 5271 libera-

1857 5310 2017 5366 litate
2069 5314 2123 5364 et
2151 5306 2557 5363 muniﬁcentia
2604 5313 2809 5361 nostra
2842 5305 3148 5360 consecuti
3190 5302 3426 5369 fuerint,
3468 5304 3506 5359 il

1859 5399 1937 5455 ad
1970 5397 2311 5469 praefectum
2343 5395 2634 5466 cujusque
2649 5394 2993 5464 locijudicis
3014 5393 3212 5449 locum
3236 5392 3506 5449 obtinen-

1859 5492 1976 5543 tem
2008 5487 2246 5551 adeant,
2282 5490 2342 5539 ut
2366 5477 2633 5555 ipsorum
2657 5494 2762 5556 per
2788 5483 3217 5552 benignitatem
3239 5487 3506 5538 nostram

1858 5577 2009 5633 ratio
2048 5575 2359 5632 habeatur.
2392 5575 2582 5646 Atque
2611 5589 2682 5629 ea
2709 5572 2843 5629 loca
2871 5572 3097 5643 omnia,
3131 5570 3296 5628 nulla
3333 5570 3506 5627 inter-
