4028 6294
513 241 656 299 1303

1830 239 2214 296 NICEPHORI
2254 238 2569 296 CALLISTI

3684 241 3797 296 1304

505 368 704 439 posita
728 383 918 434 mora,
943 367 1176 438 corpori
1207 367 1673 424 Christianorum
1707 366 1955 422 omnino
1984 365 2154 420 reddi

2278 365 2592 438 τροσέλθωσι
2641 372 2713 434 τῷ
2763 363 2846 416 ἐπὶ
2902 368 3070 416 τόπων
3119 362 3332 434 ἐπάρχῳ
3385 358 3657 431 δικάζοντι,
3696 368 3801 427 ὅπως

506 457 767 513 curabis.
803 460 867 512 Et
903 458 1190 528 quoniam
1219 445 1582 512 Christianos
1610 457 1772 528 ipsos
1803 471 1924 510 non
1957 454 2155 510 solum

509 563 580 602 ea
611 547 671 600 in
725 545 945 617 quibus
975 553 1304 601 conventus
1346 561 1522 615 agere
1553 544 1711 600 soliti
1755 551 1912 610 sunt,
1947 543 2054 599 sed
2100 549 2156 598 et

509 635 625 690 alia
651 635 781 690 loca
804 634 1089 690 habuisse
1118 639 1370 698 constat,
1399 650 1519 689 non
1538 633 1813 704 privatim
1841 633 1920 689 ad
1950 649 2155 704 quem-

505 739 692 796 quam
723 723 980 786 illorum,
1013 723 1116 777 sed
1140 724 1331 794 adjus
1362 723 1627 794 corporis
1657 739 1885 788 eorum,
1912 723 2024 777 hoc
2045 727 2152 785 est,

507 813 974 868 Christianorum
1001 813 1371 883 pertinentia,
1405 829 1475 868 ea
1525 828 1768 884 quoque
1807 812 2011 866 omnia
2035 827 2157 883 qua

507 902 767 958 diximus
793 901 920 968 lege
946 901 1093 957 citra
1117 902 1573 969 ambiguitatem
1603 916 1848 956 omnem
1878 899 2159 955 Christia-

507 990 786 1061 nisipsis,
819 990 933 1044 hoc
972 995 1081 1053 est,
1124 991 1358 1061 corpori
1402 990 1691 1061 ipsorum,
1718 996 1773 1044 et
1796 989 2035 1044 cuilibet
2065 1004 2160 1042 eo-

505 1095 641 1134 rum
671 1079 984 1134 conventui
1016 1078 1379 1134 restituenda
1399 1078 1640 1147 jubebis
1665 1098 1677 1136 :
1703 1094 1774 1134 eo
1800 1094 1982 1149 quem
2012 1077 2159 1132 dixi-

507 1183 645 1222 mus
675 1171 909 1222 servato
935 1167 1134 1236 modo,
1154 1172 1216 1222 ut
1237 1165 1506 1222 videlicet
1527 1167 1630 1238 qui
1654 1182 1722 1222 ea
1750 1167 1979 1236 absque
1997 1166 2160 1221 resti-

506 1257 732 1312 tutione
788 1255 981 1326 pretii,
1035 1256 1203 1310 sicuti
1233 1255 1458 1310 dictum
1489 1262 1594 1319 est,
1627 1255 2025 1320 reddiderent,
2068 1255 2162 1308 in-

509 1345 820 1400 demnitati
846 1361 1054 1400 eorum
1081 1362 1117 1400 a
1146 1343 1510 1413 benignitate
1532 1350 1736 1398 nostra
1758 1344 2157 1414 provideatur.

509 1435 733 1499 Quibus
780 1433 838 1487 in
889 1433 1070 1488 rebus
1128 1433 1410 1487 omnibus
1461 1433 1954 1501 Christianorum,
1997 1432 2161 1504 quod

508 1522 789 1592 diximus,
812 1523 1046 1592 corpori
1071 1537 1320 1592 operam
1346 1522 1935 1592 studiumquetuum,
1959 1521 2162 1593 quoad

510 1612 754 1683 poteris,
789 1617 1070 1680 praestare
1123 1611 1393 1673 debebis,
1425 1617 1488 1665 ut
1531 1614 1704 1680 jussa
1729 1615 1930 1665 nostra
1968 1611 2164 1682 primo

509 1716 751 1772 quoque
794 1705 1058 1771 tempore
1091 1699 1492 1770 impleantur;
1525 1706 1580 1754 et
1613 1705 1674 1754 ut
1703 1715 1804 1770 per
1834 1700 2163 1754 bonitatem
2200 1718 2242 1772 B
2274 1705 2568 1773 ειρὴκαμεν,

509 1789 1052 1861 liberalitatemque
1111 1795 1382 1845 nostram
1433 1791 1741 1844 communi
1799 1795 1856 1845 et
1911 1789 2165 1860 publicae

511 1879 694 1950 quieti
724 1878 1089 1934 consulatur.
1124 1882 1206 1933 Ita
1252 1878 1412 1933 enim
1441 1878 1708 1933 futurum
1739 1885 1847 1942 est,
1875 1877 2166 1950 quemad—

514 1967 766 2022 modum
793 1967 1199 2038 praadiximus,
1251 1972 1311 2022 ut
1335 1966 1540 2022 divina
1578 1981 1720 2035 erga
1757 1983 1867 2022 nos
1895 1969 2083 2037 gratia
2111 1973 2169 2021 et

516 2055 880 2124 benignitas,
911 2072 1094 2127 quam
1139 2055 1343 2110 multis
1367 2057 1494 2127 jam
1537 2057 1598 2110 in
1627 2056 1806 2111 rebus
1833 2073 2043 2111 sumus
2073 2072 2172 2110 ex-

517 2144 688 2216 perti,
744 2149 1031 2215 perpetua
1064 2145 1238 2199 nobis
1267 2145 1562 2216 firmaque
1590 2150 1848 2200 maneat.
1881 2148 2170 2201 Caeterum

523 2239 587 2288 ut
616 2233 982 2303 ejuscemodi
1008 2232 1375 2288 liberalitatis
1405 2240 1462 2289 et
1491 2234 1923 2290 constitutionis
1953 2239 2170 2289 nostras

526 2322 817 2377 sententia
844 2323 921 2376 ad
944 2323 1214 2377 notitiam
1239 2323 1511 2377 omnium
1538 2323 1781 2393 perferri
1811 2329 2012 2394 queat,
2037 2340 2176 2379 con-

525 2427 783 2483 sequens
822 2415 928 2476 est,
963 2417 1024 2465 ut
1045 2410 1248 2466 litteris
1279 2412 1393 2466 tuis
1427 2412 1706 2482 praeﬁxis,
1733 2413 2037 2468 decretum
2060 2414 2174 2469 hoc

523 2504 800 2556 nostrum
833 2500 1059 2571 passim
1091 2501 1148 2554 in
1183 2500 1329 2554 locis
1355 2501 1640 2556 omnibus
1669 2517 1996 2573 proponas,
2029 2506 2086 2556 et
2114 2502 2176 2557 in

522 2588 797 2644 notitiam
829 2589 1100 2643 omnium
1135 2588 1422 2654 deducas,
1464 2605 1536 2644 ne
1562 2591 1909 2660 quempiam
1942 2590 2177 2646 muniﬁ-

523 2677 730 2733 centiae
763 2682 984 2732 nostra:
1015 2677 1107 2732 lex
1129 2677 1308 2733 latere
1331 2679 1536 2749 possit.
1563 2698 1589 2730 »

2263 459 2353 506 καὶ
2405 454 2572 506 αὐτῶν
2620 451 2713 505 δ’ιά
2762 462 2854 515 τῆς
2912 455 3164 526 ἡμετέρας
3219 457 3574 526 χρηστότητος
3633 460 3802 523 πρόνοια

2261 546 2496 613 γένηται.
2550 543 2734 594 “Ama:
2787 545 2954 593 πάντα
3007 551 3078 612 τῷ
3130 548 3330 613 σώματι
3388 550 3485 592 τῶν
3534 549 3801 614 Χριστιανῶν

2264 635 2508 705 παραυτά
2557 629 2651 684 διὰ
2698 639 2793 692 τῆς
2847 639 2944 692 σῆς
2989 627 3229 692 σπουδῆς
3275 632 3392 682 ἄνευ
3434 634 3562 690 τινός
3595 632 3806 702 nupsisti;

2265 717 2668 792 παραδεδόσθαι
2723 717 2921 778 δεήσει.
2959 725 3060 772 Καὶ
3113 716 3291 777 ἐπειδή
3343 721 3393 770 οἱ
3438 719 3580 770 αὐτοὶ
3612 727 3807 789 Χριστια-

2264 815 2342 862 νοὶ
2385 810 2442 861 οὗ
2496 816 2649 881 μόνον
2680 813 2898 869 ἐκείνους
2943 809 3014 869 εἰς
3061 809 3146 868 οὖς
3174 810 3521 879 συνέρχεσθαι
3553 810 3657 867 ἔθος
3683 806 3807 877 εἶχον,

2267 898 2393 951 ἄλλα
2471 904 2560 950 καὶ
2650 899 2850 971 ἑτέρους
2916 903 3103 958 τόπους
3167 897 3454 968 ἐσχηκέναι
3520 904 3813 966 γινώσκονται

2237 979 2628 1061 ’διαφέροντας
2678 988 2736 1039 οὗ
2785 991 2913 1057 πρὸς
2962 990 3178 1039 ἕκαστον
3229 987 3417 1049 αὐτῶν,
3471 985 3595 1037 ἀλλὰ
3639 991 3815 1059 πρὸςτό

2269 1075 2474 1129 δίκαιον
2518 1086 2608 1128 τοῦ
2652 1077 2820 1128 αὐτῶν
2868 1083 3125 1147 σώματος,
3177 1076 3412 1126 τολτέστι
3469 1085 3564 1126 τῶν
3607 1083 3818 1148 Χριστια-

2267 1174 2362 1217 νῶν
2398 1184 2409 1195 ⁸
2463 1175 2629 1217 ταῦτα
2676 1168 2845 1217 πάντα
2893 1165 2975 1216 ἐπὶ
3031 1173 3102 1234 τῷ
3154 1170 3294 1234 νόμῳ
3349 1167 3405 1216 ὃν
3473 1169 3817 1236 προειρήκαμεν,

2271 1252 2409 1326 δίχα
2462 1255 2735 1314 παντελοῦς
2805 1274 2940 1316 τινος
3026 1252 3466 1325 ἀμφισϐητήσεως
3529 1259 3629 1312 τοῖς
3692 1253 3818 1313 αὐτοῖς

2273 1351 2624 1407 Χριστιανοίς,
2674 1350 2912 1395 τουτέστι
2964 1352 3033 1414 τῷ
3067 1349 3270 1413 σώματι
3301 1342 3472 1394 αὐτῶν
3500 1347 3586 1392 καὶ
3637 1350 3692 1413 τῇ
3733 1361 3813 1392 σπ-

2271 1429 2378 1504 όδῳ
2431 1431 2652 1484 ἑκάστου
2722 1434 2888 1484 αὐτῶν
2953 1431 3382 1489 ἀποκαταστῆναι
3443 1432 3710 1493 κελεύσεις,
3756 1440 3812 1481 τιν

2271 1527 2642 1594 προειρημένου
2701 1511 2958 1593 λογισμοῦ
3012 1517 3218 1578 δηλαδή
3276 1520 3667 1592 φυλαχθέντος·
3727 1524 3820 1579 ὁπως

2272 1611 2422 1662 αὐτοὶ
2476 1614 2652 1670 οἵτινες
2699 1616 2814 1670 τοὺς
2871 1610 3053 1670 αὐτοὺς
3109 1611 3227 1661 ἄνευ
3285 1618 3464 1680 τιμῆς,
3526 1611 3686 1668 καθὼς
3737 1629 3821 1680 πρι-

2646 1698 3077 1762 ἀποκαταστώσι,
3155 1703 3211 1750 τό
3271 1697 3502 1769 ἀζήμιον
3560 1702 3615 1749 τὸ
3684 1698 3825 1749 ἐαντων

2274 1792 2414 1861 παρά
2465 1797 2554 1848 τῆς
2611 1790 2862 1863 ἡμετερας
2909 1788 3292 1857 καλοκαγαθίας
3340 1786 3621 1846 ἑλπίζοιεν.
3672 1787 3740 1838 Ἐν
3778 1787 3831 1844 οἷς

2274 1883 2409 1929 πᾶσι
2463 1886 2534 1947 τῷ
2591 1881 2941 1950 προειρημένῳ
2993 1883 3198 1946 σώματι
3250 1885 3348 1927 τῶν
3407 1883 3724 1948 Χριστιανῶν
3767 1880 3832 1931 τὴν

2278 1962 2517 2024 σπουδήν
2572 1962 2914 2018 δυνατώτατα
2979 1972 3278 2038 παρασχεῖν
3340 1964 3583 2036 ὀφείλεις,
3641 1965 3755 2022 ὅπως
3794 1968 3836 2013 τὸ

2276 2057 2518 2128 ἡμέτερον
2574 2055 2832 2128 κέλευσμα
2885 2059 2977 2112 τήν
3043 2059 3309 2125 ταχίστην
3372 2053 3671 2127 πληρωθῇ·
3732 2055 3836 2112 ὅπως

2279 2142 2326 2195 ἐν
2368 2146 2533 2214 τούτῳ
2605 2140 2697 2194 διὰ
2763 2153 2857 2204 τῆς
2914 2145 3166 2215 ἡμετέρας
3219 2149 3597 2214 χρηστότητος
3668 2148 3841 2210 πρόνοια

2278 2238 2492 2303 γένηται
2539 2241 2635 2293 τῆς
2687 2240 2863 2294 κοινῆς
2910 2238 2998 2284 καὶ
3055 2229 3322 2303 δημοσίας
3388 2235 3648 2302 ἡσυχίας.
3702 2233 3839 2299 Τούτῳ

2279 2325 2379 2396 γὰρ
2459 2331 2526 2392 τῷ
2602 2322 2861 2392 λογισμῷ,
2915 2324 3085 2382 καθὼς
3149 2328 3238 2373 καὶ
3296 2326 3630 2394 προείρηται,
3683 2322 3708 2376 η
3759 2321 3842 2369 θεία

2283 2408 2491 2469 σπουδὴ
2547 2417 2664 2485 περὶ
2714 2413 2874 2478 ἡμᾶς,
2932 2408 3004 2471 οἷς
3054 2414 3101 2462 ἐν
3151 2409 3355 2471 πολλοῖς
3414 2408 3528 2468 ἤδη
3580 2410 3840 2482 πράγμασιν

2283 2499 2646 2574 ἐπειράθημεν,
2703 2497 2796 2552 διὰ
2844 2504 3038 2560 παντός
3093 2507 3184 2550 τοῦ
3217 2505 3418 2571 χρόνου
3458 2497 3671 2571 βεϐαίως
3697 2494 3838 2567 διαμε-

2283 2597 2374 2642 νεῖ.
2427 2588 2536 2642 Ὶνα
2592 2586 2650 2640 δὲ
2714 2592 2910 2649 ταύτης
2961 2598 3051 2649 τῆς
3116 2590 3370 2661 ἡμετέρας
3443 2591 3739 2659 νομοθεσίας
3780 2589 3842 2634 καὶ

2288 2687 2379 2737 τῆς
2458 2679 2841 2748 καλοκαγαθίας
2899 2679 3015 2750 ὅρος
3083 2682 3207 2751 πρός
3253 2682 3347 2734 τήν
3433 2686 3629 2748 γνῶσιν
3686 2677 3841 2726 πάντων

525 2765 801 2836 ἐνεχθῆναι
850 2762 1078 2838 δυνηθῇ,
1137 2769 1508 2839 προταχθέντα
1553 2774 1645 2820 τοῦ
1706 2776 1800 2820 σοῦ
1855 2770 2268 2840 προγράμματος
2319 2775 2486 2818 ταῦτα
2542 2769 2608 2818 τὰ
2683 2769 2764 2838 ὑφ’
2797 2770 2942 2827 ἡμῶν
2994 2775 3274 2840 γραφέντα,
3340 2774 3627 2836 πανταχοῦ
3679 2766 3843 2836 προθεῖ-

520 2874 628 2915 ναι,
677 2861 765 2906 καὶ
826 2855 896 2916 εἰς
943 2864 1135 2926 γνῶσιν
1186 2858 1390 2908 πάντων
1447 2856 1678 2928 ἀγαγεῖν,
1740 2856 2019 2909 ἀκόλουθόν
2066 2860 2204 2910 ἐστιν
2238 2874 2250 2886 ·

528 2947 676 2997 θεσία
698 2940 901 3015 μηδένα
927 2943 1098 2997 λαθεῖν
1127 2941 1352 3019 δυνηθῇ.

1140 3051 1370 3109 CAPUT
1405 3053 1559 3109 XLII.

524 3140 679 3196 Alia
723 3140 851 3196 duas
899 3141 1360 3202 constitutiones,
1387 3143 1690 3208 pecunias,
1717 3144 1873 3197 dona
1901 3147 1951 3197 et
1971 3142 2180 3197 immu-

873 3213 1118 3268 nitatem
1151 3213 1407 3268 ecclesiis
1437 3215 1838 3269 concedentes.

600 3301 937 3356 Secundam
952 3301 1406 3372 verohancquaa
1421 3303 2178 3372 sequiturconstitutionem

526 3389 1008 3460 promulgarunt,
1030 3390 1089 3444 in
1107 3390 1300 3445 solam
1315 3390 1671 3446 catholicam
1697 3391 2016 3446 Ecclesiam
2038 3390 2180 3446 libe-

525 3478 822 3534 ralitatem
867 3477 1047 3534 talem
1100 3479 1377 3534 collatam
1436 3496 1565 3534 esse
1614 3480 2020 3549 signiﬁcantes
2051 3480 2174 3550 (1):

531 3567 768 3633 «Salve,
792 3567 1062 3631 Anuline,
1082 3567 1409 3638 plurimum
1424 3568 1600 3624 nobis
1627 3570 2001 3626 honorande.
2020 3568 2179 3624 Libe-

524 3656 776 3710 ralitatis
805 3656 1309 3728 benignitatisque
1338 3663 1556 3713 nostrae
1589 3658 1806 3713 modus
1833 3657 1931 3712 hic
1977 3665 2085 3722 est,
2122 3665 2182 3716 ut

524 3745 628 3817 qui
678 3744 854 3799 alieni
901 3746 1054 3815 juris
1105 3753 1264 3812 sunt,
1321 3762 1439 3802 non
1489 3747 1683 3802 solum
1725 3763 1846 3802 non
1897 3747 2184 3802 violenter

526 3833 798 3899 involari,
823 3835 996 3906 505
1024 3851 1234 3890 verum
1268 3836 1451 3891 etiam
1472 3836 1698 3892 restitui
1721 3836 1994 3899 velimus,
2027 3842 2182 3890 Anu-

525 3923 640 3976 line
651 3924 1158 3978 revereudissime.
1177 3926 1552 3996 Quapropter
1564 3927 1972 3996 praecipimus,
1994 3941 2180 3997 quam

527 4010 790 4083 primum
828 4011 1033 4066 litterae
1073 4015 1380 4068 haenostrae
1421 4014 1498 4068 ad
1559 4019 1614 4068 te
1655 4014 1892 4085 perlata:
1943 4013 2176 4074 fuerint,

526 4106 591 4155 ut
618 4116 993 4172 quaecunque
1018 4101 1182 4156 bona
1205 4102 1284 4156 ad
1309 4103 1630 4157 Ecclesiam
1647 4102 2006 4157 catholicam
2026 4104 2182 4158 Chri-

527 4189 882 4257 stianorum,
913 4189 1074 4244 velin
1091 4189 1360 4254 urbibus,
1382 4191 1471 4245 vel
1489 4191 1548 4246 in
1574 4190 1717 4246 locis
1736 4191 1864 4246 aliis
1881 4192 2180 4260 pertinen-

527 4278 626 4342 tia,
661 4277 782 4332 sive
810 4295 846 4333 a
892 4279 1142 4345 civibus,
1199 4295 1303 4333 seu
1331 4296 1366 4334 a
1396 4283 1685 4351 quopiam
1717 4280 1833 4334 alio
1885 4287 2180 4349 occupata

527 4367 924 4432 detineantur,
957 4367 1268 4423 confestim
1297 4368 1566 4423 ecclesiis
1596 4368 1740 4440 ipsis
1762 4369 2169 4425 restituantur.

526 4458 772 4513 Prorsus
798 4457 955 4512 enim
979 4460 1368 4512 constitutum
1397 4458 1572 4512 nobis
1603 4464 1710 4524 est,
1741 4463 1804 4512 ut
1823 4474 1974 4530 quas
2004 4466 2180 4513 antea

526 4547 789 4601 ecclesiae
816 4545 1156 4600 habuerunt
1187 4548 1615 4616 possessiones,
1648 4547 1708 4601 in
1735 4549 1832 4616 jus
1863 4563 2070 4601 earum
2094 4564 2180 4602 re-

526 4635 728 4691 deant.
758 4637 902 4690 Cum
917 4636 1118 4706 itaque
1139 4635 1378 4690 devotio
1395 4643 1494 4691 tua
1517 4637 1782 4691 mandati
1798 4637 1978 4705 hujus
1991 4636 2178 4690 nostri

521 4725 853 4796 jussionem
869 4723 1180 4779 clariorem
1195 4725 1538 4795 perspiciat,
1553 4741 1798 4796 operam
1814 4725 1957 4780 dare
1971 4726 2178 4790 debes,

527 4815 650 4870 sive
689 4814 863 4884 horti,
905 4815 1031 4868 sive
1081 4813 1258 4878 asdes,
1302 4829 1408 4868 seu
1439 4814 1732 4886 quidlibet
1773 4815 1936 4870 aliud
1980 4815 2180 4884 adjus

525 4904 910 4960 ecclesiarum
935 4903 1233 4974 pertinuit,
1262 4913 1324 4958 ut
1353 4904 1480 4959 haec
1515 4904 1722 4960 omnia
1747 4905 1832 4959 eis
1863 4921 2046 4975 quam
2064 4905 2182 4976 pri-

527 5009 695 5049 mum
727 4992 1072 5061 reddantur,
1108 4999 1170 5048 ut
1218 4993 1485 5048 videlicet
1513 4999 1569 5048 te
1593 4993 1969 5063 jussionibus
2015 4994 2178 5048 hisce

524 5083 743 5138 nostris
755 5099 893 5138 cum
916 5099 1057 5138 cura
1074 5083 1255 5137 etﬁde
1270 5083 1540 5152 paruisse
1566 5083 1986 5150 intelligamus.
2015 5082 2177 5148 Vale,

525 5171 796 5236 Anuline,
820 5172 992 5226 nobis
1019 5171 1351 5226 admodum
1376 5172 1800 5227 honorande.»
1819 5173 2012 5226 Aliam
2035 5189 2179 5242 quo-

524 5277 642 5332 que
663 5261 1144 5316 constitutionem
1183 5262 1262 5316 ad
1287 5260 1569 5316 eumdem
1594 5261 1958 5332 scripserunt
1989 5261 2084 5332 (2),
2118 5261 2174 5315 in

599 5368 675 5438 (l)
731 5368 991 5422 Haeretici
1043 5384 1163 5424 non
1205 5368 1467 5437 gaudent
1515 5367 1943 5422 catholicorum
1999 5369 2177 5438 privi-

523 5439 692 5566 lﬁgiis
746 5440 1130 5495 Constantini.
1185 5442 1242 5494 L.
1276 5440 1605 5511 Privilegia
1637 5439 1696 5494 C.
1755 5439 1835 5496 De
1887 5440 2089 5496 heeret.
2123 5444 2181 5496 et

583 5525 679 5564 an.

583 5525 679 5564 an.

2311 2858 2449 2917 ὅπως
2491 2859 2687 2917 ταύτης
2736 2865 2827 2916 τῆς
2896 2860 3146 2931 ἡμετέρας
3193 2855 3590 2926 καλοκαγαθίας
3645 2856 3672 2910 ἡ
3727 2872 3841 2922 νοέω·

2209 3052 2252 3107 C
2885 3058 3126 3108 ΚΕΦΑΛ.
3161 3052 3298 3107 ΜΒ’.

2293 3140 2542 3213 Ἓτεραι
2583 3137 2697 3193 δύο
2740 3138 3075 3204 διατάξεις
3139 3147 3240 3194 καὶ
3293 3144 3519 3194 οἰνεσιν
3576 3139 3829 3212 δωρούμε-

2313 3232 2415 3263 ναι
2454 3220 2588 3272 ταῖς
2626 3221 2736 3266 τοῦ
2778 3221 2936 3266 Θεοῦ
2976 3213 3356 3275 ἐκκλησίαις
3389 3219 3501 3266 καὶ
3533 3218 3814 3284 χρήματα.

2359 3305 2601 3372 Δευτέραν
2655 3298 2713 3354 δὲ
2764 3306 2953 3360 ταύτην
2987 3299 3223 3365 διάταξιν
3258 3302 3492 3354 ἔστελλον
3535 3310 3598 3372 τῇ
3640 3297 3834 3364 καθολικῇ

2288 3373 2572 3462 Ἐκκλησία
2621 3397 2748 3463 μόνη
2799 3397 2890 3450 τήν
2942 3388 3139 3461 δωρεὰν
3207 3389 3470 3444 δεδόσθαι
3521 3393 3843 3464 παρεγγυώμε-

2288 3500 2365 3532 νοι
2398 3498 2410 3509 '
2460 3499 2488 3528 (ί
2534 3487 2716 3552 Χαῖρε,
2763 3481 3011 3544 Ἀνυλῖνε,
3072 3487 3354 3551 τιμιώτατε
3412 3484 3565 3552 ἡμῖν,
3624 3478 3786 3532 Ἔστιν
3824 3472 3840 3521 ὁ

2289 3573 2476 3639 τρόπος
2528 3569 2675 3630 οὗτος
2719 3577 2813 3631 τῆς
2860 3570 3245 3640 καλοκαγαθίας
3302 3577 3396 3630 τῆς
3454 3572 3713 3640 ἡμετέρας,
3747 3567 3842 3614 ὦστῑ

2291 3655 2457 3708 ἐκεῖνα
2501 3657 2626 3730 οἷπερ
2701 3656 2888 3729 δικαίῳ
2963 3658 3212 3731 ἀλλοτρίῳ
3274 3664 3556 3728 προσήκει,
3611 3658 3678 3728 μή
3729 3659 3841 3724 μόνον

2291 3750 2360 3815 μὴ
2422 3745 2772 3816 ἐνοχλεῖσθαι,
2827 3747 2955 3800 ἀλλὰ
3018 3754 3108 3800 καὶ
3185 3747 3548 3817 ἀποκαθιστᾷν
3613 3743 3843 3818 βούλεσθαι

2292 3836 2450 3905 ἡμᾶς.
2514 3836 2741 3888 Ἀνυλῖνε
2819 3843 3120 3908 τιμιώτατε.
3188 3837 3337 3889 Ὅθεν
3420 3835 3724 3908 βουλόμεθα,
3785 3835 3845 3879 ἶνα

2291 3925 2480 3974 ὁπόταν
2529 3933 2693 3975 ταυτα
2749 3945 2812 3976 τα
2861 3928 3150 3999 γράμματα
3204 3928 3458 3998 κομισθῇ,
3534 3929 3578 3977 εῖ
3644 3941 3746 3974 τινα
3808 3921 3844 3967 ἐκ

2288 4016 2480 4065 τούτων
2532 4022 2631 4064 τῶν
2683 4022 2744 4086 τῇ
2805 4016 3087 4086 Ἐκκλησία
3123 4016 3370 4088 καθολικῇ
3415 4025 3516 4066 τῶν
3564 4018 3844 4084 Χριστιανῶν

2290 4104 2338 4153 ἓν
2396 4103 2632 4162 ἑκάσταις
2688 4103 2895 4155 πόλεσιν
2944 4107 2972 4162 ῆ
3029 4109 3118 4156 καὶ
3170 4105 3339 4164 ἄλλοις
3386 4109 3562 4164 τόποις
3634 4099 3842 4171 διέφερεν,

2289 4196 2378 4243 καὶ
2408 4196 2714 4261 κατέχοιντο
2752 4201 2838 4243 νῦν
2883 4197 2911 4251 ἦ
2947 4193 3046 4244 ὑπὸ
3095 4195 3334 4256 πολιτῶν,
3382 4198 3411 4250 ἧ
3456 4196 3562 4244 ὑπό
3604 4211 3741 4242 τινων
3780 4185 3843 4236 εἱλ-

2287 4280 2405 4346 λων,
2460 4289 2625 4332 ταῦτα
2682 4281 3180 4339 ἀποκατασταθῆναι
3236 4290 3574 4355 παραχρῆμα
3633 4286 3735 4337 ταῖς
3779 4273 3845 4324 αὖ·

2213 4377 2405 4456 Βταῖς
2462 4369 2764 4431 ἐκκλησίαις
2823 4375 3141 4432 ποιήσειας·
3203 4368 3482 4444 ἐπειδήπερ
3548 4365 3842 4442 προηρόμεθπ

2287 4459 2416 4529 οἷπερ
2468 4461 2522 4509 αἱ
2568 4459 2842 4515 ἐκκλησίαι
2899 4459 3198 4529 ἐσχήκεσαν
3257 4465 3523 4532 πρότερον,
3566 4467 3636 4528 τῷ
3690 4452 3841 4518 δικαίῳ

2289 4547 2454 4599 αὐτῶν
2526 4547 3043 4606 ἀποκατασταθῆναι.
3110 4547 3294 4599 Ὀπότε
3370 4553 3538 4599 τοίνυν
3601 4540 3836 4614 συνορᾲἡ

2287 4638 2608 4696 καθοσίωσις
2661 4639 2689 4694 ή
2736 4657 2799 4695 ση
2850 4640 3045 4698 ταύτης
3085 4639 3228 4708 ἡμῶν
3264 4637 3536 4696 κελεύσεως
3571 4639 3837 4702 σαφέστερον

2288 4726 2416 4777 εἶναι
2448 4731 2505 4776 τό
2535 4746 2871 4800 πρόσταγμα,
2906 4723 3230 4791 σπούδασον,
3279 4730 3376 4778 εἶτε
3436 4727 3618 4792 οἰκίαι,
3656 4726 3742 4775 εἶτε
3772 4725 3841 4773 κῆ·

2286 4821 2398 4877 πόι,
2429 4819 2527 4867 εἴτε
2553 4812 2926 4872 ότιουνδήποτε
2960 4825 3029 4886 τῷ
3059 4813 3248 4886 δικαίῳ
3279 4826 3375 4867 τὼν
3408 4816 3571 4868 αὐτῶν
3601 4813 3840 4866 ἐκκλησιῶν

2289 4900 2541 4974 διέφερον,
2623 4907 2901 4976 σύμπαντα
2979 4905 3162 4965 αὑταῖς
3241 4903 3726 4960 ἀποκατασταθῆναι
3791 4896 3841 4952 ὡς

2288 4995 2567 5064 τάχιστα·
2629 4995 2766 5054 ὅπως
2814 4997 2976 5064 τούτῳ
3027 4996 3171 5065 ἡμῶν
3227 5002 3298 5063 τῷ
3361 4993 3716 5066 προστάγματί

2285 5083 2600 5154 μελεστάτην
2657 5102 2713 5134 σε
2780 5086 3135 5154 πειθάρχησιν
3205 5088 3596 5156 παρεσχηκέναι
3649 5073 3840 5143 καταμά-

2289 5173 2480 5242 θοιμεν.
2538 5171 2791 5245 Ἒρρωσο,
2859 5173 3088 5225 Ἀνυλῖνε
3154 5180 3437 5245 τιμιώτατε
3493 5175 3630 5243 ἡμῖν.
3685 5189 3708 5214 ιι
3763 5163 3833 5214 Καὶ

2285 5261 2441 5318 σῦλην
2490 5257 2548 5312 δὲ
2593 5258 2835 5324 διάταξιν
2879 5266 3045 5333 νόμων
3099 5261 3239 5332 αὖτῴ
3283 5269 3664 5333 προσφωνοῦσι,
3706 5251 3768 5306 δι’
3794 5250 3833 5306 ξς

2354 5372 2440 5436 (2).
2488 5367 2836 5422 Constitutio
2888 5369 2962 5422 de
2993 5370 3367 5423 immunitate
3417 5368 3761 5422 clericorum.
3789 5361 3831 5412 L-

2287 5439 2474 5496 Juxta
2499 5440 2883 5496 sanctionem.
2918 5443 2976 5496 C.
3010 5444 3086 5495 De
3124 5441 3391 5514 episcop.
3425 5444 3481 5495 et
3506 5439 3636 5495 cier.
