4028 6294
155 278 300 334 1305

1157 277 1732 337 ECCLESIASTIC/E
1769 277 2131 336 HISTORLE
2171 240 2311 336 LIB.
2363 279 2478 336 VII.

3372 272 3516 331 1306

150 405 269 464 τοὺς
342 410 441 454 τῶν
489 399 777 460 ἕκκλησιῶν
853 401 1109 477 ὑπηρέτρς
1177 408 1267 455 καὶ
1334 406 1591 475 ἡγεμόνας
1655 409 1750 461 τῆς

1876 418 1984 473 Jua
2018 403 2406 461 ecclesiarum
2442 403 2748 462 ministros
2772 406 2829 461 et
2857 400 3137 476 praesides
3176 417 3212 457 a
3242 397 3514 456 civilibus

151 500 249 543 τῶν
306 499 586 564 ποριτικῶν
648 490 972 563 λειτουργίας
1024 491 1315 563 ἐλευθέρους
1388 489 1516 545 εἶναι
1573 488 1752 545 διακε-

151 581 402 645 λεύονται,
469 581 744 652 γράφοντες
802 580 962 641 οὕτως
994 597 1005 610 ·
1066 602 1093 631 ιι
1147 588 1333 652 Χαῖρε,
1379 580 1606 633 Ἀνυλίνε
1670 599 1749 631 τι-

153 675 383 743 μιώτατε
455 671 599 740 ἡμῖν,
678 665 895 727 Ἐπειδὴ
973 669 1027 721 έκ
1119 670 1359 723 πλειόνων
1432 672 1751 744 πραγμάτων

153 764 387 832 φαίνεται
438 758 969 831 παρεξουθενηθείσαν
1041 764 1134 818 τὴν
1192 763 1475 835 θρησκείαν
1522 758 1570 811 ἰν
1717 761 1747 817 ἠ

151 852 414 921 κορυφαία
481 856 577 909 τῆς
632 847 928 919 ἁγιωτάτης
986 847 1292 919 ἐπουρανίου
1351 845 1517 911 αἰδὼς
1563 849 1754 920 φυλάτ-

149 956 317 1005 τεται,
349 936 605 1007 μεγάλους
661 933 937 999 κινδύνους
988 936 1288 1009 ἐνηνοχέναι
1316 945 1425 999 τοῖς
1472 934 1753 1007 δημοσίοις

148 1028 461 1099 πράγμασιν
495 1044 509 1055 ·
562 1025 726 1084 αὐτήν
775 1045 829 1078 τε
892 1028 1087 1084 ταύτην
1142 1026 1398 1098 ἑνθέσμως
1451 1024 1756 1099 ἀναληφθεί-

154 1133 254 1166 σαν
325 1119 415 1165 καὶ
482 1113 865 1186 φυλαττομένην
913 1119 1169 1186 μεγίστην
1221 1114 1473 1186 εὐτυχίαν
1515 1124 1589 1185 τῷ
1637 1114 1755 1166 Ῥω-

152 1210 329 1274 μαῐκῶ
396 1202 630 1274 ὀνόματι,
689 1208 779 1255 καὶ
843 1205 1087 1274 σύμπασι
1153 1209 1265 1264 τοῖς
1325 1212 1424 1255 τῶν
1476 1202 1755 1277 ἀνθρώπων

153 1293 463 1365 πράγμασιν
521 1289 777 1365 ἐξαίρετον
833 1290 1129 1365 εὐεργεσίαν
1182 1296 1600 1366 παρεσχηκέναι,
1656 1300 1756 1342 τῶν

156 1381 308 1432 θείων
389 1379 693 1452 εὐεργεσιῶν
752 1387 902 1432 τοῦτο
949 1389 1299 1453 παρεχουσῶν
1329 1398 1341 1410 ·
1410 1378 1582 1443 ἔδοξεν
1634 1382 1757 1432 ἑκεί-

152 1487 274 1529 νους
309 1471 431 1529 τοὺς
478 1466 679 1541 ἄνδρας
729 1472 852 1530 τοὺς
898 1476 961 1541 τῇ
1017 1468 1314 1541 ὀφειλομένη
1364 1469 1628 1540 ἁγιότητι,
1672 1471 1757 1520 καὶ

154 1565 222 1630 τῇ
270 1565 363 1611 τοῦ
408 1561 569 1629 νόμον
626 1562 812 1610 τούτου
859 1555 1141 1632 προεδρεία
1178 1561 1268 1620 τὰς
1323 1560 1613 1633 ὑπηρεσίας
1671 1556 1758 1610 ὑπ’

160 1646 334 1699 αὐτῶν
395 1655 456 1719 τῇ
522 1656 613 1708 τῆς
668 1649 807 1708 θείας
864 1650 1147 1719 θρησκείας
1205 1651 1450 1721 θεραπείᾳ
1504 1651 1761 1720 παρέχον-

1860 484 2211 548 muneribus
2231 493 2451 550 liberos
2474 501 2530 550 et
2554 495 2855 550 immunes
2877 510 3009 550 esse
3029 492 3260 562 jubent,
3276 492 3336 544 in
3354 488 3515 543 hunc

1860 581 2110 636 modum
2149 600 2162 637 :
2212 582 2401 650 Salve,
2448 584 2699 639 Anuline
2739 581 3253 639 reverendissime.
3283 581 3516 633 Postea-

1861 685 2047 742 quam
2097 671 2274 726 rebus
2328 673 2526 728 multis
2583 678 2837 738 constat,
2884 671 3221 742 neglectam
3250 672 3516 723 contem-

1860 765 2150 831 ptamque
2165 761 2535 832 religionem,
2554 777 2660 834 per
2680 777 2865 834 quam
2889 775 3130 816 summa
3150 753 3513 814 sanctissimi

1861 847 2116 903 ccelestis
2146 849 2412 904 Numinis
2437 851 2816 907 observantia
2839 856 2898 906 et
2918 847 3248 905 reverentia
3278 858 3516 900 conser-

1865 940 2056 1001 vatur,
2088 938 2352 1005 ingentia
2380 938 2563 994 rebus
2604 939 2859 1011 publicis
2890 938 3157 994 intulisse
3188 932 3453 1007 pericula
3495 947 3509 985 :

1862 1024 2263 1098 eamdemque
2284 1028 2476 1098 ipsam
2496 1026 2759 1100 legitime
2781 1034 2961 1100 atque
2987 1030 3190 1081 sancte
3213 1027 3513 1094 receptam

1862 1117 1921 1168 et
1949 1114 2193 1179 cultam,
2227 1116 2557 1172 maximam
2596 1119 2868 1172 Romano
2896 1113 3123 1170 nomini
3155 1111 3513 1174 felicitatem,

1863 1200 2242 1275 plurimaque
2280 1204 2563 1259 omnibus
2591 1204 2941 1261 hominibus
2972 1202 3285 1266 beneﬁcia,
3313 1197 3519 1255 divina.

1865 1290 2229 1359 benignitate
2277 1294 2715 1364 suppeditante,
2761 1292 3115 1348 conciliasse
3165 1307 3176 1344 :
3234 1288 3517 1361 placitum

1867 1377 2038 1433 nobis
2067 1386 2174 1445 est,
2204 1382 2364 1437 viros
2396 1398 2501 1438 eos
2525 1382 2632 1455 qui
2657 1381 2862 1438 debita
2890 1382 3199 1436 sanctitate
3230 1384 3287 1434 et
3312 1375 3521 1449 praeci-

1865 1483 1990 1537 pua
2047 1469 2254 1525 talium
2302 1487 2608 1527 sacrorum
2657 1488 2800 1528 cura
2859 1469 3200 1526 ministeriis
3248 1469 3371 1524 suis
3416 1480 3522 1537 per

1868 1556 2175 1626 egregium
2198 1575 2384 1615 sacras
2409 1559 2709 1630 religionis
2729 1560 2954 1615 cultum
2984 1559 3334 1629 funguntur,
3356 1556 3524 1611 labo-

1869 1660 2004 1699 rum
2030 1662 2275 1703 suorum
2303 1648 2490 1720 digna
2511 1650 2726 1704 referre
2754 1649 3024 1721 praemia.
3054 1649 3246 1713 Quam
3276 1645 3357 1700 ob
3385 1659 3523 1698 cau-

154 1756 276 1803 τας,
321 1744 419 1788 τῶν
472 1737 719 1808 καμάτων
742 1745 842 1788 τῶν
883 1733 1033 1788 ἰδίων
1062 1740 1128 1788 τὰ
1159 1736 1354 1789 ἔπαθλα
1410 1738 1757 1808 κομίσασθαι.

1876 1750 2001 1789 sam
2022 1735 2127 1806 qui
2166 1736 2321 1793 intra
2344 1738 2712 1809 provinciam
2739 1738 2840 1793 tibi
2860 1737 3149 1793 creditam
3183 1735 3238 1790 in
3262 1732 3524 1789 Ecclesia

156 1829 344 1897 Διόπερ
421 1824 643 1888 ἐκείνους
697 1828 817 1887 τοὺς
873 1829 996 1878 εἵσω
1048 1834 1143 1888 τῆς
1216 1824 1480 1900 ἐπαρχίας
1534 1835 1629 1887 τῆς
1678 1844 1762 1877 σοι

158 1918 576 1986 πεπιστευμένης
630 1917 680 1967 ἓν
732 1922 795 1988 τῇ
863 1914 1113 1987 καθολικῇ
1184 1915 1470 1988 Ἐκκλησία
1618 1921 1762 1967 Κεκι-

154 2002 337 2065 λιανός
389 2002 656 2074 ὶφέστηκε,
716 2010 808 2062 τὴν
858 2005 909 2067 ἐξ
957 2004 1125 2056 αὐτῶν
1164 2006 1455 2079 ὑπηρεσίαν
1494 2012 1557 2076 τῇ
1605 2004 1762 2074 ἁγιω-

155 2094 291 2164 τάτῃ
350 2094 607 2165 θρησκείᾳ
658 2097 1011 2167 παρέχοντας,
1068 2093 1262 2165 οὕσπερ
1317 2094 1594 2165 κληρικοὺς
1646 2091 1762 2144 ἐπο-

159 2182 409 2253 νομάζειν
484 2182 753 2246 εἰώθασιν,
830 2181 930 2234 ἀπό
1022 2191 1204 2235 πασῶν
1280 2183 1593 2245 ἁπαξαπλῶς
1665 2190 1763 2233 τῶν

156 2271 497 2342 λειτουργιῶν
575 2269 850 2344 βούλομαι,
905 2270 1332 2345 ἀλειτουργήτους
1388 2268 1761 2342 διαφυλαχθῆ-

157 2380 270 2423 ναι,
330 2360 464 2420 ὅπως
523 2365 595 2431 μὴ
663 2362 763 2413 ὑπό
836 2380 974 2422 τινος
1047 2360 1239 2421 πλάνης
1302 2361 1330 2419 ἦ
1391 2359 1766 2422 ἓξολισθὴσεως

162 2448 436 2520 ἱεροσύλου
484 2448 585 2501 ἀπὸ
640 2458 739 2512 τῆς
789 2452 1062 2522 θεραπείας
1114 2458 1210 2509 τῆς
1252 2447 1315 2522 τῇ
1364 2450 1598 2521 θειοτάτῃ
1632 2448 1761 2519 ὀφεί-

156 2537 382 2609 λομένης
458 2536 791 2609 ἀφελκωνται.
870 2538 1030 2591 Ἀλλὰ
1106 2538 1297 2609 μᾶλλον
1361 2538 1480 2589 ἄνευ
1547 2535 1637 2588 τιν’
1695 2538 1767 2599 ὰς·

161 2626 494 2699 ἐνοχλήσεως
566 2635 639 2698 τῷ
699 2624 819 2698 ἰδίῳ
871 2630 1010 2699 νόμῳ
1074 2626 1486 2699 ἕξυπηρετῶνται
1535 2642 1548 2655 ο
1600 2625 1764 2697 ὧνπερ

163 2721 420 2790 μεγίστην
471 2715 711 2788 λατρείαν
756 2721 876 2787 περὶ
933 2720 992 2768 τὸ
1051 2719 1183 2769 θεῖον
1237 2719 1577 2786 ποιουμένων,
1631 2714 1769 2765 πλεῖ-

170 2824 290 2858 στον
355 2806 475 2857 ὅσον
532 2812 638 2865 τοῖς
692 2813 881 2865 κοινοῖς
945 2808 1224 2876 πράγμασι
1283 2809 1542 2856 συνοίσειν
1601 2800 1765 2854 δοκεῖ.

166 2893 423 2969 Ἐῤῥωσο,
472 2895 700 2948 Ἀνυλίνε
740 2896 1023 2967 τιμιώτᾶιτε
1060 2901 1150 2947 καὶ
1196 2896 1526 2947 ποθεινότατε
1561 2895 1710 2964 ἡμῖν.
1739 2913 1768 2944 n

161 2983 281 3036 *Ετι
332 2989 423 3036 καὶ
460 2986 711 3058 τετάρτην
771 2981 1012 3047 διάταξιν
1058 2985 1267 3057 γράφει,
1306 2980 1378 3035 δι’
1416 2983 1479 3043 ἧς
1517 2986 1771 3053 χρήματα

159 3080 278 3133 ταῖς
375 3071 683 3133 ἐκκλησίαις
775 3068 1038 3145 δωρεῖται,

160 3162 509 3235 Καρθαγένης
578 3163 773 3213 οὑτωσὶ
842 3161 1149 3214 ἐπιστέλλων
1177 3180 1191 3193 ’

160 3254 473 3323 Αὔγουστος
504 3270 519 3284 ο
571 3247 884 3323 Ἐπειδήπερ
911 3254 1064 3322 ἤρεσε
1106 3253 1241 3302 κατά
1282 3252 1456 3311 πάσας
1484 3252 1766 3323 ἐπαρχίας,

158 3341 262 3400 τάς
308 3359 364 3391 τε
414 3341 669 3414 Ἀφρικὰς
710 3345 800 3391 καὶ
851 3341 946 3400 τὰς
991 3335 1285 3411 Νουμιδίας
1332 3345 1420 3390 καὶ
1472 3340 1565 3400 τὰς
1626 3343 1772 3390 Μαυ-

161 3434 422 3504 ριτανίας,
464 3429 643 3503 ῥητοῖς
702 3447 812 3481 τισι
864 3437 965 3481 τῶν
1029 3430 1295 3499 ὑπηρενῶν
1366 3434 1461 3489 τῆς
1522 3426 1771 3498 ἐνθέσμου

162 3522 259 3570 καὶ
314 3516 611 3588 ἁγιωτάτης
650 3516 929 3577 καθολικῆς
995 3518 1277 3589 θρησκείας
1331 3516 1404 3578 εὶς
1461 3514 1774 3586 ἀναλώματα

166 3604 631 3677 ἐπιχορηγηθῆναί
684 3627 753 3667 τι,
802 3603 976 3658 ἔδωκα
1042 3607 1324 3678 γράμματα
1372 3608 1504 3677 πρὸς
1568 3600 1772 3674 Οὖρσον

166 3694 444 3747 καθολικὸν
512 3702 606 3756 τῆς
666 3695 918 3767 Ἀρικῆς·
979 3699 1069 3746 καὶ
1120 3691 1366 3752 ἐδήλωσα
1428 3693 1569 3763 αὐτῷ
1632 3694 1772 3753 ὅπως

167 3782 508 3857 τρισχιλίους
560 3783 757 3856 φόλλεις
806 3791 867 3855 τῇ
922 3790 988 3855 σῇ
1043 3782 1348 3857 στερρότητι
1402 3784 1773 3854 ἀπαριθμῆσαι

168 3877 441 3945 φροντίσῃ.
502 3876 567 3925 Σὺ
618 3878 790 3926 τοίνυν
820 3875 977 3931 ἡνίκα
1029 3876 1123 3930 τὴν
1170 3868 1641 3946 προδεδηλωμένην
1682 3889 1773 3921 πο-

175 3965 372 4018 σότητα
416 3969 515 4013 τῶν
562 3964 856 4034 χρημάτων
903 3958 1274 4032 ὑποδεχθῆναι
1320 3965 1552 4025 ποιήσει,
1604 3960 1773 4011 ἅπασι

169 4052 282 4111 τοὶς
318 4056 707 4126 προειρημένοις
768 4053 906 4103 κατὰ
958 4056 1018 4103 τὸ
1076 4048 1311 4125 βρεούῑον
1359 4054 1488 4123 πρὸς
1542 4053 1599 4102 σε
1656 4052 1774 4123 περὶ

168 4139 357 4192 Ὀσίου
410 4139 715 4207 ἁποσταλὲν,
785 4148 951 4192 ταῦτα
994 4141 1063 4192 τὰ
1140 4144 1400 4211 χρήματα
1456 4136 1774 4196 διαδοθῆναι

172 4228 434 4283 κελευσον.
493 4228 555 4283 Εἰ
611 4226 662 4281 δ’
714 4230 818 4301 ἄρα
861 4232 990 4302 πρὸς
1049 4232 1107 4280 τὸ
1174 4228 1622 4299 συμπληρωθῆναί
1673 4246 1774 4299 μου

171 4323 269 4377 την
317 4318 390 4379 εἰς
457 4326 611 4370 τοῦτο
659 4322 776 4390 περὶ
827 4319 1061 4378 ἅπαντας
1106 4318 1291 4378 αὐτοὺς
1339 4322 1642 4391 προαίρεσιν
1702 4316 1774 4368 ἕν-

1271 3180 1299 3211 ‹‹
1385 3166 1770 3220 Κωνσταντίνος

172 4406 286 4461 δεῖν
333 4427 383 4459 τι
417 4408 761 4478 καταμάθοις,
814 4410 959 4480 παρὰ
1016 4403 1359 4479 Ἡρακλείδου
1427 4413 1517 4458 τοῦ
1574 4404 1774 4478 ἐπιτρό-
1811 4432 1854 4484 D

171 4517 276 4551 που
352 4504 451 4548 τῶν
518 4499 777 4571 ἡμετέρων
842 4498 1133 4569 χρημάτων
1204 4495 1588 4567 ἀναμφιλέκτως
1652 4497 1773 4570 ὅπερ

171 4586 456 4655 ἀναγκαῖον
509 4582 639 4637 εἶναι
694 4588 1037 4657 καταμάθοις,
1098 4585 1318 4642 αἰτῆσαι
1378 4583 1615 4656 ὀφείλεις.
1679 4590 1776 4637 Καὶ

168 4678 277 4748 γὰρ
333 4678 552 4746 παρόντι
602 4674 745 4744 αὐτῷ
797 4673 1114 4747 προσέταξα,
1154 4676 1240 4725 ἵνα
1285 4676 1329 4725 εἰ
1369 4692 1420 4725 τι
1454 4675 1515 4724 οἶν
1564 4674 1777 4746 χρημά-

169 4772 275 4817 τῶν
320 4766 447 4837 παρ’
498 4763 655 4815 αὐτοῦ
706 4764 736 4821 ἡ
800 4768 866 4822 σὴ
921 4762 1195 4837 στερρὸτης
1246 4762 1464 4834 αἰτήσῃ,
1525 4761 1642 4814 ἄνευ
1698 4758 1779 4813 δι-

173 4859 419 4924 στᾶγμοῦ
485 4872 618 4913 τινος
662 4854 1033 4925 ἀπαριθμῆσαι
1090 4856 1361 4924 φροντίσῃ.
1433 4856 1531 4903 Καὶ
1592 4846 1774 4908 ἐπειδὴ

172 4942 442 5013 ἐπυθόμην
497 4944 641 5002 τινας
677 4946 748 5013 μὴ
806 4943 1144 5002 καθεστώσης
1201 4936 1438 5002 διανοίας
1485 4941 1779 5010 τυγχάνον-

173 5051 272 5092 τας
328 5033 646 5104 ἁνθρώπους,
693 5034 782 5082 τὸν
816 5030 937 5082 λαὸν
990 5038 1080 5090 τῆς
1128 5029 1424 5101 ἁγιωτάτης
1476 5033 1566 5080 καὶ
1622 5030 1777 5080 καθο-

169 5122 328 5180 λικῆς
368 5119 682 5181 Ἐκκλησίας
727 5120 891 5192 φαύλη
942 5124 1043 5170 τινὶ
1100 5119 1434 5170 ὑπονοθεύσει
1494 5116 1779 5188 βούλεσθαι

172 5207 530 5283 διαστρέφειν,
582 5213 804 5280 γινωσκέ
850 5227 913 5280 με
970 5207 1215 5279 Ἀνυλίνῳ
1274 5204 1568 5277 ἀνθυπάτῳ,
1647 5204 1780 5258 ἀλλὰ

174 5302 284 5372 μὴν
335 5303 422 5349 καὶ
481 5302 741 5370 Πατρικίῳ
774 5305 847 5369 τῷ
885 5297 1154 5368 Οὖίκαρίῳ
1201 5304 1300 5347 τῶν
1349 5298 1594 5368 ἐπάρχων
1642 5315 1774 5366 παρα

177 5394 322 5454 οὖσι,
377 5390 622 5450 τιοαύτας
663 5386 865 5450 ἐντολὰς
913 5382 1199 5439 δεδωκέναι
1227 5402 1238 5413 ·
1295 5387 1379 5437 ἵνα
1430 5387 1479 5436 ἐν
1514 5392 1618 5445 τοῖς
1674 5385 1779 5437 λοι-

1871 1823 2166 1880 catholica
2204 1832 2365 1892 sunt,
2396 1828 2490 1883 cui
2523 1827 2852 1884 Cecilianus
2875 1824 3522 1898 prteest,functionem-

1871 1927 1989 1983 que
2003 1920 2058 1968 et
2069 1929 2317 1984 operam
2332 1932 2508 1971 suam
2523 1915 2918 1972 sanctissimae
2932 1914 3202 1985 religioni
3214 1917 3521 1986 praestant,

1870 2015 2026 2072 quos
2072 2002 2316 2059 clericos
2360 2006 2672 2060 nominare
2718 2005 2930 2074 solent,
2975 2020 3078 2060 eos
3122 2002 3201 2059 ab
3241 2000 3525 2057 omnibus

1872 2104 2116 2161 prorsus
2142 2094 2493 2149 muneribus
2523 2094 2823 2149 immunes
2848 2093 3193 2149 conservari
3225 2090 3524 2154 volumus,

1873 2186 1938 2233 ut
1988 2195 2062 2236 ne
2092 2197 2291 2237 errore
2330 2182 2533 2254 aliquo
2580 2188 2686 2240 aut
2724 2184 2896 2255 lapsu
2938 2181 3250 2251 sacrilego,
3300 2195 3337 2235 a
3365 2179 3527 2233 cultu

1873 2269 1977 2340 qui
2007 2286 2247 2325 summo
2272 2272 2508 2327 Numini
2536 2272 2807 2336 debetur,
2841 2270 3268 2328 abstrahantur
3296 2288 3310 2325 :
3350 2267 3524 2340 506

1876 2356 1984 2412 sed
2023 2358 2224 2429 potius
2260 2359 2405 2414 citra
2437 2376 2681 2415 omnem
2722 2360 3229 2434 perturbationem
3255 2356 3525 2426 religioni

1875 2448 2183 2520 sacrisque
2204 2448 2329 2502 suis
2349 2448 2689 2505 inserviant.
2710 2451 2817 2515 Qui
2840 2466 2985 2505 sane
3006 2450 3051 2504 si
3075 2448 3300 2503 cultum
3324 2461 3525 2512 suum,

1874 2536 1977 2607 qui
2003 2537 2182 2605 longe
2214 2539 2515 2593 maximus
2545 2545 2652 2598 est.
2689 2541 2805 2594 Deo
2834 2540 2941 2594 rite
2967 2538 3309 2600 exhibeant,
3342 2534 3527 2607 pluri-

1877 2640 2043 2680 mum
2074 2625 2257 2681 rebus
2288 2626 2539 2697 publicis
2568 2627 2844 2683 videntur
2872 2626 3083 2683 afferre
3117 2623 3421 2681 commodi
3472 2626 3531 2676 et

1877 2714 2286 2771 emolumenti.
2341 2715 2496 2781 Vale,
2546 2716 2822 2779 Anuline,
2871 2716 3197 2787 plurimum
3248 2712 3423 2769 nobis
3472 2716 3533 2766 et

1878 2807 2169 2860 honorate
2192 2811 2250 2859 et
2268 2803 2624 2860 desiderate.
2655 2827 2683 2855 »
2708 2805 2903 2860 Edidit
2924 2810 3209 2875 praeterea
3241 2803 3531 2858 Constan-

1878 2894 2040 2949 tinus
2064 2898 2345 2965 quartam
2371 2909 2615 2965 quoque
2644 2894 3149 2959 constitutionem,
3178 2891 3240 2947 in
3270 2907 3394 2962 qua
3437 2906 3528 2944 ec-

1878 2981 2074 3037 clesiis
2109 2983 2396 3054 pecunias
2428 2981 2634 3047 donat,
2663 2983 2740 3038 ad
2783 2982 3146 3037 Cecilianum
3176 2981 3529 3052 episcopum

1126 3070 1412 3141 Κεκιλιανῷ
1502 3070 1766 3140 ἕπισκόπῳ

1881 3071 2408 3140 Carthaginensem
2439 3072 2521 3126 ita
2546 3071 2814 3126 scribens
2847 3088 2859 3124 :
2897 3090 2926 3123 (ί
2966 3070 3386 3126 Constantinus
3418 3071 3531 3122 Au-

1880 3165 2092 3230 gustus
2130 3160 2426 3216 Ceciliano
2464 3161 2748 3231 episcopo
2789 3157 3159 3228 Carthaginis
3194 3174 3206 3214 :
3248 3156 3531 3223 Quando-

1880 3248 2127 3320 quidem
2172 3248 2363 3304 visum
2411 3249 2586 3303 nobis
2626 3253 2733 3314 est,
2783 3264 2889 3319 per
2937 3248 3272 3319 provincias
3319 3259 3531 3300 omnes

1881 3336 2110 3401 Africae,
2142 3337 2431 3393 Numidiae
2460 3345 2515 3392 et
2555 3337 2915 3394 Mauritaniae
2954 3337 3126 3392 certis
3162 3334 3531 3407 quibusdam

1883 3425 2169 3481 ministris
2210 3424 2487 3495 legitimae
2518 3432 2574 3482 et
2604 3432 2999 3482 sacrosanctae
3040 3425 3343 3480 catholicae
3395 3421 3531 3477 reli-

1883 3516 2077 3585 gionis
2113 3516 2338 3587 aliquid
2373 3517 2451 3571 ad
2488 3522 2764 3586 sumptus
2801 3515 3144 3571 tolerandos
3183 3513 3405 3583 largiri,
3444 3511 3532 3567 lit-

1884 3609 2037 3660 teras
2077 3605 2154 3659 ad
2187 3607 2399 3660 Ursum
2428 3604 2785 3660 catholicum
2820 3604 3024 3659 Africae
3053 3604 3214 3668 dedi,
3245 3603 3417 3673 eique
3455 3602 3534 3655 si-

1883 3692 2183 3761 gniﬁcavi,
2217 3700 2279 3747 ut
2310 3699 2394 3748 ter
2425 3693 2582 3747 mille
2612 3694 2779 3748 folles
2808 3693 2887 3765 (3)
2919 3692 3392 3748 dinumerandos
3431 3690 3534 3745 tibi

1883 3788 2137 3837 curaret.
2176 3784 2548 3853 Quapropter
2597 3782 2693 3837 ubi
2734 3798 2919 3854 quam
2960 3783 3222 3837 diximus
3265 3778 3536 3851 pecuniae

1885 3886 2190 3925 summam
2232 3870 2639 3941 recipiendam
2674 3870 3072 3937 mandaveris,
3107 3870 3391 3925 omnibus
3429 3868 3532 3938 eis,

1882 3960 1987 4029 qui
2017 3959 2076 4013 in
2108 3959 2271 4014 brevi
2304 3959 2381 4015 ad
2416 3965 2469 4015 te
2500 3959 2578 4015 ab
2620 3960 2798 4015 Hosio
2831 3960 3018 4015 misso
3047 3959 3345 4028 designati
3377 3963 3535 4019 sunt,

1883 4047 2155 4103 distribui
2169 4064 2303 4104 eam
2317 4049 2548 4119 jubeto.
2568 4054 2646 4103 Ac
2664 4048 2962 4120 siquidem
2979 4047 3184 4103 deesse
3200 4046 3538 4119 quidquam

1884 4136 2248 4207 compereris
2271 4137 2322 4191 ei
2343 4154 2617 4202 summae,
2636 4153 2759 4209 quo
2784 4139 2982 4192 minus
3004 4136 3327 4191 liberalitas
3350 4150 3538 4207 quam

1884 4240 2026 4295 erga
2046 4241 2258 4281 omnes
2271 4242 2377 4281 eos
2396 4227 2799 4297 prmstaudam
2824 4226 3165 4291 statuimus,
3181 4224 3535 4295 impleatur:

1885 4315 1963 4370 ab
2017 4315 2319 4370 Heraclide
2357 4316 2811 4385 possessionum
2852 4321 3197 4369 nostrarum
3238 4317 3535 4376 curatore,

1885 4403 2050 4460 nulla
2092 4403 2517 4459 interveniente
2558 4404 2951 4468 dubitatione,
2997 4403 3161 4474 quod
3205 4418 3360 4473 Opus
3408 4415 3538 4456 esse

1887 4492 2126 4556 videris,
2148 4499 2343 4562 petere
2364 4492 2633 4547 debebis.
2660 4493 2720 4546 Ei
2744 4493 2925 4557 enim,
2950 4508 3087 4546 cum
3111 4506 3345 4545 mecum
3364 4492 3536 4553 esset,

1886 4582 2138 4652 injunxi,
2164 4582 2212 4636 si
2243 4581 2389 4654 quid
2413 4582 2678 4652 pecunia;
2701 4581 2779 4636 ab
2808 4598 2878 4636 eo
2909 4582 3192 4650 exigeres,
3229 4586 3292 4634 ut
3317 4579 3374 4633 id
3405 4578 3539 4632 abs-

1885 4686 2002 4742 que
2041 4670 2429 4740 ambiguitate
2466 4672 2631 4724 omni
2673 4670 2775 4725 tibi
2815 4669 3258 4725 numerandum
3282 4672 3535 4722 curaret.

1889 4762 1953 4814 Et
1980 4759 2271 4830 quoniam
2297 4759 2518 4824 audivi,
2542 4760 2840 4830 quasdam
2864 4773 2984 4813 non
3011 4759 3153 4813 satis
3184 4756 3536 4827 compositas

1887 4852 1991 4903 aut
2006 4864 2168 4903 sanie
2194 4849 2403 4903 mentis
2423 4849 2696 4904 homines
2713 4847 3006 4920 populum
3025 4845 3419 4902 sanctissima:
3442 4858 3542 4897 ca-

1888 4936 2119 4992 tholicae
2152 4938 2447 5001 Ecclesiae,
2482 4952 2670 5007 prava
2700 4937 2968 5009 quadam
3008 4944 3063 4989 et
3085 4933 3541 4989 subadulterina

1888 5026 2097 5080 fraude
2126 5033 2459 5096 pervertere
2486 5026 2633 5080 velle
2662 5042 2674 5080 :
2710 5026 2857 5081 scito
2890 5040 2984 5080 me
3012 5023 3266 5079 Anuliuo
3289 5037 3542 5093 procon-

1888 5115 2020 5179 suli,
2077 5121 2257 5185 atque
2304 5115 2484 5169 etiam
2534 5114 2782 5170 Patricio
2831 5115 3049 5169 vicario
3099 5112 3538 5183 praefectorum,

1888 5220 2027 5258 cum
2047 5209 2293 5276 uterque
2312 5219 2572 5274 praesens
2590 5204 2848 5270 adesset,
2866 5201 3231 5272 ejuscemodi
3253 5199 3542 5255 mandata

1888 5293 2146 5358 dedisse,
2172 5299 2234 5348 ut
2257 5293 2409 5348 inter
2431 5293 2545 5347 alia
2570 5292 2796 5358 omnia,
2824 5291 2901 5347 ad
2925 5291 3083 5347 hanc
3107 5304 3352 5362 quoque
3388 5304 3540 5352 rem,

1886 5398 2074 5455 quam
2101 5397 2210 5453 par
2238 5388 2324 5438 est
2351 5382 2633 5450 maxime,
2661 5380 2971 5438 conferant
2998 5395 3204 5435 curam
3230 5396 3243 5434 :
3272 5393 3466 5451 neque
3493 5376 3541 5433 si

257 5546 335 5621 (3)
375 5550 454 5605 De
492 5547 612 5605 folli
638 5546 845 5606 Alciat.
878 5548 955 5606 De
985 5547 1285 5617 praetorib.
1317 5551 1372 5607 et
1413 5546 1621 5603 honor.
1648 5545 1910 5623 μνείαν.
1945 5543 2048 5601 lib.
2082 5545 2143 5601 C.
2180 5546 2264 5600 t2.
