4028 6294
561 284 698 346 1807

1856 283 2245 348 NICEPHORI
2284 283 2606 350 CALLISTI

3695 293 3794 354 ιιω

556 416 676 472 tale
707 416 1045 491 quidquam
1074 417 1326 486 accidat,
1366 413 1792 490 negligendum
1828 415 1944 474 sibi
1979 420 2211 490 putent.

2320 425 2438 482 ποῖς
2488 418 2660 472 ἅπασι
2710 422 2799 470 καὶ
2853 424 3008 470 τοῦτο
3073 415 3308 489 μάλιστα
3373 420 3467 476 τὴν
3523 423 3815 492 προήκουσιν

559 507 764 580 Itaque
795 509 843 562 si
873 507 1105 580 aliquos
1147 508 1510 580 ejuscemodl
1557 509 1834 565 homines
1863 507 1924 562 in
1964 516 2037 562 ea
2083 507 2214 578 ipsa

558 597 806 652 vesania
837 606 1216 668 perseverare
1257 597 1490 664 videris,
1534 597 1660 653 sine
1697 595 1862 652 omni
1899 597 2214 668 procrasti-

558 686 800 741 natione
831 685 911 740 ad
939 701 1042 741 eos
1080 687 1186 758 qui
1231 685 1372 743 dicti
1412 695 1549 742 sunt
1579 687 1807 758 judioes
1848 687 2121 748 accedes,
2156 691 2215 740 et

555 783 684 829 rem
712 776 910 844 ipsam
939 775 1024 830 eis
1051 786 1376 846 proponas,
1411 781 1472 830 ut
1505 776 1638 831 illos
1694 774 2211 846 quemadmodum

556 864 956 934 praesentibus
997 864 1084 918 eis
1131 865 1410 936 prmuapi,
1459 864 1750 935 castigent
1782 869 1840 919 et
1877 869 2208 920 cOerceant.

559 951 844 1008 Divinitas
865 949 1068 1022 magni
1093 953 1194 1008 Dei
1215 958 1271 1008 te
1291 954 1352 1008 lu
1375 954 1592 1010 multos
1611 957 1923 1009 conservet
1937 965 2152 1008 annos.
2182 973 2208 1004 ν

1063 1233 1236 1311 507
1273 1235 1496 1294 CAPUT
1535 1237 1718 1294 XLIII.

560 1343 706 1402 Duae
719 1343 966 1415 insuper
977 1345 1430 1416 constitutiones.
1448 1346 1704 1416 synodos
1719 1343 1792 1402 de
1805 1346 2067 1403 ecclesiis
2080 1363 2217 1403 con-

912 1417 1233 1473 cOrdandis
1264 1413 1854 1474 haberi'sancienles.

631 1591 884 1666 Insuper
933 1595 1206 1666 quintam
1266 1593 1444 1650 etiam
1498 1595 1838 1666 composuit
1889 1595 2218 1652 constituti-

556 1697 762 1749 onem,
785 1685 1152 1740 conventum
1177 1684 1598 1756 episcoporum
1626 1681 1724 1754 agi
1755 1682 2127 1757 praecipiens,
2157 1689 2220 1739 ut

2320 505 2574 582 φροντίδα
2626 513 2972 572 ποιήσωνται,
3016 512 3107 559 καὶ
3160 510 3232 578 μή
3279 505 3596 578 ἄνιὶσχωντιιι
3636 518 3816 583 πιραρᾷι

2318 605 2524 650 τοιοῦτο
2572 601 2857 668 γινόμενδνι
2907 601 3091 670 Διόπερ
3135 599 3179 648 εἴ
3207 609 3349 658 τινας
3406 599 3641 658 τοιούτους
3681 598 3819 671 ἀνθρὺ-

2319 701 2450 748 πους
2501 689 2550 738 ἑν
2605 689 2735 758 αὐτῇ
2795 693 2857 759 τῇ
2924 690 3086 758 μανίᾳ
3157 683 3406 756 ἐπιμένειν
3464 681 3693 751 κατίδοις,
3737 690 3818 740 im

2318 781 2458 838 τινὸς
2488 771 2800 848 ἀμφιϐολίας
2844 775 2954 837 τοῖς
2998 778 3384 848 προειρημένοις
3421 771 3676 837 δικασταῖς
3710 783 3823 850 πρίει

2321 864 2430 918 ελθε
2462 877 2476 896 ⁸
2529 870 2620 917 καὶ
2671 864 2799 916 αὐτὸ
2863 871 3017 916 τοῦτο
3097 868 3459 936 προσενέγκαι,
3518 866 3640 924 ὅπως

2320 957 2564 1021 ἓκείνους,
2625 953 2857 1026 καοάπιρ
2924 956 3102 1014 αὐτοῖς
3161 959 3420 1025 παροῦσιν
3482 952 3712 1018 eam“,
3750 955 3824 1006 ίειι

2323 1043 2638 1117 στρέφουσιν.
2693 1041 2752 1098 Ἠ
2809 1044 3010 1104 θειότης
3070 1049 3164 1094 τοῦ
3209 1041 3434 1114 μεγάλου
3493 1049 3613 1096 θεοῦ
3663 1057 3712 1094 σε
3745 1039 3826 1094 διεο

2323 1132 2540 1206 φυλάξοι
2559 1131 2644 1184 επὶ
2671 1131 2878 1194 πολλοῖς
2905 1133 3062 1184 ἔτεσι.
3109 1147 3133 1180 ν

2920 1241 3138 1292 ΚΕΦΔΛ
3179 1237 3311 1292 Ml".

2322 1344 2646 1406 Ὡσαύτως
2705 1339 2972 1397 καὶδύο
3033 1339 3370 1406 διατάξεις
3434 1339 3728 1405 συνόδους
3765 1341 3825 1395 ἔτι

2395 1423 2464 1491 τῇ
2529 1423 2646 1470 τῶν
2705 1412 3071 1475 ἐκκλησιῶν
3123 1417 3392 1488 ὁμονοίᾳ
3427 1413 3699 1486 γενέσθαι
3731 1409 3822 1466 διε·

2395 1490 2838 1561 κελευόμεναι.

2397 1599 2535 1670 Πρὸς
2585 1591 2654 1654 δὴ
2704 1603 2820 1656 ταῖς
2872 1591 3163 1667 εἰρημέναις
3209 1595 3301 1645 καὶ
3341 1597 3576 1665 πέμπτην
3621 1588 3829 1644 imam:

2325 1683 2579 1750 ὁιάταξιν,
2626 1679 2846 1737 σύνοδον
2902 1683 3198 1735 ἐπισκόπων
3251 1680 3496 1755 γενέσθαι
3536 1684 3830 1753 προστάσσων,

557 1771 885 1828 concordia
910 1771 1092 1837 ﬂeret,
1121 1783 1570 1844 consensusque
1618 1785 1775 1828 unus
1808 1771 2211 1844 ecclesiardm,

2326 1778 2391 1836 ὡς
2436 1775 2498 1826 ἄν
2551 1787 2612 1845 γε
2653 1769 2830 1832 ἒνωσις
2879 1775 2968 1824 καὶ
3017 1773 3232 1843 ὁμόνοια
3278 1773 3378 1842 μία
3443 1773 3518 1828 εἴη
3571 1777 3672 1830 ταῖς
3713 1767 3836 1824 iulio

555 1857 635 1916 ad
658 1857 819 1917 hunc
843 1862 1091 1917 modum
1117 1855 1414 1917 scribens:
1434 1881 1458 1913 ι
1481 1859 1901 1918 Constantinus
1915 1865 2218 1935 Augustus

557 1943 794 2005 Mlitiadi
814 1949 1098 2021 episcopo
1124 1951 1557 2014 Romanorum,
1574 1955 1628 2006 et
1643 1951 1857 2014 Marco.
1882 1957 1990 2008 etc.
2025 1951 2218 2017 Quan-

555 2031 883 2111 doquidem
916 2039 1118 2110 plures
1151 2037 1330 2095 libelli
1361 2055 1397 2095 ιι
1425 2033 1761 2096 clarissimo
1792 2040 1920 2096 viro
1960 2037 2214 2096 Anulin

553 2127 912 2198 proconsule
937 2125 1148 2184 Africae
1191 2129 1270 2184 ad
1319 2141 1414 2184 me
1461 2135 1601 2184 sunt
1644 2127 1837 2200 missi,
1879 2129 1940 2184 in
1991 2129 2214 2200 quibus

551 2209 822 2280 refertur,
874 2215 1223 2272 Cecilianum
1275 2211 1757 2286 Carthaginensis
1789 2215 1946 2272 urbis
1988 2217 2214 2287 episco-

550 2313 699 2374 pum
729 2317 765 2360 a
789 2303 1151 2378 quibusdam
1181 2303 1310 2377 ejus
1332 2305 1594 2376 collegis,
1622 2303 1725 2378 qui
1756 2307 1814 2362 in
1841 2306 2034 2362 Africa
2059 2311 2210 2372 sunt,

551 2390 628 2446 de
645 2389 825 2448 rebus
845 2393 1046 2448 multis
1065 2396 1234 2463 argui
1259 2397 1316 2450 et
1336 2393 1608 2450 accusari
1631 2411 1644 2454 :
1671 2391 1935 2467 mihique
1951 2393 2009 2450 id
2031 2409 2214 2468 grave

552 2483 610 2535 et
664 2481 981 2536 molestum
1035 2479 1270 2550 accidit,
1323 2484 1384 2538 in
1431 2481 1756 2555 provinciis
1797 2481 2022 2540 scilicet
2063 2483 2210 2551 istis,

551 2581 706 2640 quas
730 2569 1032 2627 devotioni
1059 2584 1206 2628 meae
1233 2571 1437 2627 divina
1465 2571 1842 2644 providentia
1870 2585 1978 2629 suo
2020 2573 2214 2646 ipsius

549 2655 796 2714 arbitrio
852 2673 1090 2733 suaque
1143 2665 1356 2732 sponte
1417 2657 1750 2729 mandavit,
1799 2663 1857 2718 et
1898 2662 1954 2717 in
1991 2663 2214 2736 quibus

552 2743 836 2820 frequens
876 2755 963 2804 est
994 2743 1193 2821 pepuli
1231 2749 1572 2815 multitudo,
1609 2763 1730 2806 non
1763 2751 1946 2806 modo
1978 2747 2213 2807 turbam

549 2833 628 2890 ad
675 2833 976 2894 deteriora
1017 2835 1330 2894 deﬂectere
1373 2841 1430 2894 et
1469 2837 1739 2894 dissidiis
1792 2839 2062 2905 distrahi,
2108 2835 2213 2896 sed

547 2924 726 2980 etiam
747 2927 1066 2998 episcopos
1093 2925 1458 2984 discordiam
1483 2925 1642 2983 inter
1663 2941 1727 2982 se
1748 2941 2021 2986 exercere
2043 2947 2057 2983 :
2087 2925 2218 3002 pla-

548 3011 669 3070 cuit
697 3015 861 3082 mihi,
896 3013 1092 3087 ipsum
1129 3015 1491 3074 Cecilianum
1524 3029 1648 3074 una
1678 3028 1817 3073 cum
1843 3013 2054 3074 decem
2097 3019 2219 3092 epi-

2327 1868 2488 1928 σίαις,
2551 1871 2730 1914 τοῦτον
2777 1861 3128 1933 ὑφηγούμενος
3184 1864 3270 1912 τὸν
3300 1873 3492 1932 τροπον
3521 1875 3535 1889 ⁸
3574 1877 3598 1908 ε
3638 1863 3838 1911 Koma-

2321 1959 2459 2014 τίνος
2513 1951 2766 2011 σεϐαστός
2820 1943 3082 2022 Μιλτιάδη
3162 1947 3436 2021 επισκόπῳ
3500 1949 3733 2020 Ῥωμαίων
3779 1949 3838 1997 ui

2321 2041 2542 2116 Μάρκῳ.
2618 2035 2831 2096 Ἐπειδὴ
2895 2046 3135 2090 τοιαῦται
3188 2040 3392 2110 χάρται
3468 2041 3582 2111 περὶ
3637 2036 3838 2092 ’Δνυλίνον

2321 2139 2413 2184 τοῦ
2462 2131 2828 2203 λαμπροτάτου
2887 2127 3184 2180 ἀνθυπάτου
3237 2136 3334 2189 τῆς
3388 2125 3630 2201 Ἀφρικῆς
3677 2129 3776 2197 πρὸς
3801 2139 3842 2194 με

2319 2219 2527 2282 πλείους
2589 2211 2982 2282 ἀπεστάλησαν,
3031 2215 3080 2270 ἓν
3140 2215 3219 2277 οἷς
3269 2219 3546 2288 ἒμφέρεται
3615 2211 3842 2267 Κεκιλιανόν

2319 2311 2408 2362 τὸν
2467 2311 2751 2361 ἐπίσκοπον
2829 2314 2925 2368 τῆς
3000 2305 3442 2378 Καρθαγενησίων
3523 2303 3696 2365 πόλεως
3746 2303 3844 2373 παρέ

2320 2413 2472 2452 τινων
2545 2393 2808 2468 κολλήγων
2892 2391 3054 2446 αὐτοῦ
3137 2401 3236 2446 τῶν
3324 2397 3466 2447 κατὰ
3532 2399 3616 2452 τὴν
3657 2393 3843 2464 ’Δοριιὲν

2320 2488 2660 2540 καθεστώτων
2713 2482 2762 2535 ἔν
2809 2477 3012 2545 πολλοῖς
3061 2485 3371 2555 πράγμασιν
3429 2481 3711 2536 εὐθύνεσθαι
3736 2497 3749 2515 ο
3783 2483 3844 2530 ni

2319 2581 2474 2630 τοῦτό
2525 2594 2616 2647 μοι
2668 2571 2807 2646 βαρὺ
2859 2568 3066 2644 σφόδρα
3117 2565 3284 2638 δοκεῖ,
3315 2573 3377 2624 τὸ
3433 2569 3485 2623 έν
3534 2571 3728 2631 ταύταις
3767 2573 3847 2626 ταις

2321 2661 2608 2739 ἓπαρχίαις
2656 2661 2717 2723 ἂς
2771 2667 2834 2733 τῇ
2889 2655 2985 2733 ἐμῇ
3043 2657 3364 2713 καθοσιώσει
3412 2657 3846 2733 αὖθαίρετοςὲθςίι

2319 2771 2539 2823 προνοια
2585 2749 2888 2822 ἐνεχείρισε,
2939 2745 3149 2802 κάκεῖσε
3197 2747 3328 2801 πολὺ
3379 2745 3580 2809 πλῆθος
3621 2753 3703 2798 τοῦ
3741 2743 3844 2798 λαοῦ.

2323 2841 2480 2914 ὄχλον
2559 2839 2642 2892 ἐπὶ
2707 2841 2764 2891 τὸ
2825 2835 3134 2911 φαυλότερον
3191 2837 3526 2909 ίπιμένοντα,
3581 2831 3845 2910 εὖρίσκεσθιι

2323 2927 2507 2984 ὡσανεὶ
2558 2923 3002 3000 διχοστατοῦντα,
3062 2931 3153 2979 καὶ
3203 2925 3403 2998 μεταξὺ
3451 2927 3726 2979 ἐπισκόπων
3769 2917 3844 2974 δια·

2324 3021 2483 3093 φορὰν
2539 3019 2676 3089 ἔχειν
2723 3011 2868 3080 ἔδοξέ
2931 3031 3022 3087 μοι
3073 3015 3229 3068 αὐτὸν
3285 3019 3376 3068 τὸν
3437 3011 3718 3070 Κεκιλιανόν
3758 3026 3833 3083 ρει

551 3100 774 3172 scOpis,
797 3101 901 3176 qui
925 3117 1062 3159 eum
1084 3115 1254 3160 reum
1281 3117 1457 3174 agere
1485 3103 1786 3171 videntur,
1814 3107 1872 3162 et
1897 3103 2046 3162 alios
2071 3119 2211 3178 prae.

2326 3103 2458 3162 δίκα
2493 3111 2788 3160 ἐπισκόπων
2837 3111 2938 3158 τῶν
2981 3104 3134 3156 αὐτὸν
3187 3103 3418 3157 εὐθύνειν
3457 3099 3826 3156 δοκούντωνίἀ

549 3191 712 3245 terea
735 3185 968 3258 decem,
1000 3206 1150 3265 quos
1175 3193 1303 3264 ipse
1335 3193 1450 3248 sibi
1486 3193 1563 3249 ad
1587 3205 1836 3249 causam
1861 3207 2032 3250 suam
2062 3195 2221 3266 diju-

551 3274 874 3334 dicandam
915 3281 1288 3337 necessarios
1319 3296 1458 3337 esse
1492 3281 1829 3349 arbitratur,
1865 3283 2116 3340 Romam
2157 3286 2217 3340 in

550 3367 754 3423 navim
789 3369 1103 3440 impositos
1134 3369 1387 3439 mittere,
1419 3377 1484 3426 ut
1520 3371 1600 3426 ibi
1636 3371 1824 3440 vobis,
1853 3379 1908 3428 et
1937 3373 2078 3428 item
2109 3376 2218 3429 Re-

548 3452 710 3524 ticio,
739 3457 1000 3515 Materno
1039 3464 1096 3514 et
1129 3459 1372 3525 Marino,
1414 3459 1656 3530 collegis
1695 3461 1908 3516 vestris
1953 3475 2216 3534 praesen-

547 3543 732 3612 tibus,
751 3561 904 3619 quos
927 3547 979 3620 ej
994 3563 1062 3602 us
1089 3545 1169 3603 rei
1197 3548 1393 3618 gratia
1420 3548 1671 3604 Romam
1697 3551 2213 3626 properarejussi,

547 3636 742 3706 possit
769 3633 982 3702 audiri,
1018 3638 1146 3692 sicu
1172 3633 1586 3694 tsanctissima
1620 3637 1718 3693 Dei
1747 3639 1860 3707 lex,
1888 3642 1968 3694 uti
2002 3643 2211 3698 nostis,

548 3723 834 3795 postulat.
862 3728 1054 3798 Atque
1096 3729 1159 3781 ut
1189 3725 1531 3797 plenissime
1561 3723 1636 3782 de
1665 3743 1726 3782 re
1754 3727 1867 3784 hac
1895 3730 2060 3784 omni
2087 3745 2215 3786 cer-

549 3809 729 3867 tiores
749 3811 872 3869 ﬁeri
896 3815 1160 3886 possitis,
1183 3813 1466 3886 exempla
1483 3816 1840 3887 scriptorum
1863 3819 2101 3874 Anulini
2135 3815 2214 3876 ad

545 3915 644 3957 me
679 3901 961 3957 datorum
998 3902 1203 3958 litteris
1241 3906 1391 3959 meis
1443 3904 1753 3976 adjuncta,
1797 3906 1874 3960 ad
1906 3921 2008 3961 eos
2056 3920 2212 3980 quos

548 3989 667 4046 dixi
707 3989 968 4063 collegas
1003 3997 1231 4047 vestros
1267 3991 1398 4048 misi
1428 4009 1446 4048 :
1476 3993 1697 4066 quibus
1736 3991 1990 4050 ﬁrmitas
2016 4003 2214 4054 vestra

545 4077 820 4151 perlectis
868 4083 1214 4150 cognoscet,
1260 4083 1571 4153 quomodo
1625 4099 1696 4138 ea
1744 4095 1879 4156 quae
1919 4083 2084 4140 dicta
2125 4091 2215 4142 est

547 4181 732 4224 causa
743 4167 853 4224 rite
865 4171 1042 4241 atque
1063 4169 1273 4224 ordine
1288 4171 1361 4224 sit
1377 4167 1732 4236 decidenda,
1750 4173 1927 4244 atque
1945 4189 2018 4228 ex
2035 4189 2212 4246 aequo

547 4261 605 4314 et
625 4257 788 4312 bono
810 4257 1097 4314 ﬁnienda.
1124 4259 1326 4331 Neque
1359 4261 1520 4314 enim
1547 4257 1924 4316 sedulitatem
1959 4261 2213 4333 diligen-

545 4343 813 4417 tiamque
839 4351 1100 4402 vestram
1128 4345 1286 4412 latet,
1315 4364 1385 4402 ea
1411 4363 1507 4403 me
1527 4345 1904 4404 veneratione
1937 4359 2210 4406 sanctam

2329 3193 2458 3251 δέκα
2511 3195 2714 3270 ἑτέρων,
2750 3189 2836 3255 οὓς
2887 3193 3046 3255 αὐτὸς
3080 3199 3144 3266 τῇ
3199 3191 3390 3247 δαυτοῦ
3431 3190 3556 3266 δίκη
3605 3190 3833 3262 ἀναγκαίως

2326 3281 2601 3349 ὑπολάϐοι,
2653 3283 2723 3346 εἰς
2766 3288 2860 3341 τὴν
2905 3279 3104 3354 Ῥώμην
3160 3282 3272 3353 πλῷ
3328 3281 3538 3335 ἀπιέναι
3566 3298 3579 3312 ο
3615 3281 3674 3332 ἶν’
3719 3279 3836 3334 ἐκεῖσε.

2327 3373 2470 3448 ὑμῶν
2521 3378 2810 3448 παρόντων,
2873 3369 3001 3423 ἄλλα
3039 3375 3142 3442 μὴν
3197 3377 3287 3423 καὶ
3334 3369 3610 3440 Ῥετικίου,
3656 3371 3733 3420 καί
3771 3369 3842 3417 Μία

2324 3470 2521 3538 στέρνου.
2566 3465 2657 3514 καὶ
2714 3466 2944 3534 Μαρίνου
3000 3467 3098 3512 τῶν
3149 3457 3418 3531 κολλήγων
3467 3461 3624 3532 ὑμῶν,
3658 3456 3734 3518 οὓς
3771 3453 3845 3504 fr}-

2324 3573 2416 3605 του
2475 3551 2619 3604 ἕνεκα
2684 3549 2755 3612 εἰς
2817 3553 2903 3608 τὴν
2959 3547 3156 3620 Ῥώμην
3213 3550 3537 3621 προσέταξα,
3601 3550 3843 3600 ἐπισπεῦσαι

2325 3637 2526 3711 δυνηθῇ
2577 3639 2902 3696 ἀκουσθῆναι
2933 3653 2947 3668 ⁸
3006 3639 3076 3699 ὡς
3131 3636 3190 3689 ἂν
3219 3640 3564 3710 καταμάθητε
3607 3641 3673 3705 τῷ
3716 3629 3846 3685 στειϐ-

2321 3733 2567 3802 μιωτάτῳ
2631 3733 2768 3799 νόμῳ
2844 3729 3140 3800 ἄρμόττειν.
3215 3722 3326 3778 Ἰνα
3402 3731 3578 3794 μέντοι
3621 3727 3702 3780 καὶ
3753 3717 3846 3787 περὶ

2321 3820 2524 3870 πάντων
2583 3812 2753 3868 αὐτῶν
2807 3818 3003 3866 τούτων
3049 3814 3415 3888 πληρεστάτην
3467 3811 3712 3872 δυνηθῆτε
3753 3809 3844 3878 ἔχεο

2320 3915 2530 3977 γνῶσιν,
2583 3907 2650 3956 τὰ
2708 3903 2960 3956 ἀντίτυπα
3012 3910 3112 3956 τῶν
3167 3902 3440 3979 ἐγγράφων
3494 3911 3593 3956 τῶν
3663 3903 3768 3971 πρός
3805 3909 3845 3964 5"

2322 3999 2463 4069 παρὰ
2552 3993 2816 4047 ’Δνυλίνου
2916 3989 3307 4045 ἀποσταλέντων
3391 3994 3690 4066 γράμμασιν
3749 3983 3846 4055 ἓμοῐς

2321 4083 2602 4148 ὑποτάξας,
2656 4085 2782 4154 πρὸς
2837 4084 2959 4142 τοὺς
3012 4083 3417 4156 προειρημένους
3481 4080 3719 4149 κὸλληγας
3747 4076 3844 4144 ὖβᾶτ

2322 4169 2584 4243 εξέπεμψα
2616 4187 2630 4201 ⁸
2713 4169 2789 4232 οἷς
2864 4168 3162 4242 ἐντυχοῦσα
3223 4171 3254 4228 ἠ
3333 4172 3561 4244 ὑμετέρα
3617 4164 3842 4240 στερρόπς.

2321 4257 2598 4333 δικιμάσει
2666 4259 2839 4312 ὅντινα
2897 4263 3008 4333 χρὴ
3075 4263 3284 4333 τρόπον,
3360 4264 3458 4317 τήν
3542 4255 3844 4329 προειρημένη

2321 4347 2476 4408 δίκην
2529 4345 2902 4421 ἐπιμελέστατα
2952 4343 3340 4421 διευκρινῆσαι,
3387 4353 3483 4401 καὶ
3533 4363 3663 4400 κατα
3708 4345 3754 4394 τὸ
3791 4333 3842 4388 δί·

546 4413 902 4490 catholicam
927 4433 1250 4491 Ecclesiam
1271 4438 1574 4509 prosequi,
1604 4437 1665 4492 ut
1692 4435 1922 4494 nullum
1959 4453 2206 4510 prorsus

2319 4455 2463 4491 καιον
2506 4443 2819 4510 τερματίσαι
2852 4455 2866 4470 ·
2907 4437 3060 4490 ὁπότε
3111 4433 3250 4510 μηδὲ
3301 4437 3394 4495 την
3449 4437 3688 4509 ὑμετέραν
3723 4429 3841 4498 imgi-

546 4521 861 4578 dissidium
893 4531 997 4579 aut
1033 4523 1388 4581 seditionem
1429 4527 1488 4581 in
1529 4523 1660 4582 loco
1690 4526 1893 4599 aliquo
1938 4527 2205 4585 relictam

543 4609 746 4668 velim.
789 4613 1069 4669 Divinitas
1101 4616 1306 4683 magni
1336 4613 1439 4670 Dei
1470 4629 1577 4670 vos
1607 4615 1802 4687 plures
1831 4629 2028 4673 annos
2067 4631 2207 4674 cou-

547 4707 756 4768 servet,
789 4697 1255 4758 honoratissimi.
1303 4723 1330 4755 »
1379 4703 1575 4759 Aliam
1629 4704 1830 4760 itidem
1872 4707 2206 4763 constituti-

547 4803 728 4845 onem
753 4789 1038 4860 vulgavit,
1070 4796 1132 4846 ut
1157 4791 1302 4847 alter
1331 4807 1573 4866 quoque
1606 4800 1939 4849 conventus
1968 4811 2206 4865 cogere-

547 4880 664 4944 tur,
684 4876 742 4933 in
759 4893 881 4950 quo
899 4877 1212 4934 dissidium
1233 4892 1413 4936 omne
1431 4895 1502 4936 ex
1521 4895 1690 4936 sacro
1719 4879 2202 4954 presbyterorum

543 4965 753 5022 ordine
780 4965 1097 5024 tolleretur.
1128 4969 1269 5038 Ejus
1297 4970 1480 5025 verba
1505 4969 1632 5025 haec
1661 4975 1797 5026 sunt
1821 4987 1834 5024 :
1866 4991 1894 5023 ι(
1918 4974 2205 5028 Constan-

541 5056 704 5112 tinus
722 5059 1025 5126 Augustus
1045 5059 1285 5114 Chresto
1301 5060 1588 5132 episcopo
1609 5059 2007 5131 Syracusano.
2027 5059 2204 5134 508

539 5145 906 5218 iampridem
939 5152 1138 5212 antea,
1166 5161 1303 5203 cum
1336 5147 1603 5203 nonnulli
1634 5163 1814 5220 prave
1843 5154 1899 5205 et
1932 5165 2203 5220 perverse

544 5247 582 5289 a
633 5241 838 5290 sancta
873 5233 1156 5305 religione
1197 5237 1527 5310 virtuteque
1567 5236 1786 5292 cmlesti
1815 5245 1872 5293 et
1909 5237 2203 5296 catholica

539 5325 701 5378 secta
754 5325 1158 5381 secessionem
1214 5323 1496 5394 facerent,
1554 5326 1874 5396 praecidere
1936 5327 2199 5383 volentes

543 5411 915 5479 ejuscemodi
955 5429 1162 5470 eorum
1205 5418 1647 5470 contentionem
1687 5421 1742 5471 et
1791 5415 2022 5472 rixandi
2082 5419 2201 5472 stu-

540 5497 730 5564 dium,
775 5504 1298 5570 constitueramus,
1347 5510 1407 5557 ut
1456 5505 1660 5558 accitis
1703 5506 2068 5576 quibusdam
2127 5522 2200 5561 ex

540 5583 730 5642 Gallia
751 5591 1072 5664 episcopis,
1096 5593 1484 5666 evocatisque
1509 5608 1582 5648 ex
1603 5592 1800 5650 Africa
1818 5593 1890 5650 iis
1920 5595 2024 5667 qui
2055 5593 2203 5652 inter

2314 4525 2452 4580 λείαν
2500 4523 2738 4579 λανθάνει
2793 4530 3056 4584 τοσαύτην
3111 4545 3175 4598 με
3231 4522 3366 4579 αἰδώ
3423 4533 3490 4599 τῇ
3544 4525 3746 4594 ἔνθεσμον
3783 4531 3840 4565 ιι·
3955 4531 3957 4583 Α

2319 4617 2495 4690 θολικῇ
2579 4615 2865 4686 Ἐκκλησία
2931 4613 3219 4687 ἀπονέμειν,
3305 4617 3371 4675 ὡς
3445 4611 3610 4686 μηδεν
3679 4605 3837 4662 κιθὼν

2319 4711 2534 4778 σχίσμα
2563 4705 2592 4764 ἦ
2649 4701 3012 4776 διχοστασίαν
3058 4705 3107 4756 ἓν
3134 4719 3234 4756 τινι
3263 4708 3405 4776 τόπῳ
3443 4701 3709 4778 βούλεσθαι

2303 4794 2638 4848 καταλιπεῖν.
2698 4791 2757 4846 Ἠ
2832 4795 3030 4853 θειότης
3103 4792 3241 4866 ὑμᾶς
3319 4799 3411 4845 τοῦ
3483 4790 3695 4864 μεγάλου
3747 4783 3838 4866 Θεξῦ

2318 4794 2638 4848 καταλιπεῖν.
2698 4791 2757 4846 Ἠ
2832 4795 3030 4853 θειότης
3103 4792 3241 4866 ὑμᾶς
3319 4799 3411 4845 τοῦ
3483 4790 3695 4864 μεγάλου
3747 4785 3838 4836 Θεοῦ

2318 4877 2638 4956 διαφυλάξαι
2690 4881 2896 4943 πολλοῖς
2942 4884 3100 4946 ἔτεσι,
3157 4887 3491 4954 τιμιώτατοι.
3529 4901 3556 4929 ι
3599 4865 3838 4933 Ἐπίσηςῧ

2318 4978 2406 5026 καὶ
2462 4971 2620 5030 ὓλην
2675 4971 2960 5024 ἐκτίθηται
3016 4969 3278 5036 διάταξιν,
3331 4977 3422 5023 καὶ
3476 4967 3706 5040 δευτέραν
3739 4961 3838 5034 γενέ·

2315 4978 2406 5026 καὶ
2462 4971 2620 5030 ὓλην
2675 4971 2960 5024 ἐκτίθηται
3016 4969 3278 5036 διάταξιν,
3331 4977 3422 5023 καὶ
3476 4967 3706 5040 δευτέραν
3739 4961 3838 5034 γενέ·

2317 5061 2442 5114 σθαι
2498 5059 2716 5114 σύνοδον
2749 5079 2762 5092 ο
2815 5063 2950 5114 ὥστε
2998 5067 3170 5114 πᾶσαν
3227 5057 3586 5133 διχοστασίαν
3627 5061 3708 5108 τοῦ
3744 5049 3836 5120 ἱερεῦ

2313 5152 2608 5220 καταλόγου
2657 5151 3047 5224 περιαιρεθῆναι
3099 5165 3113 5178 ⁸
3167 5150 3228 5208 ἢν
3273 5146 3339 5208 δη
3391 5149 3557 5210 οὕτως
3609 5144 3832 5200 ἑκτίθησν

2314 5259 2344 5289 ‹‹
2386 5237 2776 5299 Κωνσταντῖνος
2837 5239 3090 5301 σεϐαστός
3162 5245 3394 5312 Χρήστῳ
3473 5237 3722 5303 ἕπισκὸπῳ
3769 5233 3831 5279 Σνί

2311 5333 2627 5401 ρακουσίων.
2658 5325 2803 5386 Ἷῐδη
2862 5332 2952 5400 μὲν
3002 5333 3268 5402 πρότερον,
3315 5329 3399 5380 ὅτε
3442 5329 3640 5400 φαύλως
3681 5325 3751 5374 καὶ
3779 5319 3829 5367 ἓν·

2315 5341 2627 5401 ρακουσιων.
2687 5341 2803 5386 ιιση
2862 5341 2952 5400 μεν
3002 5341 3268 5402 προτερον,
3315 5341 3399 5380 er:
3442 5341 3640 5400 φαύλως
3681 5341 3751 5374 και
3779 5341 3829 5367 ε’·

2315 5414 2641 5488 διαστρόφως
2705 5421 2840 5478 τινες
2902 5423 3014 5490 περὶ
3091 5417 3185 5479 τῆς
3270 5419 3548 5492 θρησκείας
3599 5421 3684 5474 τῆς
3722 5409 3826 5476 σιτία
3951 5341 3954 5562 l

2315 5510 2402 5557 καὶ
2451 5509 2755 5562 ἐπουρανίου
2836 5503 3125 5562 δυνάμεως.
3193 5510 3282 5558 καὶ
3355 5515 3444 5562 τῆς
3509 5506 3726 5562 αἱρέσεως
3765 5498 3825 5546 τίῖ

2313 5510 2402 5557 καὶ
2451 5509 2755 5579 ἐπουρανίου
2836 5503 3125 5577 δυνάμεως,
3193 5510 3282 5558 καὶ
3355 5515 3444 5566 τῆς
3509 5506 3726 5576 αἱρέσεως
3765 5498 3825 5546 τίς

2316 5593 2594 5656 καθολικῆς
2649 5590 3068 5648 ἁποδιίστασθαι
3119 5591 3364 5670 ἤρξαντο,
3410 5587 3722 5666 ἐπιτεμέσθαί
3743 5579 3822 5656 βτί
