4028 6294
148 286 286 344 I309

1173 281 1732 344 ECCLESIASTICE
1771 277 2131 339 HISTORUE
2165 282 2302 341 LIB.
2350 283 2466 344 νη.

3359 278 3502 344 1310

146 413 319 476 ληθεὶς
367 416 458 475 τὰς
493 415 740 475 τοιαύτας
775 413 944 465 αὐτῶν
984 413 1309 485 φιλονεικίας,
1370 415 1506 465 οὕτω
1563 409 1736 464 διατε-

1860 418 1906 464 ιο
1935 407 2215 464 hostilem
2260 409 2322 466 in
2372 413 2624 470 modum
2655 409 3045 485 pervicaciter
3094 415 3151 470 et
3206 411 3500 470 obstinate

145 510 418 568 τυπώκειν,
481 504 613 555 ὥστε
670 502 1056 555 ἀποσταλέντων
1127 501 1227 555 ἀπὸ
1303 512 1396 564 τῆς
1480 502 1737 561 Γαλατίας

144 603 291 645 τινῶν
347 597 662 659 ἐπισκόπων,
716 591 842 643 ἀλλὰ
889 597 990 663 μὴν
1030 598 1118 644 καὶ
1167 601 1266 644 τῶν
1305 593 1594 649 κληθέντων
1635 589 1735 642 ἀπὸ

144 692 232 743 τῆς
283 683 534 754 Ἀφρικῆς
590 691 689 733 τῶν
747 681 800 743 ἐξ
847 681 1073 741 ἐναντίας
1133 688 1313 755 μοίρας
1383 681 1735 744 καταλλήλως,

144 771 450 831 ἐνστατικῶς

144 877 234 921 τος
283 877 338 912 τε
377 864 466 911 καὶ
502 867 592 911 τοῦ
646 867 737 918 τῆς
785 859 984 930 Ῥώμης
1042 859 1350 924 ἐπισκόπου,
1414 867 1567 910 τοῦτο
1618 858 1738 931 ὅπερ

144 946 314 1001 ἐδόκει
373 950 702 1012 κεκινῆσθαι,
761 947 961 1020 δυνηθῇ
1017 949 1116 1000 ὑπὸ
1166 958 1257 1008 τῆς
1307 953 1600 1022 παρουσίας
1653 951 1745 998 αύ-

143 1047 240 1089 τῶν
300 1041 430 1108 μετὰ
467 1039 646 1096 πάσης
685 1038 952 1107 ἐπιμελοῦς
1000 1034 1317 1111 διακρίσεως
1381 1039 1744 1109 κατορθώσεως

429 1125 536 1176 ἀλλ’
599 1120 804 1190 ἐπειδὴ,
877 1130 947 1186 ὡς
1031 1125 1326 1197 συμϐαίνει,
1390 1125 1745 1196 ἐπιλαθόμενοί

143 1233 289 1280 τινες,
349 1220 440 1267 καὶ
477 1223 575 1275 τῆς
630 1220 891 1286 σωτηρίας
933 1223 1031 1275 τῆς
1075 1212 1218 1276 ἰδίας
1268 1220 1354 1266 καὶ
1405 1221 1496 1265 τοῦ
1559 1213 1747 1265 σεϐάσ-

528 776 617 822 καὶ
693 773 941 842 ἕπιμόνως
1023 769 1494 842 διαγωνιζομένων,
1552 773 1741 840 παρόν-

144 1133 324 1197 τυχιῖν
353 1144 366 1157 ο

143 1320 306 1374 ματος
367 1312 459 1356 τοῦ
523 1303 846 1375 ὀφειλομένου
932 1313 994 1376 τῇ
1075 1304 1338 1377 ἁγιωτάτῃ
1401 1306 1616 1378 αἱρέσει.
1673 1305 1746 1354 ἔτι

141 1400 231 1446 καὶ
268 1402 357 1444 νῦν
402 1403 497 1456 τῆς
539 1390 676 1452 ἰδίας
732 1396 934 1466 ἔχθρας
990 1398 1309 1465 παρατείνειν
1357 1393 1416 1444 ού
1468 1394 1744 1454 παύονται,

142 1489 214 1556 μὴ
278 1480 578 1555 βουλόμενοι
633 1491 696 1554 τῇ
758 1479 864 1540 ἢδη
920 1481 1247 1554 ἐξενεχθείση
1293 1485 1465 1552 κρίσει
1518 1482 1750 1532 συντίθε-

145 1575 288 1636 σθαι,
339 1576 427 1624 καὶ
467 1569 819 1644 διοριζο’μενοι
871 1573 949 1623 ὅτι
1003 1569 1070 1629 δὴ
1116 1572 1218 1642 ἄρα
1276 1569 1442 1640 ὀλίγοι
1494 1572 1627 1630 τινες
1655 1571 1749 1630 τὰς

139 1667 345 1733 γνώμας
381 1665 470 1712 καὶ
524 1664 611 1721 τὰς
667 1659 952 1731 ἀποφάσεις
992 1663 1161 1711 αὐτῶν
1220 1659 1520 1730 ἐξήνεγκαν,
1565 1659 1608 1710 εἰ
1659 1663 1747 1709 καὶ

1844 498 2270 555 contenderent
2318 505 2497 573 atque
2549 508 2860 567 certarent,
2911 510 3201 576 praesente
3258 513 3500 575 quoque

1845 589 2116 642 Romano
2167 589 2472 661 episcopo,
2526 591 2588 646 id
2627 591 2791 664 quod
2840 594 2900 647 in
2939 591 3408 647 controversiam
3448 595 3503 646 et

1847 677 2352 733 concertationem
2386 679 2675 749 venisset,
2708 682 2767 736 in
2802 681 3120 752 praesentia
3143 692 3349 735 eorum
3373 680 3500 734 dili-

1847 764 2010 833 genti
2051 779 2195 820 cura
2247 767 2556 837 etjudicio
2597 769 2789 824 decidi
2830 769 3234 841 componique
3266 772 3492 839 posset.

1849 852 2352 925 Quandoquidem
2376 871 2539 921 vero,
2556 857 2865 912 sicutiﬁeri
2879 857 3046 926 solet,
3075 857 3323 929 quidam
3340 854 3503 911 salu-

1849 941 2411 1014 tissuae,cultusque
2431 950 2487 1000 et
2508 945 2920 1012 observantiae,
2945 961 3081 1018 quas
3103 944 3503 1000 sanctissimae

1849 1031 2121 1100 religioni
2145 1031 2414 1098 debetur,
2442 1033 2631 1100 obliti,
2650 1034 2789 1090 odia
2809 1039 2988 1106 atque
3015 1035 3359 1089 inimicitias
3380 1049 3506 1088 am-

1852 1120 2009 1192 ptius
2039 1135 2311 1176 exercere
2341 1135 2464 1177 non
2516 1123 2818 1188 desinunt,
2847 1137 3041 1196 neque
3090 1126 3170 1178 rei
3218 1124 3503 1194 judicatus

1854 1208 2237 1280 acquiescere
2275 1210 2504 1275 volunt,
2557 1227 2666 1284 per
2695 1215 3105 1284 exceptionem
3136 1211 3501 1280 objicientes,

1852 1311 2190 1370 perpaucos
2222 1300 2524 1370 quosdam
2548 1301 2908 1356 sententiam
2938 1301 3161 1371 tulisse,
3190 1302 3294 1373 qui
3325 1302 3503 1356 etiam

1855 1387 2020 1459 prius
2051 1386 2127 1442 ad
2159 1388 2525 1444 decisionem
2576 1391 2839 1446 celeriter
2875 1395 2931 1446 et
2953 1391 3169 1462 cupide
3200 1391 3507 1445 ferendam

1856 1475 2260 1543 accelerarint,
2301 1493 2489 1549 quam
2519 1480 2724 1534 omnia
2771 1495 2906 1550 quae
2936 1479 3153 1550 inquiri
3195 1493 3350 1550 Opus
3378 1477 3505 1546 fuit,

1856 1565 2171 1634 diligenter
2199 1571 2540 1621 etaccurate
2562 1569 2984 1623 excussissem.
3001 1569 3229 1633 Quibus
3246 1583 3314 1622 ex
3332 1567 3510 1622 rebus

1858 1653 2142 1709 omnibus
2166 1653 2312 1709 illud
2325 1655 2540 1719 evenit,
2561 1655 2816 1711 utsimul
2836 1660 2894 1711 et
2914 1655 2994 1711 illi
3015 1671 3168 1728 quos
3188 1656 3508 1710 fraternam

142 1753 211 1819 μὴ
291 1751 535 1822 πρότερον
615 1749 852 1801 ἁπάντων
913 1759 1012 1800 τῶν
1071 1749 1375 1820 ὀφειλόντων
1426 1749 1741 1809 ζητηθῆναι,

1860 1742 2238 1798 concordiam
2270 1748 2327 1798 et
2365 1744 2733 1799 [inanitatem
2787 1743 3052 1800 obtinere
3099 1745 3321 1813 docuit,
3357 1744 3511 1814 turpi

145 1839 366 1910 ἀκριϐῶς
428 1838 803 1901 ἐξετασθέντων
867 1843 997 1912 πρὸς
1062 1844 1121 1890 τό
1193 1843 1286 1895 τὴν
1334 1842 1510 1909 κρίσιν
1559 1837 1747 1906 ἐξενίγο

143 1949 231 1980 και
267 1931 402 1980 πάνυ
441 1933 647 1999 ταχέως
695 1933 784 1978 καὶ
836 1927 1010 1989 ὀξέως,
1063 1930 1324 1979 ἔσπευσαν
1357 1947 1368 1958 ·
1425 1928 1480 1977 ἔκ
1524 1943 1580 1977 τε
1621 1927 1746 1976 τού-

141 2036 237 2070 των
293 2017 530 2068 ἁπάντων
595 2019 762 2068 ἐκεῖνα
837 2015 1110 2086 συμϐαίνει
1173 2017 1414 2086 γενέσθαι
1460 2030 1473 2042 ⁸
1541 2017 1600 2064 τὸ
1655 2018 1745 2065 καὶ

143 2109 357 2167 τούτους
409 2107 616 2166 αύτούς,
676 2103 958 2176 ἀδελφικὴν
1012 2110 1102 2156 καὶ
1158 2106 1420 2175 ὁμόφρονα
1458 2101 1742 2174 ὀφείλοντας

143 2199 282 2267 ἔχειν
337 2195 675 2267 ὁμοψυχίαν,
718 2195 982 2267 αἰσχρῶς,
1025 2194 1212 2266 μᾶλλον
1265 2191 1323 2245 δὲ
1373 2201 1619 2264 μυσαρώς
1656 2192 1744 2242 αλ-

140 2285 304 2342 ληλων
358 2278 750 2343 ἀποδιαστῆναι
785 2299 798 2310 ⁵
859 2289 948 2335 καὶ
984 2291 1091 2335 τοῖν
1153 2279 1442 2354 ἀνθρώποις
1492 2289 1598 2340 τοῖς
1653 2284 1743 2340 τὰς

143 2373 407 2445 ἀλλοτρίας
464 2375 655 2444 ἔχουσι
724 2374 895 2444 ψυχὰς
940 2372 1040 2424 ἀπὸ
1105 2379 1200 2432 τῆς
1264 2370 1560 2441 ἁγιωτάτης
1615 2371 1740 2440 θρη-

145 2467 318 2524 σκείας
346 2466 559 2526 ταύτης,
603 2466 863 2535 πρόφασιν
911 2461 1107 2532 χλεύης
1147 2458 1377 2512 διδόναι.
1418 2459 1570 2511 Ὀθεν
1607 2475 1738 2530 προ-

137 2555 340 2607 νοητέον
394 2571 481 2621 μοι
550 2550 758 2620 ἐγένετο,
810 2552 948 2611 ὅπως
1001 2558 1152 2601 τοῦτο
1215 2551 1335 2622 ὅπερ
1397 2547 1560 2620 ἐχρῆν
1610 2547 1741 2617 μετὰ

140 2645 232 2697 τὴν
260 2639 614 2710 ἐξενεχθεῖσαν
654 2638 761 2697 ἠδη
795 2644 967 2709 κρίσιν
1015 2641 1303 2710 αὐθαιρέτῳ
1355 2639 1742 2707 συγκαταθέσει

146 2731 461 2793 πεπαῦσθαι,
507 2731 602 2780 κᾶν
659 2736 746 2779 νῦν
798 2747 922 2779 ποτε
962 2725 1160 2798 δυνηθῇ
1224 2727 1420 2778 πολλῶν
1478 2731 1742 2798 παρόντων

144 2817 309 2878 τέλους
371 2826 572 2887 τυχεῖν.
643 2814 858 2874 Ἐπειδὴ
899 2821 1069 2868 τοίνυν
1125 2815 1399 2875 πλείστους
1447 2815 1501 2866 ἐκ
1551 2813 1744 2886 διαφό-

148 2923 246 2977 ρων
280 2912 368 2958 καὶ
411 2907 688 2977 ἀμυθήτων
728 2913 896 2957 τόπων
953 2907 1270 2966 ἐπισκόπους
1329 2905 1400 2965 εἰς
1451 2909 1544 2962 τὴν
1583 2905 1740 2976 Ἀρε-

150 2995 410 3052 λατησίων
439 2995 585 3047 πόλιν
644 2999 768 3046 εἵσω
812 2991 1083 3046 καλανδῶν
1138 2995 1458 3064 Αύγούστων
1492 2993 1747 3045 συνελθεῖν

149 3083 499 3154 ἐκελεύσαμεν,
550 3089 640 3134 καί
705 3102 789 3136 σοι
844 3083 1049 3157 γράψαι
1106 3083 1415 3155 ἐνομίσαμεν
1457 3099 1469 3111 ·
1527 3084 1609 3134 ἵνα
1662 3082 1750 3133 λα-

150 3173 248 3224 ϐὼν
286 3176 431 3245 παρὰ
497 3181 589 3226 τοῦ
646 3173 1012 3246 λαμπροτάτου
1073 3179 1435 3246 Λατρωνιανοῦ
1495 3179 1588 3223 τοῦ
1643 3191 1750 3224 κεν-

150 3268 396 3336 τίκτωρος
435 3262 666 3324 Σεκελίας
730 3260 990 3334 δημόσιον
1038 3266 1239 3334 ὄχημα,
1295 3261 1549 3323 συζεύξας
1588 3261 1752 3330 ἐαυτῷ

150 3357 239 3403 καὶ
293 3349 390 3403 δύο
429 3356 489 3422 γέ
548 3371 690 3412 τινας
727 3360 826 3402 τῶν
879 3350 933 3402 ἐκ
971 3360 1062 3403 τοῦ
1121 3349 1364 3424 δευτέρου
1420 3353 1621 3421 θρόνου,
1664 3350 1754 3410 οὖς

152 3443 211 3492 οἷν
271 3445 334 3492 σὺ
399 3441 556 3502 αὐτὸς
609 3440 941 3504 ἐπιλέξασθαι
1024 3445 1264 3512 κρίνοις·
1325 3439 1453 3490 ἀλλὰ
1508 3445 1610 3510 μὴν
1666 3442 1751 3490 καὶ

152 3538 289 3602 τρεῖς
336 3528 531 3589 παῖδας
581 3533 698 3590 τοὺς
737 3527 1122 3600 δυνησομένους
1177 3531 1297 3599 ύμῖν
1341 3531 1475 3580 κατὰ
1503 3533 1597 3585 τὴν
1629 3524 1752 3579 ὁδὸν

151 3621 527 3691 ὑπηρετεῖσθαι
591 3619 921 3691 παραλαϐὼν,
1005 3622 1127 3670 εἵσω
1182 3626 1275 3678 τῆς
1335 3618 1491 3676 αὐτῆς
1556 3619 1752 3688 ἡμέρας

153 3712 241 3759 ἐπὶ
291 3714 360 3775 τῷ
413 3714 770 3780 προειρημένῳ
817 3712 958 3778 τόπῳ
1016 3706 1347 3764 ἁπάντησον·
1385 3710 1453 3767 ὡς
1493 3707 1553 3757 ἄν
1581 3703 1674 3758 διά
1699 3723 1753 3756 τε

151 3806 246 3855 τῆς
286 3804 384 3856 σῆς
425 3797 766 3871 στερρότητος
829 3801 915 3848 καὶ
957 3793 1052 3847 δια
1101 3804 1196 3855 τῆς
1246 3796 1428 3854 λοιπῆς
1479 3801 1577 3846 τῶν
1633 3813 1752 3845 συν-

154 3891 334 3938 ιόντων
419 3887 698 3957 ὸμοψύχου
765 3891 854 3937 καὶ
937 3887 1224 3958 ὁμόφρονος
1303 3889 1578 3947 συνέσεως,
1663 3888 1752 3935 καὶ

149 3979 311 4026 τοῦτο
343 3975 462 4048 ὅπερ
494 3977 628 4048 ἄχρι
658 3983 747 4026 τοῦ
792 3972 946 4046 δεῦρο
988 3975 1191 4044 φαύλως
1228 3971 1298 4025 δι’
1345 3973 1580 4047 αἰσχράς
1608 3991 1753 4034 τινας

1547 4064 1751 4113 πάντων

149 4065 464 4135 ξυγομαχία
474 4083 494 4123 ς
563 4067 1006 4135 παραμεμένηκεν,
1100 4063 1225 4114 ἀκου
1235 4065 1454 4114 σθέντων

145 4160 252 4204 τῶν
301 4152 580 4222 μελλόντων
631 4153 990 4222 λεχθήσεσθαι
1030 4154 1172 4224 παρά
1234 4160 1332 4202 τῶν
1381 4158 1467 4201 νὺν
1522 4152 1646 4220 ἡμῖν
1707 4149 1794 4200 ἀπ’
1853 4147 2081 4205 ἀλλήλων
2149 4142 2467 4209 διεστώτων,

145 4241 424 4311 λεύσαμεν,
485 4237 733 4298 δυνηθείη
792 4247 885 4298 τὴν
960 4241 1286 4311 ὀφειλομένην
1365 4242 1646 4310 θρησκείαν
1708 4243 1798 4290 καὶ
1854 4256 2056 4301 πιστιν,

1859 1833 2142 1903 quodam,
2161 1847 2264 1886 seu
2282 1834 2484 1903 potius
2515 1834 2870 1889 detestanda
2890 1849 3072 1899 more,
3104 1850 3208 1905 per
3229 1835 3515 1888 secessio-

1857 1935 1998 1976 nem
2027 1921 2178 1975 inter
2211 1936 2273 1976 se
2306 1920 2634 1976 dissideant
2662 1939 2675 1976 :
2709 1926 2766 1977 et
2795 1922 3148 1977 hominibus
3180 1922 3282 1993 qui
3310 1937 3345 1976 a
3380 1934 3512 1975 san-

1859 2009 2128 2065 ctissima
2158 2009 2443 2078 religione
2499 2011 2696 2065 alieno
2731 2015 2870 2065 sunt
2901 2012 3128 2073 animo,
3167 2011 3411 2065 occasio
3439 2009 3512 2064 rio

1857 2097 2038 2153 dandi
2072 2104 2251 2168 atque
2291 2098 2666 2153 obtrectandi
2697 2100 2772 2154 sit
2809 2099 3081 2170 praebita.
3119 2101 3325 2171 Itaque
3379 2113 3512 2170 pro-

1854 2186 2186 2242 videndum
2218 2186 2364 2241 mihi
2397 2192 2506 2254 est,
2537 2187 2702 2259 quod
2728 2189 2961 2243 dudum
2992 2193 3127 2260 post
3157 2186 3511 2243 sententiam

1852 2275 2037 2331 latam
2055 2280 2388 2346 spontanee
2402 2278 2802 2332 transactione
2816 2278 3213 2349 compositum
3231 2276 3512 2347 oportuit,

1855 2371 1920 2420 ut
1943 2364 2003 2419 id
2034 2379 2193 2420 nunc
2225 2365 2469 2420 tandem
2496 2365 2695 2420 multis
2727 2367 3125 2436 praesentibus
3150 2367 3330 2421 tinem
3350 2365 3513 2420 debi-

1853 2457 1979 2509 tum
2027 2459 2448 2526 consequatur.
2506 2456 2906 2528 Posteaquam
2947 2457 3124 2525 igitur
3168 2468 3238 2510 ex
3265 2455 3514 2508 diversis

1852 2543 2245 2616 plurimisque
2265 2543 2409 2599 locis
2438 2547 2756 2616 episcopos
2786 2546 2845 2599 in
2869 2545 3271 2600 Arelatensem
3314 2544 3515 2598 civita-

1852 2643 1973 2694 tem
2013 2633 2168 2688 intra
2205 2633 2499 2688 Calendas
2540 2635 2791 2703 Augusti
2833 2635 3152 2689 convenire
3186 2633 3508 2703 jussimus,

1853 2721 1958 2776 tibi
1988 2736 2232 2793 quoque
2271 2722 2657 2777 scribendum
2699 2738 2828 2777 esse
2859 2724 3225 2785 censuimus,
3261 2727 3322 2776 ut
3353 2736 3517 2776 acce-

1854 2819 1960 2883 pta
1989 2813 2115 2866 viro
2145 2813 2503 2877 clarissimo,
2524 2814 2882 2869 Latroniano
2900 2815 3260 2868 conductore
3279 2811 3514 2878 Siciliae,

1856 2900 2111 2973 publicae
2136 2907 2390 2957 vecturae
2422 2906 2648 2957 tessera
2688 2921 2701 2954 :
2747 2901 3110 2974 duobusque
3141 2901 3270 2958 aliis
3303 2916 3375 2956 ex
3428 2915 3517 2954 se-

1859 2990 2060 3045 cundo
2089 2991 2317 3055 ordine,
2359 3005 2513 3062 quos
2552 2991 2683 3062 ipse
2713 2991 3021 3059 eligendos
3053 2989 3377 3062 putaveris,
3409 2985 3513 3044 tibi

1861 3079 2180 3150 adjunctis,
2213 3083 2270 3134 et
2297 3080 2498 3151 pueris
2533 3080 2720 3134 tribus
2769 3080 2872 3152 qui
2904 3079 2965 3135 in
2994 3081 3199 3135 itinere
3229 3079 3401 3134 vobis
3432 3078 3516 3132 in-

1861 3168 2124 3224 serviant
2153 3169 2506 3240 assumptis,
2535 3170 2689 3224 intra
2720 3185 2853 3224 eam
2885 3169 3042 3224 diem
3073 3170 3136 3224 in
3164 3181 3302 3223 eum
3334 3181 3517 3240 quem

1860 3257 2122 3312 diximus
2148 3257 2347 3313 locum
2376 3258 2709 3326 pervenias.
2740 3259 2808 3314 Ut
2827 3273 2933 3328 per
2950 3257 3299 3326 gravitatem
3326 3261 3516 3319 tuam,

1857 3346 2350 3418 reliquorumque
2402 3346 2503 3418 qui
2536 3347 2618 3401 ibi
2648 3347 3027 3410 convenient,
3077 3346 3429 3401 unanimem
3462 3349 3519 3399 et

1860 3435 2329 3490 consentientem
2357 3435 2761 3504 prudentiam,
2783 3435 3189 3490 controversia
3205 3449 3338 3504 quin
3368 3433 3514 3488 huc-

1859 3539 2052 3594 usque
2084 3539 2207 3578 non
2231 3527 2388 3577 recte
2417 3538 2523 3594 per
2561 3521 2785 3578 foedam
2818 3523 3078 3578 intestini
3110 3521 3348 3577 dissidii
3379 3536 3519 3575 con-

1859 3611 2184 3667 tentionem
2237 3611 2495 3675 duravit,
2533 3612 2709 3683 509
2759 3611 3044 3667 omnibus
3095 3627 3231 3682 quae
3276 3609 3413 3665 hinc
3463 3613 3517 3664 et

1860 3701 2000 3756 inde
2027 3700 2104 3755 ab
2134 3701 2203 3754 iis
2233 3701 2526 3765 dicentur,
2578 3702 2680 3771 qui
2720 3699 2872 3755 inter
2925 3716 2987 3754 se
3015 3698 3326 3762 dissident,
3360 3713 3514 3770 quos

1860 3789 2072 3845 abesse
2096 3789 2367 3844 ibietiam
2393 3789 2813 3859 praecepimus,
2839 3789 3072 3852 auditis,
3093 3789 3183 3842 vel
3208 3801 3367 3842 nunc
3390 3795 3518 3842 tan-

1860 3877 1999 3933 dem
2029 3877 2107 3933 ad
2145 3877 2414 3932 debitum
2445 3878 2691 3942 cultum,
2726 3877 3161 3949 professionem
3203 3877 3517 3931 concordi-

1860 3984 2080 4040 amque
2132 3967 2458 4022 fraternam
2515 3967 2717 4022 reduci
2776 3971 2977 4037 queat.
3040 3965 3406 4021 Incolumem
3463 3972 3515 4020 te

1860 4061 2016 4114 Deus
2046 4057 2430 4128 omnipotens
2453 4055 2515 4110 in
2548 4055 2767 4109 multos
2796 4070 2988 4110 annos
3015 4062 3345 4110 conservet.
3381 4075 3409 4104 »

2562 4144 2754 4216 οὕσπερ
2829 4144 3018 4215 ὁμοίως
3092 4150 3329 4214 παρεῖναι
3406 4140 3518 4192 ἐκε-

2133 4231 2416 4305 ἁδελφικήν
2480 4251 2534 4285 τε
2592 4235 2852 4304 ὁμόνοιαν,
2941 4237 3035 4283 κάν
3104 4230 3338 4306 βραδέως
3396 4230 3516 4282 ἁνα-

145 4330 427 4386 κληθῆναι.
458 4329 784 4400 ’Υγιαίνοντά
816 4345 872 4381 σε
904 4330 928 4380 ὁ
957 4333 1084 4390 Θεὸς
1116 4331 1140 4380 ὁ
1171 4330 1536 4402 παντοκράτωρ
1573 4325 1886 4398 διαφυλάξοι
1912 4325 1995 4377 ἐπὶ
2025 4323 2226 4383 πολλοῖς
2256 4325 2397 4374 ἔτεσι
2427 4341 2479 4374 ι).

757 4478 996 4525 ΚΕΦΑΛ.
1041 4479 1149 4525 ΜΔ.

147 4582 310 4650 Περὶ
346 4586 459 4638 τῆς
494 4585 602 4630 τοῦ
665 4576 1028 4651 δυᾼσσεϐγούς
1085 4583 1389 4630 Λικινίου
1449 4575 1752 4651 διαστροο

227 4649 366 4720 φῆς,
407 4655 514 4702 καὶ
552 4658 667 4701 τῶν
731 4649 817 4701 ἐπ’
857 4650 1054 4701 αὑτοῦ
1093 4649 1675 4723 μαρτυρησάντων,

226 4763 407 4808 Ταῦτα
454 4759 512 4808 τό
568 4776 624 4826 γε
680 4764 767 4808 νῦν
821 4759 946 4828 ἕχον
998 4759 1282 4828 νομοθετῶν
1315 4752 1548 4819 διετέλει,
1597 4754 1758 4826 ἀφθό-

144 4865 244 4898 νου
296 4850 738 4917 πρυτανευομένης
794 4847 916 4917 ἡμῖν
967 4844 1020 4896 ἐκ
1076 4853 1208 4898 Θεοῦ
1267 4853 1357 4904 τῆς
1397 4845 1618 4916 εἰρήνης,
1669 4847 1758 4894 καὶ

144 4943 253 4994 τῆς
299 4933 540 5006 οὐρανίου
597 4936 820 5006 χάριτος
871 4933 1006 4985 οὕτω
1060 4931 1386 5005 δωρουμένης
1451 4937 1507 4984 τὸ
1563 4931 1760 4983 ἐλευθέ-

146 5041 289 5098 ριον.
356 5029 536 5074 Ταῦτα
595 5020 652 5074 δὲ
707 5027 871 5096 φέρειν
948 5022 1040 5073 οὐκ
1095 5019 1154 5079 ἦν
1209 5023 1393 5073 ἀνεκτὰ
1431 5029 1502 5091 τῷ
1551 5020 1762 5094 ἀρχαίῳ

149 5119 252 5163 τοῦ
328 5115 505 5181 γένους
587 5114 729 5183 ἡμῶν
797 5111 1044 5182 πολεμίῳ.
1104 5111 1308 5165 Αὐτίκα
1362 5114 1462 5181 γὰρ
1531 5115 1762 5161 Λικίνιον

150 5196 488 5252 ὑποδύεται·
561 5205 650 5252 καὶ
715 5207 806 5251 τοῦ
869 5207 1128 5271 σώφρονος
1203 5199 1357 5250 αὑτὸν
1425 5197 1764 5268 ὑπεξαγαγὼν

151 5289 437 5359 λογισμοῦ,
494 5293 620 5363 πρὸς
677 5286 936 5362 διαφορὰν
1015 5289 1168 5339 ἐκίνει
1216 5297 1286 5356 τῷ
1349 5292 1762 5358 Κωνσταντίνῳ.

153 5380 211 5429 ὅν
254 5378 426 5438 αὐτὸς,
484 5378 573 5429 ἁτε
621 5374 688 5436 δὴ
741 5385 846 5438 τοῖς
905 5381 1037 5428 κατὰ
1069 5376 1358 5447 Μαξιμῖνον
1408 5375 1651 5446 πολέμοις
1691 5374 1770 5425 εύ.

151 5465 519 5537 δοκιμώτατον
579 5474 852 5536 γεγονότα,
933 5465 1210 5538 βασιλείας
1278 5484 1328 5516 τε
1384 5463 1600 5535 ὀνόματι
1660 5462 1770 5519 ἐπε,

151 5557 400 5627 φημιζε·
460 5560 548 5606 καὶ
597 5553 973 5627 Νικομήδειαν,
1054 5560 1142 5605 καὶ
1189 5558 1276 5611 τὴν
1349 5560 1467 5627 περὶ
1552 5554 1766 5626 Θρᾴκην

2475 4466 2702 4521 CAPUT
2737 4467 2916 4521 XLIV.

1861 4577 1947 4630 De
1974 4573 2144 4645 impii
2191 4572 2405 4628 Licinii
2434 4572 2931 4645 perversitate,“
2959 4572 3062 4642 qui
3091 4571 3199 4626 sub
3230 4585 3294 4626 eo
3349 4570 3516 4640 passi

2415 4643 2532 4698 sint
2570 4644 2965 4712 martyribus.

1937 4749 2362 4822 Hujuscemodi
2407 4749 2502 4805 ille
2562 4755 2689 4804 tum
2731 4750 2893 4819 leges
2941 4749 3520 4818 constitutionesque

1867 4840 2114 4904 ferebat,
2146 4857 2281 4895 cum
2339 4839 2636 4894 uberrime
2689 4840 2862 4893 nobis
2902 4840 3054 4893 Deus
3086 4853 3296 4906 pacem
3347 4837 3524 4891 caele-

1869 4931 2090 5000 stisque
2109 4929 2298 4996 gratia
2319 4927 2654 4982 libertatem
2675 4927 3071 4997 prolixissime
3093 4926 3370 4980 dedisset.
3402 4927 3523 4979 Cae-

1871 5024 2062 5074 terum
2114 5015 2176 5071 id
2224 5016 2372 5071 ferre
2421 5031 2542 5070 non
2580 5015 2770 5086 potuit
2812 5015 3093 5086 antiquus
3153 5014 3248 5071 ille
3289 5014 3521 5080 generis

1871 5106 2055 5162 nostri
2092 5105 2304 5160 hostis.
2338 5103 2627 5158 Continuo
2666 5104 2826 5157 enim
2861 5104 3145 5158 Licinium
3185 5101 3522 5172 occupavit,

1874 5212 2134 5267 eumque
2152 5211 2188 5249 a
2213 5198 2373 5248 recta
2405 5193 2697 5247 sententia
2713 5192 3062 5256 abductum,
3085 5192 3159 5246 ad
3180 5191 3521 5246 inimicitias

1876 5285 2168 5340 adversus
2211 5282 2664 5336 Constantinum
2711 5281 3126 5351 suscipiendas
3180 5281 3473 5349 permovit
3509 5295 3521 5332 :

1878 5389 2056 5446 quem
2088 5371 2201 5436 ille,
2235 5370 2397 5442 quod
2434 5385 2717 5440 magnam
2749 5370 2806 5422 in
2839 5367 2994 5423 bello
3027 5375 3234 5422 contra
3266 5367 3526 5422 Maximi-

1877 5477 2024 5518 num
2060 5465 2224 5530 gesto
2255 5456 2509 5529 gloriam
2540 5463 2898 5513 consecutus
2927 5457 3136 5521 fuerat,
3167 5473 3303 5510 cum
3348 5456 3530 5524 impe-

1878 5551 2091 5608 ratoris
2119 5547 2364 5606 nomine
2393 5545 2713 5614 decoravit,
2761 5551 2886 5602 tum
2910 5548 2962 5602 ei
2993 5545 3373 5612 Nicomediae,
3413 5545 3527 5599 He-
