4028 6294
588 254 725 314 1311

1918 254 2314 314 NICEPHORI
2352 255 2677 314 CALLISTI

3717 261 3815 320 l3l2

586 385 795 442 raclem
824 382 902 457 (t)
932 399 1067 459 quas
1118 383 1198 441 ad
1249 383 1565 442 Thraciam
1608 386 1715 451 est,
1765 385 1944 457 atque
1985 384 2235 440 Orientis

2348 385 2671 460 Ἡράκλειαν,
2729 390 2819 438 καὶ
2847 387 2944 444 τὴν
2997 381 3099 438 Ἕω
3155 382 3256 437 ὑπὸ
3293 389 3446 456 χεῖρα
3485 381 3632 440 iniu.
3656 392 3731 439 Καὶ
3748 395 3821 440 tol-

586 474 870 531 ditionem
955 474 1239 546 permisit.
1318 474 1575 531 Licinius
1644 478 1867 542 autem,
1947 489 2087 531 cum
2167 489 2239 529 ea

584 579 723 636 quas
771 562 1071 635 prioribus
1120 564 1393 635 tyrannis
1435 563 1798 630 acciderant,
1846 569 2050 619 nosset
2081 563 2239 635 (qum

585 652 833 724 quidem
893 668 1033 709 eum
1097 658 1160 707 ut
1237 652 1478 709 saniora
1543 656 1893 725 sequeretur
1969 652 2237 718 consilia,

586 740 828 797 abunde
859 741 1003 797 satis
1036 741 1362 797 admonere
1401 742 1720 814 poterant),
1751 746 1808 799 et
1853 757 1993 798 cum
2019 740 2240 798 sororis

587 830 958 886 Constantini
990 829 1236 887 maritus
1285 837 1457 896 esset,
1507 831 1915 903 dignitateque
1956 836 2013 886 et
2050 830 2243 899 gloria

583 920 664 974 ab
692 918 792 974 illo
808 920 1107 975 secundas
1131 920 1443 985 obtineret,
1464 920 1793 975 imitatione
1815 920 1948 991 ejus
1981 919 2238 991 abjecta,

585 1011 895 1079 tyrannos,
925 1023 1184 1080 quorum
1217 1008 1589 1064 eversionem
1627 1012 1809 1080 atque
1838 1009 2159 1069 interitum,
2192 1007 2242 1063 si

585 1099 719 1169 quis
750 1098 926 1163 alius,
969 1103 1025 1154 et
1063 1099 1191 1169 ipse
1232 1099 1494 1154 maxime
1525 1098 1766 1165 viderat,
1813 1098 2083 1154 aemulari
2118 1113 2242 1154 ma-

585 1185 714 1241 luit.
746 1187 1120 1258 Quapropter
1148 1202 1288 1242 cum
1310 1186 1426 1242 alia
1454 1187 1659 1242 omnia
1691 1188 2093 1259 parvipendit,
2115 1192 2241 1242 tum

585 1274 937 1332 afﬁnitatem
956 1274 1135 1331 etiam
1152 1282 1209 1331 et
1228 1274 1619 1347 faaderajurej
1632 1276 1863 1331 urando
1885 1275 2243 1332 conﬁrmata

586 1365 966 1435 contempsit,
1001 1366 1201 1419 varios
1251 1364 1539 1420 adversus
1566 1365 2015 1420 Constantinum
2069 1363 2241 1420 dolos

587 1458 840 1519 struens,
876 1459 934 1508 et
961 1453 1275 1509 benefacta
1304 1453 1468 1510 mala
1497 1453 1690 1524 gratia
1709 1469 2102 1524 compensare
2125 1458 2243 1509 stu-

587 1541 757 1597 dens.
806 1544 889 1597 Ao
941 1542 1203 1614 primum
1235 1542 1482 1614 quidem
1524 1542 1772 1598 insidias
1818 1542 2145 1609 occultans,
2186 1546 2244 1597 et

588 1630 912 1687 amicitiam
940 1630 1250 1696 simulans,
1285 1646 1441 1703 saepe
1463 1630 1779 1686 fraudibus
1810 1631 1976 1687 illum
2005 1646 2243 1703 aggres-

589 1737 711 1784 sus,
727 1718 1088 1775 nihiltamen
1104 1722 1239 1789 egit.
1262 1719 1716 1790 inexpugnabili
1737 1720 1900 1775 enim
1943 1720 2244 1791 vi,utpote
2276 1743 2320 1798 Β

590 1810 709 1863 Deo
733 1808 975 1874 charus,
1026 1807 1297 1863 munitus
1325 1814 1449 1863 erat
1479 1821 1491 1860 :
1553 1813 1609 1863 et
1636 1824 1772 1880 quia
1802 1808 1989 1864 hostis
2027 1809 2155 1880 ipse
2182 1808 2245 1864 in

588 1897 785 1953 cordis
833 1896 1076 1952 latebris
1121 1896 1239 1953 alia
1287 1912 1469 1968 super
1497 1896 1613 1952 alia
1644 1897 1931 1962 struebat,
1964 1896 2244 1953 facillime

588 1986 716 2057 ipse
733 1986 791 2041 in
814 1984 1009 2041 lucem
1036 1986 1329 2056 producta
1350 1986 1720 2056 coarguebat
1738 1991 1919 2058 atque
1944 1987 2245 2058 opprime-

589 2072 712 2128 bat.
743 2075 886 2129 Tam
920 2090 1183 2145 praesens
1227 2074 1309 2129 illi
1349 2074 1533 2130 divini
1581 2074 1775 2130 cultus
1805 2080 1864 2129 et
1887 2075 2120 2146 pietatis
2150 2091 2247 2131 ar-

592 2166 828 2217 matura
875 2162 1163 2218 auxilium
1216 2162 1297 2218 ad
1336 2162 1591 2219 salutem
1630 2162 1843 2220 attulit.
1890 2166 2079 2234 Atque
2117 2164 2245 2235 ipse

587 2250 854 2322 quidem,
884 2253 990 2324 qui
1023 2253 1082 2306 in
1114 2257 1280 2308 tanta
1304 2251 1469 2323 apud
1503 2255 1689 2307 Deum
1717 2257 1871 2307 esset
1895 2252 2111 2321 gratia,
2143 2268 2245 2308 oc-

590 2337 780 2394 cultos
809 2339 967 2394 illius
999 2346 1250 2395 conatus
1295 2339 1373 2394 ad
1415 2340 1577 2395 hunc
1608 2339 1859 2396 modum
1888 2340 2116 2410 eﬂugit.
2147 2341 2246 2396 Ille

590 2432 790 2483 autem
813 2428 977 2499 quod
1008 2427 1242 2484 insidiae
1273 2427 1662 2484 clandestinae
1689 2430 1742 2484 ei
1773 2430 1975 2484 minus
2004 2446 2078 2485 ex
2109 2446 2247 2485 sen-

593 2516 773 2571 tentia
828 2517 1232 2582 succederent,
1267 2517 1386 2571 Deo
1434 2516 1567 2572 illas
1593 2516 1655 2572 in
1703 2522 1977 2589 apertum
2026 2523 2246 2589 pertra-

588 2603 786 2668 hente,
804 2605 950 2660 citra
966 2604 1505 2661 dissimulationem
1528 2605 1843 2677 propalam
1870 2621 1931 2661 se
1953 2606 2247 2661 adversus

592 2691 1068 2758 Constantinum,
1095 2693 1346 2749 fortasse
1376 2701 1578 2751 autem
1622 2694 1821 2750 dicere
1878 2694 2033 2757 licet,
2066 2695 2246 2750 etiam

589 2782 881 2838 adversus
931 2799 1129 2853 rerum
1160 2782 1435 2838 omnium
1471 2786 1679 2851 Deum,
1705 2799 1888 2857 quem
1920 2784 2000 2839 ab
2030 2800 2101 2839 eo
2133 2784 2246 2839 coli

591 2870 840 2939 sciebat,
890 2873 1166 2927 armavit.
1204 2872 1381 2944 διο
1429 2872 1691 2928 Primum
1746 2872 1927 2942 igitur
1953 2872 2247 2944 paulatim

592 2960 977 3024 Christianos,
1012 2963 1116 3033 qui
1156 2961 1272 3016 sub
1319 2961 1546 3017 ditione
1586 2962 1717 3032 ejus
1748 2969 1935 3029 erant,
1977 2976 2247 3033 premere

591 3052 770 3120 atque
799 3063 1153 3120 oppugnare
1174 3055 1261 3104 est
1290 3064 1613 3119 aggressus
1638 3066 1651 3100 :
1678 3049 1898 3105 deinde
1931 3055 2128 3105 mente
2167 3049 2246 3105 ab

591 3134 768 3192 insita
810 3136 925 3192 sibi
950 3137 1187 3194 insania
1236 3146 1471 3209 captus,
1506 3137 1882 3194 manifestam
1911 3143 2119 3194 contra
2155 3153 2248 3194 ec-

592 3225 805 3280 clesias
833 3226 1162 3281 commovit
1193 3226 1673 3298 persecutionem
1707 3244 1720 3282 :
1753 3226 2024 3285 futurum
2052 3231 2243 3293 ratus,

592 3320 656 3370 ut
740 3312 1165 3370 Constantinus
1244 3315 1528 3385 religione
1609 3314 1941 3386 periclitan,
2004 3332 2245 3372 summo

591 3404 928 3461 afficeretur
981 3420 1255 3460 maerore.
1277 3407 1480 3476 Neque
1502 3419 1638 3459 eum
1669 3403 1913 3469 latebat,
1960 3403 2247 3461 ecclesias

590 3509 699 3564 pro
750 3492 848 3548 illo
896 3507 1087 3559 orare,
1134 3498 1312 3566 atque
1343 3492 1581 3549 studere
1614 3497 1674 3548 ut
1705 3492 1819 3548 sub
1858 3492 2013 3549 illius
2046 3498 2247 3549 essent

590 3581 863 3652 imperio.
917 3581 978 3637 ln
1023 3582 1232 3654 primis
1276 3587 1414 3637 v‘ero
1468 3581 1704 3637 delectu
1756 3582 2044 3649 instituto,
2086 3582 2244 3638 Chri-

593 3668 822 3725 stianos
851 3685 1062 3726 omnes
1092 3686 1123 3726 e
1166 3670 1350 3727 domo
1380 3670 1726 3742 familiaque
1765 3687 1876 3727 sua
1899 3671 2095 3741 exegit
2137 3672 2241 3744 (2),

590 3760 925 3832 militesque
954 3763 1058 3832 qui
1088 3760 1468 3816 daemonibus
1498 3759 1835 3816 sacriﬁcare
1861 3759 2108 3827 nollent,
2140 3760 2245 3816 ho-

591 3864 736 3904 nore
795 3849 1203 3920 dignitateque
1265 3848 1552 3920 spoliatos
1616 3851 2047 3905 exauctoravit.
2116 3852 2246 3906 Mox

588 3938 753 4007 leges
784 3938 1120 4009 illegitimas
1152 3942 1208 3993 et
1230 3937 1468 4009 iniquas
1500 3938 1647 4007 tulit,
1695 3939 1757 3993 in
1787 3938 2079 3994 custodiis
2105 3955 2245 3994 con-

592 4026 778 4081 clusis
818 4026 1293 4082 misericordiam
1338 4041 1583 4082 omnem
1631 4025 1937 4092 claudens,
1980 4033 2036 4082 et
2088 4028 2246 4083 Chri-

593 4115 804 4170 stianis
833 4114 1221 4185 deprehensis
1249 4114 1492 4170 easdem
1524 4130 1679 4186 quas
1711 4114 1999 4170 maleficis
2032 4131 2244 4185 pmnas

591 4204 945 4260 decernens.
977 4203 1123 4268 Quid
1153 4217 1266 4272 ego
1314 4218 1475 4258 nunc
1517 4203 1740 4267 dicam,
1772 4218 1910 4274 quas
1948 4203 2046 4258 ille
2080 4205 2247 4275 prius

591 4292 861 4349 inaudita
886 4293 960 4348 de
984 4291 1281 4362 conjugiis
1305 4291 1620 4346 statuerit?
1648 4307 1784 4363 quae
1806 4307 1962 4348 novo
1977 4293 2247 4364 quodam

592 4382 776 4438 modo
820 4382 881 4436 in
910 4381 1222 4436 defunctos
1262 4380 1626 4436 admiserit?
1670 4386 1963 4452 quantam
2025 4383 2154 4437 auri
2193 4388 2249 4437 et

2345 495 2434 525 νυν
2490 479 2562 545 μὴ
2611 477 2676 527 τὰ
2711 483 2819 537 τοῖς
2858 476 3084 545 πρόσθεν
3131 474 3394 545 τυράννοις
3443 471 3671 544 συμϐάντα
3704 481 3821 544 γνοὺς,

2348 563 2584 637 αὐτάρκη
2650 565 2749 636 γὰρ
2803 566 2971 616 ἐκεῖνα
3019 564 3220 623 πάντως
3285 569 3511 634 σώφρονα
3553 565 3737 633 συνάγειν
3767 572 3820 617 τὸν

2349 652 2623 724 λογισμόν,
2678 652 2915 726 γαμϐρός
2975 671 3029 704 τε
3098 652 3169 703 ὡν
3232 656 3595 720 Κωνσταντίνῳ,
3633 659 3705 702 καὶ
3742 663 3819 724 τιμῇ

2348 746 2438 793 καὶ
2488 738 2616 813 δόξῃ
2676 745 2741 793 τὰ
2799 738 3018 814 δεύτερα
3080 739 3253 811 ἐκείνῳ
3316 744 3488 813 φέρων,
3550 747 3696 791 τοῦτον
3735 741 3826 811 ἀνεὶς

2346 833 2647 903 μιμεῖσθαι,
2696 833 2763 883 τὰ
2808 838 2906 882 τῶν
2956 831 3216 900 τυράννων
3258 828 3448 900 μᾶλλον
3487 828 3666 895 ἐζήλου,
3698 826 3826 886 ebrii

2347 924 2708 995 καταστροφὴν
2789 922 2927 991 εἰπερ
3002 938 3078 978 τις
3140 917 3374 990 μάλιστα
3418 915 3656 969 ἐθεάσατο.
3721 921 3831 969 Πάντα

2346 1014 2519 1061 τοίνυν
2578 1012 2782 1080 θέμενος
2839 1007 2887 1059 ἐν
2941 1004 3187 1079 δευτέρῳ.
3244 1011 3333 1057 καὶ
3385 1010 3654 1076 συγγένειαν
3689 1012 3832 1079 xuii;-

2347 1118 2471 1158 κους
2545 1100 2833 1169 μετετίθετο
2868 1113 2882 1126 ’
2948 1102 3039 1149 καὶ
3096 1093 3281 1158 δόλους
3340 1092 3401 1152 ἦν
3461 1099 3700 1156 παντοίους
3746 1095 3834 1163 triti}

2351 1195 2642 1257 σκαιωρῶν,
2722 1193 2903 1246 κακοῖς
2996 1183 3205 1254 ἀγαθῶν
3293 1182 3526 1255 ἀφθνίαις
3599 1182 3834 1253 inlusi-@561:

2347 1280 2742 1348 μηχανώμενος.
2797 1279 2897 1328 Καὶ
2964 1283 3146 1347 πρῶτα
3195 1276 3285 1344 μὲν
3357 1277 3444 1329 τὴν
3502 1276 3725 1327 συσκευὴν
3761 1272 3832 1322 {m-

3382 1366 3467 1412 καὶ
3513 1359 3725 1420 πολλάκις
3756 1356 3829 1428 δῶῳ

2349 1451 2664 1523 ἐπιθέμενος,
2722 1456 2842 1510 ἤνυε
2913 1455 3002 1523 μὶν
3064 1447 3216 1502 οὐδέν
3256 1466 3269 1479 ’
3350 1447 3540 1521 ἀμάχῳ
3603 1450 3687 1521 γὰρ

2350 1540 2592 1612 δυνάμει,
2669 1542 2755 1593 οἷα
2808 1537 2875 1597 δὴ
2926 1539 3071 1611 φίλος
3114 1543 3182 1588 ὧν
3233 1545 3370 1607 Θεῷ,
3432 1533 3757 1608 διαπίρρακτο,
3788 1555 3833 1583 ιιι

2348 1367 2609 1436 κρύπτων,
2663 1364 2834 1434 φιλίαν
2882 1381 2933 1415 τε
2975 1364 3274 1435 ὑπεκρίνετο
3308 1379 3321 1390 “

2349 1632 2415 1681 τὰ
2464 1628 2511 1680 ἐν
2557 1638 2719 1700 μυχῷ
2764 1625 2990 1702 καρδίας
3048 1626 3443 1698 ἕσκαιωρημένα
3492 1626 3650 1698 ῥᾷστα
3688 1623 3743 1683 εἰς
3780 1632 3838 1690 si};

2351 1719 2489 1787 ἄγων
2565 1714 2841 1787 διήλεγχε.
2926 1718 3041 1769 Ἐπὶ
3127 1721 3277 1767 τόσον
3343 1713 3514 1784 item.»
3561 1716 3612 1764 τὸ
3659 1716 3764 1783 μίγα
3790 1719 3841 1773 ft:

2354 1804 2612 1867 εὐσεϐείας
2660 1805 2814 1858 ὁπλον
2843 1809 2969 1880 πρὸς
3020 1805 3219 1875 ἄμυναν
3250 1800 3312 1861 ἦν
3370 1803 3584 1875 ἰσχυρόν
3618 1798 3838 1857 διασώζειν.

2355 1899 2456 1947 Καὶ
2514 1896 2540 1945 ό
2766 1893 2898 1945 οὕτω
2972 1900 3086 1963 Θεῷ
3147 1897 3541 1965 κεχαρισμένος,
3595 1891 3676 1949 τὰς
3713 1884 3847 1959 ἕνόδρις

2353 1982 2514 2034 αὐτοῦ
2573 1978 2983 2052 διεδίδρασκεν·
3031 1984 3137 2033 ἐπεὶ
3194 1977 3252 2032 δι
3303 1985 3358 2031 τό
3416 1979 3645 2052 λαθραῖον
3676 1985 3750 2037 τῆς
3783 1975 3847 2025 ἑτιο

2356 2258 2485 2322 φανῆ
2550 2251 2735 2320 μάχην
2787 2248 3040 2308 ὡπλίζετο
3118 2251 3492 2317 Κωνσταντίνῳ
3525 2261 3537 2274 ·
3595 2247 3692 2295 ῖσςν
3737 2239 3774 2294 δ’
3817 2237 3851 2297 ξι

2355 2338 2512 2391 εἰπεῖν
2564 2343 2655 2390 καὶ
2704 2340 2839 2390 κατὰ
2884 2344 3017 2391 Θεοῦ
3070 2345 3169 2389 τῶν
3235 2335 3385 2400 ὅλων,
3434 2336 3487 2386 ὃν
3540 2332 3702 2385 ἐκεῖνον
3747 2329 3852 2381 σέθεο

2355 2428 2637 2486 ἠπίστατο.
2690 2432 2792 2479 Καὶ
2831 2428 3014 2497 ἡσυχῆ
3062 2428 3151 2497 μὶν
3190 2427 3254 2476 τὰ
3304 2432 3491 2497 πρῶτα
3533 2425 3641 2482 τούς
3676 2418 3853 2485 ύπάὗτῴ
3938 2458 3939 2465 η

3416 2510 3656 2563 ἐπέϐαλεν.
3710 2508 3855 2560 Ἔπειτα

2354 2607 2444 2665 τὸς
2505 2609 2688 2678 φρένας
2744 2606 2843 2656 ὑπὸ
2911 2612 3001 2663 τῆς
3057 2605 3285 2675 ἐμφύτου
3359 2605 3546 2672 μανίας
3599 2596 3855 2653 διασειτθεις.

2355 2520 2584 2587 Χριστόν
2660 2524 2914 2586 τιμῶντας
3014 2513 3304 2584 πολιορκεῖν

2357 2689 2655 2767 διαρρήδην
2705 2696 2840 2744 κατά
2886 2699 2977 2752 τῆς
3030 2690 3341 2750 Ἐκκλησίας
3395 2689 3605 2741 ἀνεκίνει
3644 2691 3716 2738 τον
3755 2681 3856 2751 διυγ-

2356 2787 2473 2852 μὸν,
2533 2782 2761 2852 οἰόμενος
2811 2789 2921 2842 ταῖς
2975 2777 3333 2853 δυσπραγίαις
3385 2786 3482 2838 τῆς
3541 2778 3778 2847 θρησκείας
3808 2774 3856 2821 τὸν

2359 2878 2742 2923 Κωνσταντῖνον
2816 2870 2996 2921 λυπεῖν
3028 2885 3041 2898 '
3120 2869 3285 2929 ἄλλως
3339 2887 3397 2919 τε
3441 2872 3530 2918 καὶ
3580 2861 3856 2934 ὑπολαμϐάνει

2355 2963 2546 3020 ταύτας
2598 2961 2724 3031 ὑπὲρ
2775 2962 2966 3011 ἐκείνου
3017 2959 3291 3028 εὔχεσθαι,
3338 2962 3434 3008 καὶ
3491 2949 3766 3014 σπουδάζειν
3802 2948 3850 2998 ὑπ’

2356 3047 2528 3121 ἐκείνῳ
2579 3045 2647 3106 δὴ
2691 3046 3086 3121 βασιλεύεσθαι.
3148 3051 3433 3120 Πρώτιστα
3505 3048 3591 3117 μὲν
3658 3038 3731 3094 οὖν
3765 3038 3842 3109 p39-

2355 3143 2626 3211 κρινήσας,
2685 3140 2857 3190 πάντα
2902 3138 3219 3210 Χριστιανὸν
3276 3142 3373 3195 τῆς
3440 3133 3605 3192 οἰκίας
3648 3129 3838 3192 ἐξήῖωπν

2356 3232 2473 3288 τοὺς
2521 3224 2578 3279 δὲ
2622 3232 2966 3301 στρατιώτας,
3023 3225 3067 3277 εἰ
3104 3229 3175 3296 μὴ
3219 3231 3329 3285 τοῖς
3368 3220 3588 3295 δαίμοσι
3629 3222 3743 3272 θύειν
3763 3217 3849 3268 itm

2355 3336 2433 3382 το,
2488 3320 2547 3369 τό
2600 3318 2695 3378 τῆς
2756 3324 2914 3388 τιμῆς
2979 3317 3349 3386 καταθεμένους
3409 3313 3625 3383 ἀξίωμα,

2354 3407 2536 3459 τεσθαι
2567 3422 2579 3434 ³
2636 3408 2814 3458 ἔπειτα
2867 3410 3050 3476 νόμους
3111 3402 3334 3475 ἀνόμους
3393 3400 3566 3463 ἐτίθει,
3606 3405 3702 3458 τοῖς
3735 3395 3771 3447 ἐν
3806 3411 3856 3463 ενι

2352 3495 2483 3567 λακῇ
2548 3494 2942 3555 κατακλείστοις
3017 3491 3296 3545 ἀποκλείων
3367 3495 3458 3543 τὸν
3512 3490 3650 3554 ἵλεον,
3711 3489 3779 3535 καὶ
3810 3486 3855 3530 τιν

2354 3584 2655 3657 φωραθέντα
2732 3591 2832 3635 τῶν
2916 3584 3043 3634 ἰσων
3120 3589 3224 3641 τοῖς
3309 3582 3618 3651 κακούργοις
3669 3576 3853 3647 μετέχει).

2352 3678 2416 3724 Ti
2474 3669 2533 3724 δὲ
2588 3668 2669 3724 δεῖ
2724 3690 2787 3743 με
2836 3670 3000 3742 λέγειν
3054 3672 3156 3723 ὅσα
3206 3674 3324 3744 περὶ
3385 3670 3568 3741 γάμων
3613 3664 3859 3727 inmutato}?

2356 3780 2462 3826 σεν,
2540 3761 2696 3821 ὅσους
2768 3779 2821 3812 τε
2876 3763 3254 3834 νεωτερισμούς
3318 3765 3434 3819 τοῖς
3496 3752 3857 3821 ἁπαλλαττομέυςες

2354 3858 2445 3902 τοῦ
2520 3848 2642 3922 βίου
2708 3848 3082 3923 ἐνεωτέρισενς
3166 3847 3249 3899 ἐπὶ
3328 3843 3390 3899 δε
3474 3848 3662 3902 τούτοις
3704 3854 3858 3911 χρυσον,

2353 3943 2444 3991 καὶ
2494 3937 2724 4011 ἀργύρου
2789 3937 3105 4010 εἰσπράξεις,
3183 3940 3274 3988 καὶ
3356 3943 3458 4003 γῆς
3535 3932 3858 4004 batur-nivi?

2354 4032 2444 4080 καὶ
2500 4027 2657 4089 ἄλλας
2708 4026 2935 4088 ἐπινοίας
2988 4044 3038 4077 τε
3103 4030 3193 4077 καὶ
3260 4022 3548 4095 ἀπαγωγὰς
3594 4030 3683 4073 τῶν
3725 4012 3765 4068 εὖ
3804 4017 3859 4065 τέί

2354 4112 2607 4188 πατρίδος
2659 4118 2909 4187 ἑχόντων,
2968 4121 3058 4167 καὶ
3135 4114 3293 4185 λόγου
3354 4112 3676 4183 ἠξιωμένων;
3721 4104 3859 4188 ita”;

2357 4186 2571 4277 ἀλόγους
2624 4186 2961 4274 διαζευγνύς,
3012 4202 3327 4264 ἀκολάστοις
3377 4206 3504 4274 πρὸς
3554 4198 3686 4270 ὕϐριν
3725 4186 3859 4280 ἐδέδεν-

2355 4299 2418 4347 Τί
2471 4292 2529 4347 δι
2577 4298 2685 4366 χρὴ
2736 4293 2899 4363 λέγειν
2957 4294 3109 4353 ὅσαις
3175 4291 3329 4351 αύτὸς
3381 4289 3586 4350 ἐκεῖνος,
3636 4289 3782 4351 καίπερ
3822 4292 3859 4330 v4

2358 4386 2585 4455 ἔσχατον
2633 4387 2810 4454 γήρως
2868 4381 3027 4445 ἢχων,
3077 4383 3349 4452 παρθένοις
3401 4399 3454 4432 τε
3504 4383 3590 4429 καὶ
3636 4377 3720 4427 ὑπὸ
3759 4370 3857 4433 ζυγπ

592 4470 821 4541 argenti
848 4470 966 4524 vim
999 4488 1035 4525 a
1054 4470 1280 4524 civibus
1301 4470 1559 4539 exegerit
1586 4470 1615 4525 ‘I
1642 4474 1704 4524 ut
1740 4485 1930 4525 novas
1963 4486 2246 4540 agrorum

2359 4476 2541 4533 οὔσαις
2591 4473 2922 4528 καθεκάστην
2991 4469 3336 4542 ἐμπαροινῶν,
3407 4473 3578 4540 κόρον,
3627 4471 3706 4521 τῆς
3742 4457 3858 4507 im"

593 4560 927 4615 mentiones
943 4559 1277 4622 instituerit,
1301 4558 1569 4629 aliasque
1590 4558 1668 4612 ad
1687 4558 2059 4614 inventiones
2077 4576 2249 4615 exco-

593 4649 787 4720 gitarit
809 4646 838 4702 ?
867 4647 1259 4703 etdelationes
1272 4647 1482 4702 illustri
1504 4646 1633 4701 loco
1648 4652 1926 4703 natorum
1957 4656 2250 4719 etmagna

668 4773 745 4841 (l)
774 4774 903 4827 Haec
933 4776 1107 4826 antea
1134 4770 1446 4825 Perinthus
1473 4770 1650 4825 dicta.

670 4844 748 4969 S2)
803 4842 1111 4899 Confessio
1158 4842 1433 4897 Auxentii
1490 4858 1561 4896 ex
1617 4841 1821 4897 Suida.
1882 4845 2011 4898 Erat
2052 4843 2151 4900 hic
2190 4844 2250 4900 in

670 4938 677 4969 ι
705 4915 823 4969 alio
856 4915 1052 4969 Licinii
1084 4914 1237 4969 inter
1279 4912 1649 4969 subscribas.
1685 4929 1840 4969 auos
1867 4915 2049 4969 Latini
2084 4920 2250 4969 nota-

595 4912 823 4989 palatio
856 4914 1237 4989 Liciniiinter
1258 4912 1649 4989 subscribas,
1685 4929 1840 4989 quos
1867 4915 2049 4969 Latini
2084 4920 2253 4971 nota-

596 4984 715 5043 rios
744 4992 978 5052 vocant,
1013 4985 1224 5039 illustri
1256 4984 1409 5040 loco.
1444 4986 1503 5057 ln
1537 4984 1830 5055 imperiali
1872 4992 2072 5057 autem
2101 5003 2253 5057 qua-

597 5062 740 5113 dam
772 5058 956 5111 domo
988 5057 1121 5112 fons
1166 5072 1337 5127 aqua:
1373 5056 1480 5111 fuit
1510 5062 1567 5110 et
1598 5071 1779 5127 super
1827 5072 1899 5111 eo
1924 5056 2084 5112 fonte
2120 5056 2253 5113 Bac-

597 5129 692 5184 chi
745 5128 1179 5183 simulacrum:
1236 5137 1360 5181 tum
1417 5127 1797 5199 antem‘vitis
1839 5127 2063 5197 ampla,
2117 5146 2254 5199 quas

595 5200 795 5256 locum
829 5216 969 5253 eum
1001 5214 1243 5253 omnem
1270 5205 1494 5267 tegens,
1521 5196 1708 5253 multa
1737 5214 1875 5253 cum
1908 5196 2255 5255 amoenitate

600 5270 1027 5327 obumbrabat.
1051 5272 1091 5325 ll
1104 5285 1173 5325 uc
1187 5285 1324 5324 cum
1356 5270 1608 5324 Licinius
1628 5268 1805 5324 veluti
1830 5269 2251 5335 deambulans,

597 5345 892 5398 Auxentio
915 5348 972 5397 et
999 5341 1201 5396 multis
1232 5346 1515 5410 praeterea
1542 5340 1672 5412 aliis
1692 5355 1832 5395 eum
1859 5340 2037 5396 ofﬁcii
2065 5343 2257 5412 gratia

599 5413 1046 5477 comitantibus,
1110 5412 1386 5478 venisset,
1435 5416 1494 5467 et
1554 5411 1795 5467 botrum
1846 5411 2148 5482 ingentem
2201 5419 2257 5469 et

601 5489 908 5555 maturum
979 5499 1010 5538 e
1083 5483 1331 5555 palmite
1396 5482 1757 5555 pendentem
1823 5490 2255 5555 conspexisset,

602 5552 897 5615 Auxentio
938 5559 1001 5612 ut
1027 5552 1167 5611 eum
1198 5554 1543 5625 decerperet
1570 5553 1899 5611 mandavit.
1929 5552 2258 5613 Auxentius

2363 4581 2489 4614 στου
2535 4560 2766 4633 πράξεως
2806 4560 2864 4611 ού
2914 4558 3190 4611 κατέλαϐεν
3219 4576 3233 4625 ;
3267 4558 3426 4612 Ἀλλὰ
3479 4559 3543 4609 τά
3586 4574 3641 4625 γε
3685 4549 3774 4612 ἱεῖς
3803 4549 3856 4596 τξῧ

2359 4650 2593 4726 πράξεως
2638 4650 2836 4722 σμικρά
2882 4667 2936 4700 τε
2987 4654 3076 4700 καὶ
3132 4650 3201 4710 ὡς
3254 4644 3405 4699 οὐδὲν
3464 4644 3653 4715 ili-mu
3699 4641 3751 4690 τά
3784 4648 3856 4700 52°"

2362 4773 2503 4828 nihil
2567 4788 2815 4844 prorsus
2848 4772 3097 4827 subesse
3128 4771 3249 4827 doli
3296 4770 3651 4845 suspicatus,
3669 4765 3857 4845 ,Ρξιὲπξίξθ

2360 4861 2539 4916 quem
2559 4829 2631 4899 ex
2662 4846 2882 4916 femore
2914 4859 3275 4916 suspensum
3301 4829 3568 4916 gestabat
3593 4829 3859 4916 stricto,

2363 4900 2515 4971 trum
2542 4917 2810 4970 resecuit.
2834 4915 2980 4969 Tum
3005 4900 3261 4968 Licinius
3282 4900 3361 4967 ὧι
3375 4909 3619 4976 eum,.-\d
3637 4900 3860 4979 ρεςεξεωῦ

2362 4988 2516 5058 nysii
2544 5004 2688 5042 uvas
2709 4987 2964 5056 depone,
2989 4987 3151 5040 dixit.
3180 4986 3509 5058 Auxentius
3532 4976 3858 5058 vero:llin_ll}1_f

2364 5050 2649 5125 géutinm.
2690 5050 2902 5127 inquit,
2958 5058 3330 5127 imperator;
3381 5050 3856 5127 Chrisﬁanushenﬁn

2365 5121 2519 5193 sum,
2553 5121 2805 5183 Licinius
2837 5121 3071 5181 rursum
3109 5143 3121 5181 :
3168 5126 3370 5197 Itaque
3396 5141 3469 5199 ex
3498 5122 3644 5185 aula,
3664 5121 3752 5199 ﬁ":
3772 5121 3856 5199 ῩῨῨ

2364 5181 2793 5262 εέέιίἱιιᾏῡιδίε,
2819 5199 3107 5267 dignitate
3130 5181 3347 5265 pasiia.
3380 5181 3742 5267 Alterum'_tibi
3761 5181 3853 5267 dm:

2364 5288 2498 5325 rum
2559 5259 2803 5324 istorum
2848 5259 3179 5324 nccessarin
3233 5267 3590 5323 faciendum.
3637 5259 3853 5316 Entthro

2366 5341 2712 5405 Auxentius,
2749 5340 2909 5395 nulla
2932 5341 3275 5410 interposita
3301 5354 3491 5403 mora,
3519 5330 3852 5410 cingulumyff

2363 5393 3117 5485 aaisfiissiugiseiaiia
3139 5393 3358 5482 possit:
3385 5393 3445 5465 et
3464 5393 3849 5485 sutze'discegggi

2367 5463 3454 5554 iussisti—siis;amisisses
3491 5463 3728 5552 episcopi
3754 5463 3848 5525 Mor

2370 5555 2607 5612 suestim
2636 5556 2960 5611 antistitem
2996 5553 3286 5623 legerunt.

2318 2070 2545 2134 ’ϐουλῆς
2601 2070 2794 2128 ἣκιστα
2848 2077 2955 2132 τοῖς
3009 2072 3146 2121 κατὰ
3196 2074 3410 2140 γνώμην
3467 2072 3715 2139 συνέτρεχε
3748 2065 3851 2115 κατάο
3936 2126 3937 2129 η

2354 2180 2502 2234 φωρα
2560 2168 2696 2212 Θεοῦ
2751 2167 3015 2219 ποιούντος
3062 2162 3129 2210 τὰ
3179 2158 3519 2229 μελετώμενα,
3568 2156 3627 2215 εἰς
3671 2160 3744 2210 τὴν
3774 2172 3851 2222 τρο-
3936 2182 3937 2187 η
