4028 6294
167 336 302 394 1313
1215 330 1758 394 ECCLESIASTICA

1941 327 2186 393 TORL/E
2223 338 2359 395 LIB.
2400 335 2520 396 VII.
3397 338 3532 399 1314

166 482 309 533 τερα.
389 461 555 523 Τέλος,
639 469 701 535 τῇ
798 469 891 523 τῆς
944 467 1128 534 μανίας
1187 460 1442 535 ὑπερϐολῇ
1512 462 1757 526 ἀπειπὼν¹

1945 464 2071 519 oria
2098 464 2365 520 virorum
2395 463 2729 536 receperit?
2759 480 3017 538 quorum
3049 481 3265 522 uxores
3292 482 3401 539 per
3435 485 3533 524 re-

166 559 276 611 τοῖς
354 553 655 611 ἐπισκόποις
741 549 1078 615 ἐπέσκηπτεν,
1185 554 1254 612 ὡς
1316 552 1376 602 ἄν
1442 570 1500 622 γε
1562 553 1757 612 τούτοις

1937 552 2137 608 udium
2168 552 2246 608 ab
2270 554 2355 608 eis
2388 558 2712 624 separatas,
2753 555 3178 625 impotentibus
3208 562 3387 628 atque
3417 557 3528 612 im-

168 648 301 693 Θεοῡ
338 641 655 713 θεράποντας
700 638 828 692 εἶναι
870 637 1026 702 εἰδώς
1059 657 1072 669 ·
1124 639 1295 712 λάθρα
1343 637 1401 692 δὲ
1446 645 1535 692 καὶ
1590 637 1759 701 δολίως

1937 640 2116 696 adicis
2163 643 2237 697 ad
2276 641 2602 699 ludibrium
2645 643 2827 699 dedit.
2876 643 3032 709 Quid
3080 645 3259 699 etiam
3308 645 3528 714 dicam,

164 732 286 790 τοὺς
325 726 723 800 δοκιμωτάτους
769 732 963 781 τούτων
1009 727 1203 801 ἀνῄρει.
1254 733 1352 781 Καὶ
1401 731 1426 781 6
1473 735 1658 802 τρόπος
1711 727 1755 782 δί

1941 730 2101 784 libus
2132 729 2384 801 ipsemet
2415 731 2474 785 in
2507 739 2768 787 extrema
2799 733 2979 788 etiam
3013 739 3250 788 senecta
3280 734 3373 789 vel
3416 736 3532 789 vir-

163 825 259 869 τοῦ
309 822 463 888 φόνου
510 817 643 879 ξένος
707 837 787 879 τις
835 814 897 874 ἧν
948 823 1037 869 καὶ
1096 817 1283 879 ἀήθης.
1336 820 1416 869 Τά
1471 825 1596 888 γοῦν
1651 823 1754 890 περ]

1944 818 2124 872 nibus
2174 818 2264 874 vel
2311 820 2673 890 conjugibus
2723 820 2992 893 quotidie
3042 820 3530 879 libidinosissime

162 909 251 957 τὸν
307 912 498 958 Πόντον
554 906 718 958 αὐτοῦ
787 911 876 958 καὶ
934 913 1049 967 ταῖς
1111 906 1262 979 πέριξ
1324 915 1419 968 τῆς
1483 905 1753 977 Ἀμασείαι

1946 908 2156 970 udens,
2189 909 2479 963 exsatiare
2508 915 2707 964 tamen
2740 909 3130 981 impotentem
3163 926 3336 966 suam
3369 917 3531 982 petu-

159 994 375 1046 πόλεσιν
429 994 569 1064 αὐτῷ
636 1000 972 1067 πεπραγμένα
1050 1002 1209 1047 πασῖν
1284 996 1552 1067 ὠμότητος
1612 997 1750 1068 ὑπερ-

1944 995 2129 1051 ntiam
2174 1011 2295 1051 non
2345 995 2658 1068 potuerit?
2687 997 2802 1053 Sed
2835 998 2993 1052 enim
3035 1013 3171 1069 quae
3201 1006 3533 1071 sequuntur

160 1081 319 1141 ϐολήν
379 1084 589 1138 τίθησιν
641 1085 691 1134 ἓν
746 1079 992 1156 δευτερῳ.
1039 1083 1347 1141 Ἐκκλησίαι
1408 1087 1498 1155 μὲν
1535 1086 1637 1156 γὰρ
1691 1086 1751 1136 ἐκ

1939 1084 2104 1153 igitia
2128 1084 2278 1154 eius,
2304 1100 2490 1155 parva
2511 1085 2641 1141 haec
2665 1092 2721 1141 et
2745 1085 2914 1141 nihili
2936 1102 3072 1158 quas
3097 1086 3363 1142 diximus
3398 1104 3530 1144 esse

158 1173 322 1247 ῥιζῶν
376 1176 680 1225 ἀπεσπῶντο
722 1178 808 1225 καὶ
859 1179 1234 1244 κατηφείποντο
1263 1190 1275 1203 ·
1333 1173 1483 1225 ἄλλαι
1537 1171 1596 1226 δε
1644 1193 1749 1225 παν·

1938 1178 2236 1242 ιατειιιιῑιι.
2287 1174 2590 1230 Postremo
2648 1191 2914 1247 namque
2959 1175 3144 1230 furori
3196 1192 3306 1231 suo
3352 1177 3529 1248 longe

161 1264 391 1313 τάπασιν
449 1261 795 1319 ἀπεκλείοντο.
841 1264 907 1314 Οἱ
967 1258 1025 1315 δὲ
1081 1264 1231 1334 ἱερεῖς
1283 1260 1633 1335 ἀφροντίστως
1685 1263 1752 1314 οἷο

1938 1260 2146 1316 ,aximo
2176 1262 2349 1333 quasi
2382 1262 2570 1317 victus
2600 1263 2841 1327 cedens,
2875 1264 2993 1318 vim
3023 1279 3268 1319 omnem
3298 1265 3358 1319 in
3402 1265 3529 1337 epi-

158 1368 297 1411 τινες
346 1358 648 1423 κακοῦργοι,
700 1355 789 1402 καὶ
834 1355 1051 1423 χείρονα
1101 1353 1131 1408 ἣ
1190 1347 1497 1423 ἀνδροφόνοι
1553 1355 1749 1424 μυρίαι‹

1932 1364 2100 1420 :opos
2125 1353 2434 1415 convertit,
2466 1366 2621 1422 quos
2653 1352 2832 1407 minis
2860 1368 2963 1407 ros
2993 1352 3093 1407 Dei
3123 1368 3251 1407 esse
3279 1353 3523 1409 sciebat.

158 1443 408 1512 πρότερον
490 1438 683 1499 αἰκίαις
739 1437 1003 1511 ἀγόμενοι,
1085 1439 1224 1501 τελος
1290 1439 1423 1510 ξίφει
1486 1443 1617 1510 πρὸς
1689 1438 1749 1490 λεί

1938 1452 2099 1492 arum
2124 1438 2614 1508 praeclarissimas
2637 1455 2909 1512 quosque
2931 1440 3087 1495 clam
3119 1439 3529 1499 fraudulenter

159 1531 293 1578 πτόν
366 1532 683 1599 τεμνόμενοι,
771 1535 880 1589 τοῖς
956 1528 1243 1588 Θαλαττίοις
1303 1526 1496 1580 ὕδασιν
1560 1526 1750 1601 ἀπερρί⁴

1938 1527 2166 1593 Iecuvit,
2194 1528 2496 1599 caedisque
2522 1544 2715 1584 novus
2737 1528 2911 1600 plane
2936 1534 2995 1584 et
3019 1529 3293 1585 insolitus
3312 1532 3529 1586 modus

158 1635 370 1685 πτοντο,
418 1618 614 1687 ἰχθύσι
656 1616 924 1687 πελαγίοις
974 1615 1126 1690 βορά.
1152 1624 1263 1668 Τῶν
1314 1614 1373 1669 δὲ
1402 1617 1563 1678 ἄλλως
1601 1618 1749 1668 θεοσε·

1934 1616 2003 1670 iit.
2040 1616 2122 1670 Ac
2150 1631 2287 1687 quae
2317 1616 2379 1671 in
2410 1619 2595 1672 Ponto
2634 1623 2692 1672 et
2717 1618 2779 1671 in
2811 1617 3062 1674 urbibus
3091 1619 3316 1674 circum
3350 1625 3525 1676 Ama-

159 1703 267 1755 ϐῶν
338 1706 433 1765 τάς
510 1708 715 1777 σφαγὰς
795 1713 907 1766 πῶς
980 1704 1040 1757 ἃν
1124 1725 1205 1767 τις
1289 1705 1750 1778 ἀπαριθμήσαιτος

1938 1720 2048 1760 tam
2078 1705 2129 1759 is
2155 1706 2403 1775 peregit,
2437 1706 2724 1762 saevitiam
2758 1712 2939 1778 atque
2964 1707 3373 1763 crudelitatem
3403 1725 3529 1764 om-

158 1794 412 1866 Ἐρημίαι
461 1796 563 1867 γὰρ
618 1798 709 1846 καὶ
773 1797 865 1866 ὄρη
930 1794 997 1854 εἰς
1055 1793 1228 1855 πόλεις
1292 1794 1749 1865 μετεσκευάζοντο.

1935 1810 2016 1848 3m
2057 1793 2234 1863 longe
2282 1801 2591 1865 superant.
2626 1795 2898 1850 Ecclesiae
2928 1811 3193 1867 namque
3236 1798 3451 1868 partim
3492 1813 3526 1854 a

158 1884 318 1933 Οὕτω
358 1878 409 1934 δ’
469 1882 600 1953 ἰχων
692 1888 925 1954 γνώμης,
1001 1882 1146 1954 ἑπηει
1198 1881 1393 1943 ληίζων
1455 1885 1625 1934 πάντα
1676 1901 1749 1932 και

1936 1881 2182 1937 .dicibus
2237 1881 2386 1953 ipsis
2431 1882 2648 1938 evulsas
2693 1888 2752 1938 et
2798 1883 2924 1939 solo
2979 1889 3252 1955 aequatae,
3311 1886 3527 1956 partim

158 1968 426 2041 ἀφανίζων
459 1989 472 2002 ·
525 1973 780 2028 όποηνίκα
832 1976 921 2023 καὶ
1005 1973 1030 2022 6
1089 1971 1455 2044 στρατηλάτης
1521 1966 1749 2043 Θεόδωρε

1937 1986 2094 2026 ausis
2140 1986 2424 2042 prorsum
2470 1976 2626 2027 sunt.
2672 1971 3020 2029 Sacerdotes
3059 1979 3262 2029 autem
3305 1990 3528 2045 magno

158 2057 323 2120 πολὺς
379 2078 456 2119 τις
530 2063 596 2110 ὧν
651 2058 728 2111 ἐπ’
782 2055 994 2131 ἀνδρίᾳ,
1054 2062 1189 2110 κατά
1234 2064 1326 2117 τὴν
1385 2068 1476 2112 τοῦ
1568 2063 1749 2112 Πόντον.

1932 2076 2013 2114 ιω
2045 2064 2414 2131 contemptu,
2446 2060 2692 2132 perinde
2737 2066 2916 2132 atque
2956 2061 3209 2117 maleﬁci
3248 2062 3521 2133 quidam,

158 2144 446 2221 διατρίϐων
522 2148 845 2221 Ἡράκλειαν,
928 2155 1019 2200 τοῦ
1099 2144 1491 2220 Μαρυανδηνῶν
1591 2150 1749 2200 ἔθνους

1932 2149 2147 2204 raviora
2176 2148 2358 2203 etiam
2392 2164 2574 2220 quam
2604 2149 2946 2218 homicidae,
2982 2155 3224 2221 propter
3247 2151 3523 2208 innume-

156 2239 361 2307 ἠγεῖτο.
393 2236 743 2297 Μετασταλεὶς
799 2235 850 2289 δ’
902 2236 985 2289 ἐπὶ
1032 2242 1103 2308 μὴ
1148 2238 1262 2300 ἧκε,
1299 2242 1531 2290 ⁸λικίνιον
1570 2235 1747 2293 εἰσεδὲ

1930 2253 1972 2291 ιε
2013 2236 2099 2290 eis
2143 2235 2335 2292 illatas
2383 2238 2680 2293 cruciatus
2727 2239 2907 2310 passi,
2958 2239 3202 2294 tandem
3254 2238 3410 2296 ferro
3462 2240 3521 2296 in

153 2342 328 2396 χετο·
384 2321 443 2377 οὗ
495 2329 614 2386 τοὺς
677 2328 818 2386 θεοὺς
878 2325 950 2387 εἰς
1005 2326 1165 2378 λεπτά
1234 2323 1520 2396 διακόψας,
1582 2323 1744 2378 ἐδίδοι

1939 2325 2133 2379 inulas
2170 2331 2370 2396 partes
2398 2324 2657 2394 dissecti,
2688 2324 2747 2380 in
2782 2341 2944 2382 mare
2986 2331 3050 2381 ut
3085 2327 3353 2398 piscibus
3391 2344 3523 2384 esca

152 2418 407 2472 πένησιν·
482 2415 537 2467 ὃν
603 2419 788 2486 καίπερ
844 2413 1064 2466 πλεῖστα
1140 2414 1314 2487 φιλῶν,
1391 2415 1599 2475 πολλαῖς
1666 2413 1741 2487 βα

1933 2420 2095 2477 arent,
2126 2412 2373 2485 projecti
2399 2419 2556 2469 sunt.
2590 2416 2738 2470 Nam
2769 2414 3023 2470 aliorum
3054 2416 3290 2486 piorum
3328 2417 3524 2473 caades

155 2504 340 2566 σάνοις
400 2504 569 2573 ὑπῆγε
600 2522 613 2533 ·
669 2503 936 2577 προσήλου
986 2521 1040 2555 τε
1094 2512 1324 2577 σταυρῷ,
1366 2509 1455 2555 καὶ
1498 2506 1632 2556 κατά
1669 2510 1746 2555 τοί

1932 2501 2007 2556 lis
2042 2516 2394 2557 enumerare
2422 2507 2605 2574 queat
2636 2501 2665 2557 ?
2698 2502 3055 2559 Solitudines
3083 2503 3262 2559 etiam
3300 2509 3426 2561 tum
3469 2510 3523 2562 et

154 2596 386 2665 κρυφίου
465 2597 628 2666 πόρου
704 2593 928 2652 σούϐλας
989 2592 1213 2658 semen,
1281 2598 1370 2644 καὶ
1422 2592 1563 2655 τέλος
1628 2592 1745 2662 ξίφεη

1923 2595 2101 2646 ιοιιιθε
2126 2590 2331 2645 inculti
2354 2607 2462 2662 pro
2484 2590 2735 2647 urbibus
2760 2590 3312 2664 frequentabantur.
3346 2593 3396 2666 5
3411 2595 3453 2663 1
3472 2596 3514 2663 ι

150 2685 254 2738 τὴν
310 2680 531 2752 κεφαλὴν
608 2679 854 2755 ἀφῃρεῖτο
887 2698 900 2710 ⁸
946 2681 1007 2732 οὗ
1061 2680 1128 2740 εἰς
1175 2679 1417 2751 Εὐχάίτα
1469 2686 1561 2739 τὴν
1618 2677 1741 2733 ἰδίατ

1929 2686 2056 2750 tque
2093 2678 2173 2734 ad
2200 2694 2340 2735 eum
2370 2679 2622 2735 modum
2652 2696 2790 2735 cum
2822 2680 3122 2736 animatus
3151 2688 3324 2747 esset,
3370 2699 3520 2755 quo-

150 2765 395 2841 πατρίδα
443 2772 502 2820 τό
552 2778 703 2841 σῶμα
767 2771 980 2842 ὕστερον
1036 2769 1436 2842 μεγαλοπρεπῶς
1490 2772 1731 2828 κατετέθη

1930 2782 2105 2839 inque
2148 2783 2212 2822 se
2250 2768 2564 2831 conferret,
2610 2767 2929 2839 diripiebat
2974 2769 3183 2825 omnia
3230 2776 3287 2826 et
3329 2778 3521 2827 vasta-

156 2856 290 2928 ἀξίῴ
342 2860 557 2929 τιμηθέν
604 2863 690 2909 καὶ
731 2862 843 2928 νεῲ.
908 2856 1085 2917 Ἀλλος
1133 2857 1275 2918 οὗτος
1331 2860 1475 2931 παρὰ
1520 2862 1608 2910 τόν
1661 2863 1747 2916 τή-

1932 2861 1990 2913 ιῑ.
2023 2857 2150 2921 Quo
2193 2861 2459 2928 tempore
2488 2858 2668 2914 etiam
2698 2859 2989 2913 exercitus
3019 2859 3142 2914 dux
3177 2858 3523 2915 Theodorus

153 2967 295 3022 ρωνα
324 2952 527 3021 Βρίγγᾳ
567 2955 639 3017 τῷ
672 2948 884 3018 ἡγεμόνι
914 2946 1244 3018 Μαξιμιανοῦ
1296 2951 1389 3004 τὴν
1445 2943 1539 2999 διὰ
1594 2952 1744 3020 πυρόε

1932 2950 2155 3016 artyrio
2197 2951 2285 3001 est
2334 2945 2669 3012 defunctus,
2719 2951 2986 3018 spectata
3024 2946 3369 3004 fortitudine
3410 2949 3520 3017 vir,

151 3037 516 3110 ὁλοκάρπωσιν
572 3031 820 3102 ἀνδρείως
878 3031 1205 3107 διενεγκόντα
1260 3034 1307 3086 ἐν
1366 3035 1634 3107 Ἀμασίων
1691 3044 1742 3109 τῇ

1931 3034 1970 3088 ii
2010 3033 2300 3089 Heracleae
2337 3033 2397 3090 in
2428 3037 2612 3090 Ponto
2650 3034 2953 3100 habitans,
2994 3036 3522 3108 Mariandynorum

148 3125 340 3178 πόλει·
398 3127 570 3199 ὥσπερ
629 3120 769 3182 δῆτα
818 3129 907 3177 καὶ
954 3127 980 3176 6
1037 3123 1086 3176 ἐν
1164 3132 1333 3197 Πέργῃ
1392 3133 1481 3185 τῆς
1543 3132 1739 3197 Παμφυ

1932 3121 2028 3176 :nti
2058 3126 2310 3193 prmerat
2340 3138 2352 3176 :
2387 3128 2442 3178 et
2470 3122 2635 3194 quod
2663 3129 2947 3179 evocatus
2977 3123 3056 3179 ad
3085 3124 3370 3180 Licinium
3402 3140 3523 3180 non

147 3216 267 3275 λιας
322 3217 487 3286 ἔτερος
555 3221 822 3287 σταυρικῷ
888 3222 958 3284 τῷ
1036 3214 1165 3266 τέλει
1221 3215 1554 3286 χρησάμενος
1588 3232 1600 3244 ⁸
1662 3213 1738 3266 sae.

1931 3210 2152 3278 inisset,
2201 3211 2501 3283 hospitem
2548 3212 2750 3284 ipsum
2796 3212 3026 3277 habuit,
3077 3213 3329 3285 ejusque
3377 3214 3522 3269 deos

148 3307 208 3356 ἔν
264 3311 433 3375 σῶμα
471 3307 559 3354 καὶ
637 3304 823 3363 πάντες
890 3304 938 3354 ἓν
990 3311 1191 3374 πνεῦμα
1262 3304 1312 3355 ἓν
1360 3310 1577 3376 Χριστῷ
1642 3300 1739 3356 δια

1929 3300 2272 3356 »ωωὶηιιιοε
2354 3300 2666 3370 egentibus
2739 3301 2920 3356 dedit.
3021 3304 3186 3358 Hunc
3262 3302 3520 3359 Licinius

145 3397 432 3465 γεγόνασιν
484 3393 711 3462 ἔχοντες.
764 3391 881 3444 Ἐπὶ
918 3388 978 3444 δὲ
1024 3395 1212 3444 τούτου
1254 3397 1344 3444 καὶ
1400 3393 1667 3458 Βασιλεὺς,
1732 3418 1736 3441 4

1931 3389 2103 3445 iamsi
2156 3390 2391 3459 egregie
2434 3390 2684 3447 charum
2733 3390 3028 3455 habuerit,
3082 3391 3283 3446 multis
3321 3398 3522 3447 tamen

146 3489 251 3543 τῆς
300 3481 569 3552 Ἀμασίων
620 3479 900 3542 ἐπίσκοπος
956 3482 1064 3552 μετ’
1121 3480 1411 3553 ἀφορήτους
1455 3481 1623 3543 ὀίκίας
1673 3486 1737 3534 τό

1934 3477 2063 3533 l‘ecit
2092 3478 2473 3533 cruciatibus.
2506 3479 2657 3535 Nam
2696 3484 2753 3535 et
2778 3480 2839 3534 in
2866 3495 3102 3535 crucem
3134 3495 3273 3536 eum
3304 3481 3441 3550 egit,
3471 3486 3525 3536 et

153 3567 255 3621 διὰ
306 3569 483 3640 ξιφους
525 3570 781 3640 ὑφίστατο
835 3571 1072 3623 θάνατον.
1124 3569 1403 3622 Σεϐάστεια
1442 3567 1501 3622 δε
1541 3572 1570 3628 η
1614 3569 1744 3621 πολιι

1935 3566 2119 3622 ιὺυιιιε
2158 3567 2218 3621 in
2264 3571 2499 3623 meatus
2545 3569 2890 3623 secretiores
2933 3569 3198 3640 corporis
3234 3569 3364 3638 ejus
3413 3570 3526 3624 im-

150 3660 294 3709 κατὰ
346 3662 440 3715 τὴν
504 3657 662 3717 αὐτῆς
700 3657 882 3729 λίμνην
919 3662 1036 3718 τοὺς
1083 3659 1138 3729 μ’
1199 3660 1471 3730 θεοφόρους
1510 3658 1741 3711 ἑθεάσατι

1934 3655 2048 3723 isit,
2075 3659 2497 3726 postremoque
2524 3656 2717 3726 capite
2744 3655 3062 3711 truncavit.
3100 3656 3278 3726 Cujus
3306 3672 3524 3728 corpus

152 3742 353 3818 ἄνδρας
437 3742 529 3798 διὰ
610 3748 797 3818 κρύους
879 3743 1192 3821 παραδόξως
1288 3748 1743 3820 ὁλοκαρπουμίνουι

1934 3748 2080 3799 istea
2116 3743 2178 3798 in
2222 3744 2478 3814 patriam
2526 3744 2656 3813 ejus
2691 3743 3035 3799 Euchaitem
3073 3744 3389 3814 magniﬁce
3429 3746 3525 3801 de-

151 3842 292 3907 Θεῷ,
352 3840 553 3888 Λυσίου
595 3840 686 3887 καὶ
724 3836 1070 3908 Ἀγρικολάου
1123 3844 1223 3888 τῶν
1280 3839 1473 3889 ἐκείνου
1526 3834 1742 3890 ὑᾶιάσπι¹

1931 3837 2196 3897 )rtatum,
2229 3836 2289 3887 et
2314 3831 2399 3887 ibi
2426 3830 2645 3901 insigni
2672 3832 2896 3904 templo
2924 3832 3384 3890 cohonestatum
3412 3839 3522 3891 est.

155 3932 295 3975 στῶν
337 3926 412 3975 ἔτι
457 3928 754 3997 περιόντων,
814 3929 902 3977 καὶ
948 3932 1063 3986 ταῖς
1139 3927 1275 3977 κατὰ
1331 3934 1432 3977 τῶν
1484 3929 1746 4001 μαρτύρωτ

1932 3923 2033 3977 ius
2072 3921 2169 3976 hic
2208 3926 2296 3976 est
2321 3936 2357 3976 a
2383 3924 2592 3993 tyrone
2618 3919 2733 3986 illo,
2766 3922 2870 3993 qui
2900 3922 2961 3977 in
2994 3926 3253 3977 Amasea
3287 3922 3523 3979 civitate

147 4016 469 4084 καινοτέραις
570 4015 794 4072 ἐπινοίας
894 4012 1381 4086 ἐλλαμπρυνομένων
1412 4030 1426 4045 ’
1529 4015 1596 4066 ὧν
1671 4019 1736 4067 τὰ

1932 4010 1983 4065 ὠ
2029 4009 2240 4078 Brings
2279 4007 2616 4064 Maximiani
2660 4009 2940 4079 praefecto
2980 4009 3403 4065 holocaustum
3442 4011 3523 4067 ia-

152 4102 420 4173 συζύγους
461 4100 513 4173 μ’
566 4106 656 4154 καὶ
699 4102 860 4162 αὐτὰς
919 4105 1100 4167 οὔσας,
1139 4103 1289 4173 λόγος
1346 4105 1460 4174 ἔχει
1507 4102 1555 4155 ἓν
1605 4102 1743 4178 ’Πραι

1930 4115 2019 4165 us,
2048 4096 2409 4169 supplicium
2433 4097 2588 4168 ignis
2607 4096 2830 4153 fortiter
2845 4097 3102 4169 pertulit.
3129 4099 3307 4154 Sicuti
3330 4106 3387 4155 et
3404 4099 3519 4166 ille,

152 4191 301 4261 κλείᾳ
372 4199 466 4252 τῆς
541 4191 753 4261 Θρᾴκης
825 4189 1162 4261 ἀπαχθείσας
1237 4193 1331 4243 σύν
1406 4192 1580 4264 Ἀμων
1656 4211 1743 4243 τινκ

1931 4189 1974 4243 1i
2022 4188 2217 4258 Pergin
2258 4186 2321 4241 in
2368 4185 2730 4258 Pamphylia
2771 4187 3115 4255 cruxiﬁxus,
3149 4188 3334 4243 vitam
3365 4188 3522 4244 hanc

151 4277 402 4351 διακόνῳ,
481 4276 577 4331 διὰ
648 4278 827 4351 ξίφους
901 4279 1301 4351 καλλιερηθῆναι
1376 4289 1492 4343 ταῖς
1577 4280 1742 4334 καλαῖς

1930 4278 2037 4334 ιὶἱι.
2079 4277 2366 4344 Quamvis
2405 4292 2618 4332 omnes
2645 4277 2683 4332 ii
2714 4292 2933 4349 corpus
2967 4293 3153 4332 unum
3196 4285 3253 4333 et
3283 4277 3521 4350 spiritus

149 4368 475 4440 ὁμολογίαις,
554 4368 824 4440 αἰκισμού,
904 4364 1017 4420 οὐδ’
1093 4370 1250 4430 ὅσους
1322 4371 1384 4421 ἄν
1464 4390 1537 4433 τις
1599 4370 1740 4423 είπεῖε

1929 4384 2028 4423 ius
2088 4367 2149 4422 in
2215 4366 2444 4423 Christo
2491 4365 2731 4422 fuerint.
2800 4366 2941 4421 Post
3012 4366 3388 4423 Theodorum
3463 4372 3520 4423 et

152 4460 295 4529 ἔχοι,
324 4459 634 4518 ὑποστάσας
670 4461 940 4528 γενναίως.

1929 4456 2161 4522 asileus,
2188 4455 2523 4510 Amasenus
2548 4454 3036 4524 episcopus,cum
3058 4456 3223 4526 prius
3247 4454 3520 4511 intolera-

144 4546 295 4603 bilia
337 4550 633 4601 tormenta
675 4552 827 4601 esset
871 4560 1213 4617 perpessus,
1259 4548 1513 4617 capitale
1562 4548 1742 4604 subiit
1788 4546 2170 4619 supplicium.
2219 4542 2487 4598 Sebastia
2535 4558 2780 4614 quoque
2845 4544 2990 4600 urbs
3032 4544 3094 4598 in
3144 4550 3360 4615 stagno
3411 4560 3523 4600 suo

142 4635 555 4708 quadraginta
606 4634 739 4689 illos
796 4636 1067 4705 egregios
1115 4641 1171 4690 et
1217 4635 1453 4691 divinos
1501 4639 1660 4692 viros
1705 4654 1812 4709 per
1860 4636 2047 4706 frigus
2099 4640 2154 4687 et
2206 4632 2434 4687 undam
2483 4630 2729 4687 miriﬁce
2797 4633 2915 4687 Deo
2978 4637 3135 4688 totos
3186 4632 3519 4689 holocausti

150 4726 343 4780 instar
387 4723 619 4779 oblatos
660 4722 820 4791 vidit,
859 4739 997 4777 cum
1039 4724 1245 4796 Lysias
1281 4725 1479 4780 adhuc
1517 4731 1573 4782 et
1612 4725 1958 4796 Agricolaus
2009 4721 2289 4778 satellites
2330 4726 2931 4792 propugnatoresque
2991 4721 3121 4793 ejus
3173 4722 3516 4792 superstites

143 4819 369 4878 essent,
403 4810 895 4882 inveniendisque
935 4812 1220 4866 adversus
1254 4819 1547 4884 martyres
1586 4814 1759 4869 novis
1816 4813 2175 4869 cruciatibus
2215 4809 2488 4882 apprime
2518 4809 2827 4880 pollerent.
2863 4808 3105 4865 Illorum
3144 4825 3326 4881 porro
3371 4826 3518 4865 con-

137 4895 345 4971 juges,
379 4917 515 4973 quae
562 4908 619 4956 et
646 4900 791 4970 ipsa:
819 4900 1220 4971 quadraginta
1252 4917 1502 4958 numero
1551 4902 1733 4970 fuere,
1782 4901 2123 4959 Heracleam
2165 4898 2431 4954 Thracia:
2472 4897 2748 4953 abductas
2794 4914 2922 4952 esse
2961 4898 3230 4953 feruntur
3269 4915 3282 4953 :
3335 4904 3517 4971 atque

148 4991 233 5045 ibi
276 5006 414 5045 cum
451 4996 678 5044 Amone
715 4989 976 5060 quodem
1017 4988 1273 5045 diacono
1309 4990 1639 5057 tormentis,
1676 5006 1811 5063 quaa
1842 4992 2169 5062 quisquam
2199 4987 2529 5057 exprimere
2568 4987 2756 5056 possit
2786 4987 3084 5057 maximis,
3129 5002 3417 5057 generose
3460 4994 3518 5043 et

144 5079 372 5137 fortiter
402 5078 688 5145 toleratis,
714 5093 852 5133 cum
882 5076 1131 5148 pulchra
1161 5078 1530 5149 professione
1563 5095 1665 5151 per
1688 5079 1960 5151 gladium
1982 5077 2236 5133 victimas
2267 5075 2385 5130 Deo
2412 5078 2551 5128 sunt
2578 5072 2818 5129 oblatae.

748 5239 992 5293 ΚΕΦΑΛ.
1024 5240 1153 5293 ΜΕ’.

2380 5236 2554 5309 512
2584 5233 2812 5292 CAPUT
2846 5236 2993 5290 XLV.

144 5346 246 5406 Ὧς
287 5351 586 5408 Λικίνιος
625 5346 651 5397 ό
694 5340 1031 5487 δυσῇεϐἠις
1071 5344 1262 5407 ἁλοὺς
1300 5344 1601 5422 ἐξέρρηξε
1641 5352 1735 5406 τὴπ

881 5435 1067 5487 υχην.
1666 5460 1669 5461 ,

1938 5346 2012 5402 Ut
2037 5343 2254 5414 impius
2297 5341 2561 5398 Licinius
2611 5346 2841 5468 sagittas,
2888 5342 3178 5398 violenter
3222 5343 3403 5399 vitam
3445 5343 3514 5410 ﬁ-

2578 5429 2733 5469 merz
2766 5451 2780 5464 .

881 5420 1067 5490 υχὴν.
1449 5420 1455 5422 ⁷
1666 5460 1669 5461 ν

1449 5420 1455 5422 ⁷
1666 5460 1669 5461 ,
2578 5420 2779 5469 niertt.

230 5526 379 5575 Οὕτω
435 5520 486 5577 δ’
540 5523 606 5585 εἰς
648 5525 873 5595 ἔσχατον
929 5522 1194 5593 ἀπονοίαν,
1236 5523 1453 5577 ἐλαύνων
1509 5526 1535 5577 6
1582 5524 1753 5596 ἐναγί-

1929 5522 2019 5580 Ad
2071 5526 2400 5578 extremam
2447 5535 2591 5590 ergo
2645 5517 3013 5576 dementiam
3063 5534 3264 5587 ruens,
3317 5518 3401 5577 ita
3449 5525 3515 5578 ut

154 5629 369 5682 στατος,
401 5611 581 5688 ἒχύρει
637 5612 840 5684 πρόσω,
899 5616 989 5665 καὶ
1029 5611 1100 5673 εἰς
1144 5611 1430 5685 τούμφανὲς
1484 5618 1578 5672 τὴν
1625 5612 1745 5667 ἀπο-

1923 5616 2138 5686 eperat,
2177 5610 2571 5668 defectionem
2618 5623 2793 5667 suam
2850 5625 2887 5667 a
2944 5608 3063 5665 ﬁde
3121 5609 3183 5665 in
3242 5613 3514 5682 apertum
