4028 6294
570 299 710 360 1345

567 532 914 584 conversus,
957 515 1260 572 sacriﬁciis
1289 520 1345 568 et
1376 513 1632 568 victimis
1664 515 1955 581 mactatis,
1990 531 2052 570 se
2083 514 2221 572 faci-

567 603 679 660 lius
704 604 1040 675 rectiusque
1062 603 1286 660 bellum
1308 617 1379 657 eo
1410 601 1592 657 modo
1619 602 2038 674 expediturum
2067 602 2222 660 arbi-

569 699 778 756 tratus,
794 693 1100 750 dannones
1120 692 1406 752 ewcavit.
1428 690 1895 762 Dicuntquoque
1908 692 2222 750 seductum

567 799 703 838 eum
737 798 774 844 a
803 782 1170 853 quibusdam
1201 781 1304 851 qui
1338 779 1644 836 victoriam
1675 779 1729 834 ei
1760 780 2216 852 pollicebantur,

566 870 736 932 Mileti
767 869 1080 930 oraculum
1120 869 1410 940 Apollinis
1451 868 1741 939 Didymaai
1781 869 2162 926 consuluisse
2204 885 2217 924 :

571 961 744 1031 eique
775 960 848 1014 de
876 959 1016 1014 belli
1041 964 1259 1022 eventu
1285 959 1714 1029 percunctanti,
1747 974 1784 1012 a
1810 958 2110 1018 daemonio
2136 974 2221 1013 re-

571 1063 860 1118 sponsum
894 1063 1024 1102 esse
1055 1045 1327 1106 versibus
1358 1047 1520 1101 hisce
1555 1064 1568 1101 :

654 1153 747 1217 7e,
768 1154 1084 1222 grandisne
1104 1160 1302 1223 pater,
1332 1155 1620 1222 juvenum
1652 1154 1737 1208 vis
1752 1153 1992 1221 fervida
2024 1159 2222 1217 vexat,

643 1225 720 1280 Ει
757 1236 859 1286 tua
894 1225 1102 1294 fracta
1127 1227 1295 1294 jacet
1331 1225 1490 1280 senio
1530 1225 1806 1294 graviore
1833 1232 2112 1294 potestas.

574 1331 990 1386 Constantinus
1030 1346 1228 1402 porro,
1282 1331 1608 1401 imperator
1643 1334 1762 1386 Deo
1813 1331 2222 1398 charissimus,

572 1419 937 1474 verecundia
988 1420 1256 1490 quadam
1310 1419 1716 1490 singularique
1753 1419 2125 1476 humanitate
2171 1425 2228 1476 et

574 1509 858 1563 modestia
889 1508 1198 1580 praeditus,
1247 1508 1386 1564 talia
1425 1523 1564 1562 cum
1596 1509 1670 1563 de
1701 1524 1770 1564 eo
1814 1509 2064 1573 audiret,
2117 1511 2227 1564 sei-

573 1612 750 1667 psum
801 1595 1064 1666 primum
1111 1597 1425 1663 continuit,
1470 1597 1782 1667 vicemque
1821 1597 1951 1668 ejus
1993 1599 2096 1669 qui
2140 1599 2227 1652 in-

573 1685 794 1754 dignus
839 1689 966 1740 erat
1015 1685 1110 1738 cui
1155 1685 1454 1756 quispiam
1488 1685 1849 1756 condoleret,
1891 1688 2226 1742 admodum

1876 297 2263 364 NICEPHORI
2302 288 2619 360 CALLIS’I‘i

3734 307 3844 365 1316

2623 425 2722 442 ιον,

2332 520 2733 590 μεταστραφεὶς,
2789 517 2988 585 θύμασι
3062 519 3150 570 καὶ
3215 517 3404 587 ἱερείων
3483 525 3682 587 σφαγαῖς
3737 523 3843 593 ξύμ.

2332 609 2482 676 ρίσαι
2537 605 2677 673 αὑτῲ
2735 607 2801 656 τὰ
2847 612 2934 664 τῆς
2983 607 3170 675 μάχης
3228 604 3526 666 ἀπεκαλεῖτο
3573 613 3682 668 τοὺς
3713 607 3843 680 διῳ-

2333 715 2441 756 νας.
2500 694 2782 764 ’Υπαχθεὶς
2851 691 2909 745 δέ
2963 713 3074 748 τισι
3139 699 3421 768 κρατήσειν
3474 696 3843 768 antepositis-ii;

2335 788 2490 855 φασιν
2543 784 2698 835 αὐτόν
2753 790 2846 833 τοῦ
2899 781 2948 833 ἐν
3009 782 3229 853 Μιλήτῳ
3285 788 3527 852 μαντείου
3573 788 3846 856 ἀποπειράσα-

2337 876 2461 926 σθαι
2517 880 2608 924 του
2661 868 2952 942 Διδυμαίου
3012 871 3327 932 Ἀπολλωνος
3361 889 3374 901 ·
3440 878 3530 926 καί
3597 874 3640 943 τ’
3700 874 3850 947 ipsum

2335 967 2450 1034 περὶ
2506 970 2602 1022 τῆς
2655 964 2856 1032 μάχης,
2908 964 2966 1012 τὸ
3024 957 3294 1032 δαιμόνιον
3343 958 3541 1020 τούσδε
3580 971 3855 1035 χρῆσιιτους

2338 1056 2557 1122 στίχους
2600 1068 2612 1079 ·

2335 1159 2405 1208 ⁷Ω.
2440 1161 2645 1230 γέρον,
2672 1153 2988 1225 ἧμάλαδή
3021 1175 3088 1230 σε
3117 1160 3246 1208 νίοι
3274 1161 3568 1230 τείρουσι
3598 1168 3855 1228 μάχεταί·

2339 1234 2411 1286 Σή
2442 1225 3342 1300 τε’βίηλέλυται,χαλεπόνὸε
3375 1225 3446 1280 σε
3477 1225 3854 1300 γῆρας’ἱκάιει.

2411 1343 2798 1395 Κωνσταντίνος
2851 1331 2909 1386 δὲ
2960 1336 2984 1386 ὁ
3027 1335 3421 1406 θεοφιλέστατος
3481 1333 3732 1406 βασιλεῦς,
3757 1336 3850 1394 alii-

2337 1447 2445 1497 μων

2337 1517 2460 1574 τέως
2517 1517 2606 1584 μὲν
2665 1511 2864 1563 ἀκούων
2925 1511 3117 1582 ἀνεῖχε,
3177 1516 3265 1563 τὸν
3305 1512 3364 1562 οὗ
3427 1515 3729 1583 συμπαθείας
3765 1515 3847 1575 ἐξίει

2547 1444 2624 1485 τις
2713 1428 2801 1488 ὤν,
2883 1428 2974 1475 καὶ
3060 1423 3423 1495 φιλανθρωπίᾳ
3509 1433 3844 1496 συγκεκριρὲης,

2339 1602 2482 1654 ἆλεῶν
2512 1617 2526 1630 ⁸
2584 1600 2691 1653 irrit
2759 1599 2817 1652 δὲ
2895 1603 3089 1651 τούτων
3169 1603 3451 1671 γινομένων
3519 1597 3662 1652 οὐδὲν
3733 1601 3852 1670 ἐγίιιτι

2337 1691 2506 1758 πλέον,
2556 1694 2858 1763 προύχώρει
2925 1685 2984 1740 δὲ
3034 1695 3122 1740 καὶ
3176 1691 3205 1745 ἡ
3265 1692 3403 1740 κατὰ
3462 1696 3685 1763 Χριστοῦ
3738 1689 3856 1748 λύττα,

573 1781 665 1828 est
695 1774 1034 1828 miseratus.
1072 1774 1397 1844 Postquam
1447 1789 1586 1828 vero
1634 1790 1696 1828 se
1736 1775 1813 1829 ita
1858 1791 1920 1830 se
1965 1776 2224 1844 gerendo

2337 1785 2424 1832 τὸν
2481 1785 2738 1850 σώφρονα,
2799 1781 2867 1838 ὡς
2928 1780 3055 1841 ἔθος,
3093 1784 3404 1848 συναγαγὼν
3436 1778 3696 1849 λογισμὸν,
3738 1786 3802 1829 καὶ
3828 1799 3858 1828 2-.

571 1863 721 1918 nihil
753 1863 1038 1934 proiicere
1083 1864 1251 1928 vidit,
1285 1879 1424 1917 cum
1451 1863 1648 1917 rabies
1681 1869 1890 1919 contra
1927 1864 2225 1920 Christum

575 1961 855 2023 suscepta
881 1952 1073 2022 magis
1103 1952 1418 2021 magisque
1447 1953 1809 2021 procederet,
1854 1954 2228 2009 moderatam

573 2056 682 2112 pro
709 2041 1140 2098 consuetudine
1167 2057 1278 2096 sua
1301 2040 1641 2112 liquantum
1677 2043 2036 2098 contrahens
2068 2059 2231 2098 men-

574 2137 714 2193 tem,
772 2137 829 2185 et
865 2131 1306 2185 humanitatem
1344 2129 1575 2198 justitia
1615 2137 1974 2200 temperans,
2019 2133 2233 2188 subve-

573 2219 860 2274 niendum
892 2220 975 2272 eis
1006 2235 1135 2272 esse
1167 2217 1273 2288 qui
1304 2220 1382 2274 ab
1429 2217 1532 2272 illo
1564 2223 1685 2273 tam
1718 2219 2031 2275 crudeliter
2057 2237 2231 2278 vexa-

571 2313 796 2370 rentur,
865 2308 1070 2362 statuit
1144 2325 1157 2361 :
1225 2306 1372 2361 illud
1440 2314 1667 2361 certum
1736 2314 2233 2381 compertumque

573 2397 823 2462 habens,
877 2397 1145 2450 fructum
1195 2395 1402 2466 pietati
1447 2411 1591 2459 sum,
1637 2397 1966 2463 victoriam,
2008 2399 2233 2454 caelitus

570 2491 779 2541 contra
805 2487 1005 2539 hostes
1032 2499 1172 2538 suos
1201 2485 1580 2554 propositum
1612 2500 1758 2540 esse.
1786 2488 1975 2550 Quam
1996 2489 2075 2542 ob
2095 2505 2233 2543 cau-

573 2591 700 2634 sam
725 2574 1052 2630 honestatis
1080 2573 1428 2643 virtutisque
1450 2573 1639 2628 amori
1663 2573 1906 2629 malitias
1929 2575 2234 2631 vitiorum-

571 2680 689 2734 que
735 2664 874 2718 odio
924 2668 1124 2732 misto,
1173 2679 1291 2716 una
1337 2679 1472 2716 cum
1502 2662 1604 2732 pio
1635 2663 1756 2718 tilio
1787 2664 1992 2735 Crispo
2025 2675 2233 2724 contra

573 2753 857 2807 Licinium
905 2752 1154 2805 salutari
1205 2757 1513 2806 armatura
1560 2751 1711 2806 duce
1760 2760 1815 2808 et
1867 2755 2230 2810 auxiliatrire

571 2841 876 2912 processit.
913 2840 976 2903 Et
1009 2841 1242 2894 tandem
1282 2840 1465 2894 ambo
1497 2843 1621 2895 acie
1662 2847 1902 2907 structa,
1937 2845 2016 2897 ad
2045 2845 2230 2916 Chry-

569 2931 824 3001 sopolim
871 2930 1159 3000 Bithyniae
1197 2929 1406 2984 urbem
1439 2945 1576 2983 cum
1615 2929 1714 2984 illo
1755 2933 2029 3001 prmlium
2063 2950 2228 2989 com-

573 3019 782 3073 misere
825 3036 836 3072 :
872 3027 1280 3088 omnibusque
1311 3019 1490 3071 rebus
1523 3019 1606 3072 eis
1639 3020 1746 3073 rite
1776 3024 1957 3090 atque
1986 3021 2230 3078 feliciter

2339 1866 2544 1921 δίκαιον
2590 1876 2660 1937 τῷ
2715 1867 3055 1940 φιλανθρώπῳ
3141 1867 3434 1938 συμμίξας,
3511 1867 3758 1938 ἐπαμύνειν
3797 1877 3863 1927 τοῖς

2338 1959 2474 2010 οὕτω
2524 1958 2910 2028 λυμαινομένοις
2963 1958 3134 2028 ᾑρεῖτο
3170 1977 3182 1988 ·
3241 1961 3332 2007 καὶ
3378 1962 3526 2007 ταῦτ’
3587 1953 3722 2013 εἰδὼς
3770 1956 3866 2027 ἀκει-

2340 2047 2461 2110 ϐῶς,
2516 2049 2585 2106 ὡς
2635 2048 2829 2118 καρπὸς
2875 2049 3048 2113 ἐκείνῳ
3105 2053 3195 2104 τῆς
3250 2044 3516 2103 εὐσεϐείας
3570 2047 3597 2101 ἡ
3654 2048 3766 2096 κατὰ
3804 2053 3867 2094 τῶν

2341 2137 2545 2209 ἐχθρῶν
2607 2136 2796 2186 ἀνωθεν
2849 2135 3066 2206 ὡρίζετο
3119 2138 3257 2190 νίκη.
3318 2139 3420 2187 Καὶ
3481 2139 3645 2184 τοίνυν
3770 2135 3867 2203 φιλι-

2339 2227 2486 2296 γάθῳ
2543 2223 2693 2294 μίξας
2745 2225 2801 2272 τὸ
2837 2226 3210 2294 μισοπόνηρον.
3264 2224 3478 2292 σύναμα
3528 2218 3674 2273 παιδὶ
3715 2222 3869 2289 θεοφιλεῖ

2344 2318 2585 2388 Κρίσπῳ,
2652 2311 2780 2368 πολὺ
2837 2319 3054 2381 προηγῷ
3102 2315 3191 2362 καὶ
3243 2313 3523 2382 συμμάχῳ
3575 2319 3642 2380 τῷ
3693 2317 3866 2381 σωτερίῳ

2341 2408 2608 2475 χρώμενος
2665 2401 2839 2470 ὃπλῳ·
2899 2405 2995 2452 Καὶ
3079 2397 3198 2458 δῆτ’
3270 2401 3430 2471 ἄμφω
3508 2406 3598 2456 τὴν
3652 2400 3867 2473 παράταξυ

2344 2488 2649 2562 διελόμενοι,
2697 2492 2832 2540 κατὰ
2885 2488 3213 2561 Χρυσόπολιν
3275 2495 3370 2546 τὴν
3426 2487 3476 2540 ἐν
3535 2491 3726 2559 Βιθυνίᾳ
3773 2507 3865 2538 συνι-

2341 2584 2558 2652 κρότουν
2617 2582 2702 2630 τὸν
2776 2577 3013 2648 πόλεμον.
3080 2583 3177 2629 Καὶ
3235 2580 3444 2628 πάντων
3503 2577 3662 2638 καλῶς
3716 2577 3868 2644 ἐξευμε-

2340 2672 2618 2742 ρισθέντων
2702 2671 2896 2733 αὐτοῖς,
2976 2665 3262 2740 ἀνακράτος
3337 2672 3435 2726 τὴν
3514 2673 3654 2723 νίκην
3714 2669 3864 2733 tum,

2339 2757 2531 2809 ἐκείνου
2587 2760 2645 2807 τὸ
2699 2760 2855 2817 πεζὸν
2907 2760 2997 2806 καὶ
3049 2759 3108 2806 τὸ
3165 2759 3413 2806 ναυτικὸν
3480 2755 3667 2827 ἀθροως
3722 2754 3867 2823 astris

2341 2848 2532 2908 θέντος.
2583 2850 2726 2902 Μήτι
2757 2842 2816 2896 δὲ
2845 2841 2976 2917 δρᾷν
3007 2847 3195 2915 ἓχωκν,
3225 2842 3692 2916 καταπροδίδωσιν
3726 2844 3864 2902 ἑαυτόν,

2339 2935 2364 2986 ὀ
2412 2938 2542 3007 χθὲς
2587 2940 2676 2986 καὶ
2728 2939 2905 3006 πρώην
2960 2933 3171 2990 ἀπειλὴν
3227 2939 3411 2997 πνέων,
3473 2939 3562 2986 καὶ
3622 2935 3763 2984 πάντα
3801 2933 3861 2979 5::-

2337 3030 2495 3097 χείρα
2527 3025 2709 3074 θέσθαι
2763 3019 3161 3093 διατεινόμενος.
3205 3021 3262 3073 Ὀ
3319 3019 3380 3074 δὲ
3423 3020 3672 3095 βασιλεὺς
3715 3029 3766 3089 τῷ
3786 3038 3850 3070 m-

569 3107 931 3171 cedentibus,
971 3107 1277 3161 victoriam
1306 3108 1384 3160 ab
1413 3107 1586 3162 hoste
1608 3107 1926 3164 fortissime
1955 3110 2224 3171 retulere,

2339 3116 2454 3171 ἠθει
2509 3118 2683 3187 τροπῳ
2739 3113 3096 3183 χρησάμενος,
3169 3112 3456 3185 ἐχαρίζετο
3513 3116 3604 3183 μὲν
3659 3110 3768 3178 αὐτῷ
3795 3111 3847 3161 τήν

572 3197 839 3267 peditatu
867 3195 1024 3251 illius
1055 3195 1225 3250 omni
1257 3196 1580 3266 navalique
1619 3196 1890 3252 subsidio
1927 3199 1986 3252 in
2019 3199 2228 3268 fugam

567 3301 763 3340 verso.
811 3284 930 3348 Ille,
980 3299 1161 3355 porro
1192 3299 1330 3338 cum
1376 3285 1524 3354 quid
1561 3284 1780 3339 faceret
1822 3301 1945 3340 non
1986 3282 2227 3352 videret,

569 3375 835 3444 seipsum
889 3371 1222 3427 victoribus
1272 3372 1503 3426 dedidit
1555 3391 1568 3430 :
1625 3372 1740 3438 ille,
1791 3374 2061 3444 inquam,
2125 3393 2229 3448 qui

567 3462 750 3533 paulo
767 3467 904 3517 ante
929 3463 1125 3516 minas
1155 3461 1430 3516 ferociter
1452 3461 1796 3533 spiraverat,
1823 3468 2001 3536 atque
2023 3466 2230 3521 omnia

569 3553 840 3622 potestati
899 3567 1023 3606 sum
1080 3550 1373 3619 subjicere
1434 3551 1836 3607 contenderat.
1899 3554 2228 3625 Imperator

569 3656 715 3695 sane
749 3656 914 3696 more
948 3656 1058 3694 suo
1089 3640 1260 3694 solito
1303 3655 1466 3702 usus,
1498 3641 1684 3696 vitam
1719 3641 1962 3712 quidem
2005 3643 2086 3697 illi
2117 3645 2227 3699 do-

567 3730 749 3792 navit,
805 3744 1061 3798 eumque
1117 3727 1231 3782 sub
1283 3729 1558 3783 custodia
1610 3745 1739 3783 esse
1790 3731 2223 3787 Thessalonica

566 3820 899 3874 mandavit.
937 3819 1044 3873 Ubi
1068 3833 1212 3872 vero
1246 3818 1344 3874 ille
1375 3834 1411 3873 a
1441 3818 1713 3874 moribus
1757 3821 1881 3874 suis
1921 3823 2222 3877 consuetis

565 3923 688 3963 non
738 3909 1029 3972 discessit,
1081 3914 1135 3962 et
1188 3907 1594 3964 fraudulenter
1647 3908 1936 3965 insidiosa
1975 3912 2223 3968 consilia

565 4001 835 4067 captans.
891 3995 1410 4066 Barbarorumque
1455 3996 1900 4052 multitudinem
1945 4000 2220 4055 mercede

567 4085 931 4153 conducens,
967 4089 1027 4138 ut
1058 4084 1215 4139 bello
1259 4090 1592 4140 restaurato
1624 4086 1860 4141 cladem
1909 4095 2219 4160 acceptam

567 4175 830 4238 sarciret,
887 4173 965 4228 ad
1016 4189 1110 4227 res
1153 4189 1343 4228 novas
1395 4189 1637 4232 rursum
1681 4181 1949 4246 spectare
1996 4176 2406 4248 deprehensus
2450 4189 2537 4236 est

2341 3203 2516 3262 ζωήν·
2573 3204 2673 3253 ὑπὸ
2741 3205 2966 3274 φρουρὰν
3026 3196 3078 3252 δ’
3149 3199 3305 3252 ἐτίθει
3363 3209 3428 3272 τῇ
3483 3200 3742 3253 Θετταλῶν
3776 3215 3850 3264 τιγ-

2337 3291 2538 3343 κλείων.
2569 3291 2708 3342 Ἐπεὶ
2755 3287 2813 3341 δὲ
2851 3298 2940 3341 τοῦ
2972 3291 3225 3350 συνήθους
3281 3289 3374 3340 οὐκ
3425 3290 3674 3361 ἀπείχετο
3715 3293 3856 3358 τρόπον,

2341 3382 2603 3439 συσκευὰς
2657 3381 2758 3450 γὰρ
2815 3387 2993 3448 ποιῶν,
3046 3383 3134 3430 καὶ
3179 3375 3448 3452 βάρϐαρον
3509 3381 3730 3449 συνάγων
3759 3381 3859 3446 χεῑει

2337 3471 2535 3539 μισθῷ,
2581 3468 2898 3538 νεωτερίζειν
2980 3473 3292 3540 πεφώραται,
3355 3473 3455 3524 τὴν
3529 3465 3675 3525 ἧτταν
3728 3465 3859 3532 ἄναμ-

2336 3560 2608 3629 χέσασθαι
2683 3559 3125 3630 προθυμούμενος,
3200 3565 3478 3629 προσταγῇ
3534 3566 3621 3608 τοῦ
3679 3561 3860 3626 κρατοίη-

2335 3666 2418 3706 τος
2452 3663 2463 3676 ·
2509 3646 2638 3717 ξίφει
2677 3650 3025 3720 καταστρέφει
3070 3649 3155 3696 τὸν
3211 3643 3345 3717 βίον,
3399 3649 3570 3698 ταυτὰ
3591 3653 3690 3704 τοῖς
3725 3659 3859 3712 προαπ-

2335 3735 2544 3788 ελθουσι
2597 3736 2862 3807 τυράννοις
2919 3737 3116 3800 παθὼν,
3171 3733 3279 3785 ἐπεί
3331 3739 3411 3785 τοί
3474 3755 3529 3805 γε
3579 3738 3646 3805 μὴ
3685 3738 3769 3788 τοῖς
3804 3747 3857 3777 τευ

2331 3825 2490 3885 πέλας
2538 3823 2895 3896 ἐσωφρονίσθη
2948 3830 3123 3883 κακοῖς
3157 3839 3169 3852 ⁸
3228 3829 3321 3882 τὴν
3375 3827 3500 3880 ἱσην
3554 3820 3610 3874 δὲ
3663 3831 3742 3879 τῆς
3783 3819 3857 3868 im-

2334 3913 2476 3974 ϐείας
2529 3913 2779 3985 ἐλόμενος,
2829 3917 2918 3963 καὶ
2970 3920 3075 3972 τοῖς
3127 3911 3305 3973 αὐτοῖς
3349 3913 3604 3984 αἰσχροῖς
3638 3914 3857 3981 περιέπεσε.

2335 4002 2527 4062 στήλας
2577 4007 2666 4053 καὶ
2724 4004 2822 4059 ὅση
2882 4021 2960 4060 τις
3001 3997 3060 4058 ἦν
3101 4004 3149 4052 ἐν
3179 4006 3388 4072 τοίχοις
3423 4000 3596 4072 ἐκείνῳ
3625 4001 3769 4070 γραφή
3792 4013 3859 4062 αχ-

2329 4094 2616 4164 ρειούμενος
2661 4097 2748 4144 καὶ
2789 4088 3189 4162 ἕδαφιζόμενος.
3240 4096 3338 4142 Καὶ
3379 4091 3403 4141 ὁ
3439 4095 3531 4163 μεν
3558 4091 3707 4148 οὕτως
3729 4089 3856 4137 Extra.

2588 4197 2599 4233 ε
2650 4181 3029 4252 imperatoris
3076 4180 3253 4249 jussu
3309 4180 3494 4235 vitam
3544 4179 3685 4234 ferro
3723 4185 3856 4229 caesus

567 4264 783 4327 amisit,
832 4263 1005 4334 513
1063 4262 1220 4316 idem
1271 4262 1495 4317 scilicet
1547 4264 1713 4334 quod
1758 4265 1985 4334 priores
2027 4269 2266 4338 tyranni
2321 4285 2557 4340 passus.
2601 4268 3104 4340 Quandoquidem
3165 4269 3322 4323 enim
3385 4268 3617 4324 illorum
3663 4263 3802 4320 malis
3837 4274 3855 4310 ι

565 4354 829 4408 adversis
859 4355 1042 4407 rebus
1073 4352 1320 4406 edoctus
1355 4351 1433 4406 ad
1468 4351 1700 4422 frugem
1733 4358 1788 4408 et
1817 4353 2083 4410 ofﬁcium
2115 4373 2237 4413 non
2277 4358 2468 4425 rediit,
2501 4358 2902 4428 eamdemque
2933 4375 3116 4430 quam
3158 4357 3233 4412 illi
3275 4358 3641 4429 impietatem
3683 4355 3854 4408 secutus

565 4447 672 4509 est,
718 4457 836 4495 non
875 4442 1172 4498 immerito
1214 4442 1274 4494 in
1324 4441 1566 4496 easdem
1614 4458 1855 4514 quoque
1903 4443 2095 4499 fmdas
2146 4446 2514 4502 calamitates
2563 4447 2800 4502 decidit.
2859 4449 3075 4502 Statua:
3135 4462 3399 4518 quoque,
3455 4453 3510 4501 et
3551 4451 3854 4517 quaecunque

566 4530 859 4599 imagines
889 4530 1018 4599 ejus
1066 4529 1124 4583 in
1157 4529 1345 4583 muris
1386 4531 1596 4600 positas
1640 4537 1819 4603 atque
1848 4534 2086 4588 inserta:
2117 4533 2371 4602 fuerant,
2403 4552 2648 4608 eversa,
2685 4543 2864 4591 erutae
2898 4541 3078 4606 atque
3116 4535 3351 4590 abolitis
3403 4541 3561 4591 sunt.
3600 4537 3761 4603 Atque
3788 4524 3852 4580 ille

569 4621 814 4690 quidem
841 4620 921 4674 ita
945 4620 1136 4674 victus
1164 4617 1444 4673 occubuit
1471 4621 1570 4690 (l).

1171 4742 1404 4798 CAPUT
1442 4744 1616 4798 XLVI.
2252 4749 2296 4802 D

568 4833 654 4889 De
686 4832 906 4912 legibus
935 4839 988 4888 et
1021 4832 1539 4912 conquestionibus
1573 4833 1971 4912 Constantini,
1992 4845 2057 4912 _et
2095 4853 2223 4912 quae

2910 4755 3149 4802 ΚΕΦΑΛ.
3192 4748 3341 4830 Β1ς’

2329 4842 2488 4913 Περὶ
2526 4847 2625 4890 τῶν
2663 4840 3056 4910 νομοθεσιῶν
3093 4842 3580 4890 Κωνσταντίνου
3611 4853 3622 4864 ·
3653 4837 3739 4913 καὶ
3770 4829 3850 4908 ὂτξι

2445 5001 2572 5034 ατο.

740 4898 988 4973 benigne
1015 4904 1508 4960 Christianorum
1530 4905 1802 4975 religioni
1822 4898 2048 4976 fecerit.
2106 4898 2121 4912 ’

2404 4898 2671 5044 genere}
2736 4898 2806 4982 τῇ
2864 4918 3271 4982 Χριστιανῶν
3322 4909 3613 4979 πολιτειᾳ
3657 4903 3847 4969 διιπρά·

2445 5001 2572 5034 ατο.

639 5063 816 5119 Totus
845 5070 1044 5118 autem
1079 5063 1284 5119 Oriens
1318 5063 1494 5119 simul
1525 5069 1582 5120 et
1609 5065 1894 5121 Occidens
1927 5067 2041 5123 sub
2071 5071 2220 5124 Con-

570 5152 816 5208 stantini
868 5151 1186 5222 imperium
1233 5152 1499 5222 pervenit
1550 5169 1750 5228 :quas
1795 5155 1888 5210 ille
1917 5157 2215 5226 regiones,

569 5257 902 5311 omnesque
925 5241 1312 5296 circumcirca
1333 5243 1686 5312 provincias,
1711 5259 1944 5299 necnon
1967 5253 2220 5317 septem-

566 5333 849 5388 trionales
911 5336 1090 5402 atque
1147 5331 1436 5386 australes
1488 5348 1645 5397 oras,
1689 5334 2006 5406 tranquilla
2045 5351 2215 5407 pace,

642 5439 720 5508 (1)
752 5460 778 5485 ‹‹
814 5437 1065 5492 Licinius
1092 5438 1295 5492 litteris
1321 5439 1473 5492 adeo
1505 5438 1757 5494 infectus
1795 5439 1924 5506 fuit,
1960 5445 2023 5495 ut
2051 5443 2214 5498 virus

570 5524 640 5564 ac
689 5516 916 5578 pestem
946 5509 1248 5580 publicam
1301 5525 1400 5564 sas
1431 5511 1778 5580 appellaret,
1821 5512 2057 5567 illarum
2089 5519 2214 5571 tam

567 5593 805 5648 «pars,
838 5587 902 5636 nt
937 5596 1014 5636 ne
1043 5581 1292 5638 decretis
1322 5581 1560 5652 quidem
1589 5581 1962 5640 subscribere
1990 5593 2211 5658 posset.

2403 5075 2583 5132 Πάσης
2637 5068 2688 5124 δ’
2735 5071 2834 5124 Ἕω
2881 5073 2969 5122 καὶ
3017 5069 3267 5144 Ἐσπέρας
3305 5074 3361 5121 τὸ
3410 5072 3588 5142 κράτος
3625 5070 3751 5138 μόνος
3774 5058 3844 5108 ἄνι’

2333 5160 2559 5220 ξώννυτο
2619 5167 3025 5225 Κωνσταντίνος,
3104 5161 3275 5210 πᾶσάν
3343 5177 3395 5210 τε
3462 5159 3616 5215 αὐτὴν
3674 5157 3743 5203 καὶ
3780 5165 3838 5199 τιτι

2329 5250 2619 5324 περικύκλῳ
2691 5253 2878 5326 ἄρκτον
2945 5267 2998 5300 τε
3048 5254 3136 5299 καὶ
3202 5247 3525 5322 μεκημϐρίτὶν
3577 5254 3656 5303 τῆς
3706 5240 3837 5291 oili”;

2329 5338 2593 5410 ἐμπιπλῶν
2643 5339 2871 5411 εἰρήνης.
2924 5343 3030 5389 Πᾶν
3083 5333 3142 5388 δὲ
3205 5334 3321 5397 δέος
3373 5337 3602 5408 ἐξῄρητο.
3652 5339 3833 5398 Λαμπρία

2327 5445 2477 5500 lllud
2493 5446 2549 5500 in
2572 5462 2643 5501 eo
2657 5462 2778 5501 non
2792 5443 3376 5516 reprehendendum,
3393 5444 3553 5515 quod
3569 5437 3829 5516 spadonum

2326 5517 2782 5589 aulicorumque
2819 5512 3200 5572 insolentiam
3230 5518 3378 5570 mire
3412 5512 3762 5586 compescuit.
3812 5519 3826 5546 θ

2323 5589 2534 5658 EgnaL
