4028 6294
192 350 332 407 1317

1223 344 1786 405 ECCLESIAS'PICB
1822 338 2181 405 HISTORIE
2219 348 2353 405 LIB.
2394 346 2515 406 VII.

3409 338 3552 411 1818

184 472 247 528 δι
292 478 608 549 πανηγύρεις
656 474 1043 549 acu-sponsu",
1110 469 1350 546 φαιδροῖς
1401 478 1603 546 ἅμμασι
1656 476 1783 527 πάν-

1896 478 2056 531 metu
2110 475 2277 542 omni
2329 475 2610 548 depulso,
2655 474 2922 547 replevit.
2989 475 3194 548 Itaque
3246 445 3558 547 ιυιιεῑιὶίὶϐι

182 584 286 618 των
338 568 619 639 ἓνορώντων
675 564 922 624 ἀλλήλους
980 568 1070 616 καὶ
1134 566 1370 635 καπυρόν
1435 559 1787 634 ὑπομειδιῶν.-

182 674 304 708 των.
374 658 546 715 Φωτός
615 650 674 706 δε
742 653 913 725 πλήρη
962 655 1033 705 τὰ
1082 655 1250 704 πάντα
1311 648 1462 717 ἦσαν,
1519 661 1612 704 τοῦ
1664 658 1785 727 πρὶν

184 751 452 815 κατηφοῦς
508 742 919 814 ἆξὸεληλαμένου.
976 744 1121 795 Κατὰ
1175 741 1347 801 πόλεις
1400 738 1461 793 δὲ
1532 746 1622 793 καὶ
1677 747 1788 813 χώ-

182 842 282 906 ρας
336 839 544 893 παιᾶνες
603 836 691 883 καὶ
743 832 897 903 ύμνοι
951 839 1023 901 τῷ
1084 830 1210 884 ὅλων
1261 837 1376 899 Θεῷ
1429 839 1627 902 πρῶτα,
1677 829 1790 883 εἶτα

182 926 273 973 καὶ
320 930 393 992 τῷ
447 928 548 973 τῶν
602 920 809 991 ἀγαθῶν
860 928 1081 992 χορηγῷ
1132 920 1340 990 ἡγοντο.
1394 919 1690 990 ’Δμνηστία
1727 915 1787 971 δὲ

183 1018 358 1061 κακῶν
413 1014 504 1063 καὶ
556 1009 691 1067 λήθη
740 1017 835 1069 τῆς
875 1006 1186 1069 δυσσεϐείας
1217 1004 1279 1065 ἦν
1311 1024 1323 1036 ·
1353 1016 1452 1059 τῶν
1507 1005 1565 1059 δε
1602 1014 1689 1058 νῦν
1738 1005 1789 1067 ἇς

184 1104 338 1171 κόρον
406 1098 697 1161 ἀπόλαυσις
756 1098 986 1170 ἀγαθῶν.
1053 1099 1259 1158 Μείζων
1313 1093 1370 1149 δε
1425 1102 1515 1149 καὶ
1571 1098 1601 1154 ἡ
1646 1095 1788 1155 ἐλπὶς

184 1198 287 1239 τῶν
357 1185 808 1259 προσδοκωμένων
887 1183 969 1245 ἧν.
1022 1192 1189 1257 Νόμοι
1254 1182 1313 1238 δε
1369 1191 1459 1237 καὶ
1527 1182 1788 1247 διατάξεις

186 1278 573 1352 φιλανθρωπίας
642 1277 858 1348 πλήρεις
911 1291 926 1307 ⁸
980 1281 1068 1328 καὶ
1125 1275 1233 1327 ἄλλ’
1315 1277 1449 1327 ἄττα
1506 1284 1605 1326 τῶν
1660 1273 1788 1344 αγα-

186 1367 288 1417 θῶν
354 1363 804 1439 ἐπαρρησιάζοντο
843 1380 857 1405 ε
916 1360 1108 1437 δωρεαί
1155 1381 1211 1415 τε
1292 1360 1456 1434 βάθος
1530 1358 1788 1419 εὐσεϐείας

182 1450 565 1506 ὑποδεικνῦσαι
598 1472 610 1488 ⁸
665 1454 733 1504 ὧν
786 1452 1089 1523 καταλέγειν
1142 1454 1201 1513 τὸ
1256 1451 1475 1516 πλῆθος,
1525 1456 1608 1512 τίς
1662 1449 1788 1502 ἁπο-

186 1550 335 1616 χρῶν
383 1546 585 1613 γένοιτο
632 1541 786 1612 λόγος
819 1558 833 1607 ;
866 1545 935 1594 Τὸ
982 1544 1072 1612 μεν
1120 1542 1223 1612 γὰρ
1273 1544 1430 1601 ὄντως
1473 1546 1621 1592 Θεῐον
1662 1541 1784 1611 θρη-

187 1633 387 1683 σκεύειν
435 1634 537 1705 πρὸ
620 1635 815 1692 παντὸς
876 1632 1164 1700 ὑπηγόρευε
1195 1646 1208 1658 °
1264 1632 1383 1699 περὶ
1450 1630 1476 1680 ὅ
1546 1624 1785 1685 σπουδὴν

182 1722 502 1792 τιθεμένους,
559 1724 608 1774 ἓν
649 1720 890 1792 ἀφθόνοις
942 1716 1074 1772 εἶναι
1120 1720 1331 1780 πάντως
1370 1735 1384 1748 ·
1427 1722 1517 1770 καί
1545 1717 1596 1787 γ’
1628 1716 1786 1775 ἁπαν-

185 1815 279 1878 τᾷν
340 1809 544 1862 ἅπαντα
582 1812 713 1882 μετᾲ
763 1816 1018 1883 χρηστῶν
1067 1816 1166 1859 τῶν
1223 1804 1447 1859 ἐλπίδων
1495 1805 1573 1867 οἷς
1608 1806 1668 1861 ἄν
1695 1808 1782 1876 37-
1819 1825 1856 1879 Β

186 1905 384 1971 χειρεῖν
432 1902 631 1968 γίνοιτο
705 1898 867 1969 ἔλεγεν
901 1914 914 1927 ·
948 1897 1309 1971 ἁμαρτάνουσι
1371 1892 1420 1951 δ’
1484 1898 1532 1953 ἓν
1588 1894 1783 1965 ἐκείνῳ,

185 1989 237 2038 ἕν
291 1987 337 2038 τ’
383 1987 560 2060 εἰρήνη
614 1992 700 2039 καὶ
759 1986 964 2057 πολέμῳ
1021 1988 1087 2038 τά
1139 1982 1381 2057 δυσχερῆ
1458 1980 1781 2056 προσδοκᾲν.

187 2075 265 2128 Ού
312 2080 508 2148 κόμπον
561 2073 611 2129 δ’
685 2076 851 2138 ἄλλως
886 2075 1064 2146 λέγων⁹
1128 2074 1256 2125 ἀλλὰ
1305 2075 1466 2146 χάριν
1524 2072 1784 2145 ὁμολογῶν

189 2166 501 2237 ἰσχυρίζετο
537 2186 551 2203 ν
584 2168 652 2227 ὡς
680 2166 1015 2237 προσήκοντά
1067 2183 1124 2234 γε
1179 2165 1438 2234 ὑπηρέτην
1487 2169 1601 2231 Θεῷ
1630 2161 1785 2214 αὑτὸν

186 2254 532 2326 ἐκλεξάμενος,
591 2260 767 2307 πᾶσαν
817 2255 919 2306 ὑπὸ
967 2260 1128 2327 χεῖρα
1181 2251 1337 2303 ἆτίθει
1390 2256 1482 2309 τὴν
1533 2258 1654 2319 γῆν,
1721 2252 1786 2311 ὡς

191 2345 219 2401 ἡ
278 2352 378 2395 τῶν
446 2351 775 2415 Χριστιανῶν
832 2342 1082 2404 αὐξηθείη
1143 2343 1415 2413 θρησκεία,
1489 2344 1580 2392 καὶ
1629 2341 1678 2391 οὶ
1738 2338 1786 2393 ἓν

188 2435 352 2504 ταύτῃ
423 2437 722 2505 καρτερικοὶ
784 2431 1173 2503 ἐπιφανέστεροι
1239 2432 1463 2500 γένοιντο
1535 2436 1651 2489 ταῖς
1710 2447 1788 2480 τις·

190 2528 331 2593 μαῖς.
384 2520 565 2583 Ούτςω
646 2524 806 2592 ἔχων,
883 2521 1059 2590 ἄκυρα
1124 2517 1280 2572 ἐτίθει
1332 2519 1504 2569 πάντα
1557 2520 1619 2570 τὰ
1668 2517 1786 2571 καθ’

187 2613 333 2682 ἡμῶν
398 2610 451 2673 ἐξ
519 2609 699 2683 ἀρχῆς
761 2609 1093 2680 ψηφισθέντα
1125 2626 1138 2639 ·
1188 2611 1309 2668 τοὺς
1368 2607 1417 2659 ἐν
1469 2607 1693 2678 εξορίαις
1734 2626 1788 2660 τε

187 2698 562 2769 μετεστέλλετο,
621 2703 713 2750 καὶ
767 2706 930 2771 γερῶν
969 2693 1250 2769 μετεδίδου
1284 2713 1297 2731 ν
1348 2700 1437 2748 καὶ
1485 2700 1543 2748 τὸ
1592 2699 1787 2768 προσὸν

187 2789 390 2861 ἑκάστῳ
443 2788 726 2860 ἀπένειμεν,
787 2789 886 2839 εἴτε
954 2790 1079 2858 τιμή
1141 2805 1216 2845 τις
1289 2782 1350 2843 ἦν
1408 2790 1783 2859 στρατιωτικὴ,

189 2881 218 2935 ἧ
267 2883 356 2930 καὶ
409 2885 588 2947 κτῆμα
635 2880 761 2937 Ῑσως
816 2875 1107 2947 ἀφαιρεθέν.
1168 2874 1483 2935 Ἐκκλησίας
1533 2892 1587 2926 τε
1642 2873 1787 2945 ἔκμε-

192 2970 515 3038 μηκισμίνας
582 2963 865 3039 δημοσίοις
933 2964 1120 3016 ἀνίστα
1174 2970 1284 3023 τοῖς
1356 2968 1627 3036 χρήμασι,
1694 2968 1784 3017 καὶ

189 3055 418 3109 ἁτέλείαν
490 3063 597 3116 τοῖς
676 3064 770 3107 τοῦ
822 3061 956 3107 Θεοῦ
1024 3053 1347 3126 λειτουργοῖς
1423 3051 1736 3125 ἆπεκὴρυττε
1768 3072 1783 3085 ·

189 3142 448 3207 συνόδους
487 3163 541 3197 τε
598 3150 903 3218 συγκροτεῖν
955 3140 1129 3207 ἀνῆκε,
1188 3146 1277 3193 καὶ
1328 3140 1491 3193 τᾶλλα
1541 3143 1785 3213 πράττειν
1819 3178 1860 3237 C

188 3236 289 3287 ὅσα
333 3242 396 3306 τῇ
453 3241 785 3306 Χριστιανῶν
837 3234 1089 3305 θρησκείᾳ
1140 3234 1494 3302 προσήκοντα.
1544 3235 1685 3284 Ἐπεὶ
1726 3226 1785 3282 δὲ

185 3324 380 3383 πάντας
451 3323 520 3383 εἰς
578 3327 673 3380 τήν
728 3324 981 3394 προτέραν
1061 3319 1344 3391 ἐλευθερίαν
1419 3318 1781 3387 ἀνεκαλέσατο,

184 3416 274 3463 καὶ
332 3413 428 3472 τὰς
483 3412 725 3471 συνήθεις
800 3411 954 3480 τιμὰς
1028 3413 1118 3459 καὶ
1186 3410 1276 3467 τὰς
1330 3407 1514 3468 οὐσίας
1577 3411 1785 3470 τούτοις

186 3495 471 3554 ἀπέδωκεν.
535 3502 597 3551 Εἴ
652 3517 754 3550 που
822 3500 951 3557 τινες
1006 3492 1483 3556 καταδικασθέντες
1558 3498 1781 3568 θανάτῳ,

182 3588 270 3641 τόν
336 3587 452 3659 βίον
505 3587 753 3651 ἒξίλιπον,
809 3589 930 3647 τοὺς
996 3584 1254 3656 ἐγγυτέρῳ
1309 3588 1488 3654 γένους
1543 3584 1784 3657 κληρονο-

186 3684 298 3749 μεῖν
354 3676 596 3729 τᾶκείνων
648 3675 892 3730 ἐκέλευεν.
964 3674 1024 3725 Εἰ
1082 3670 1131 3724 δ’
1185 3672 1279 3724 ούκ
1327 3669 1483 3736 ἦσαν,
1524 3678 1620 3730 τὴν
1669 3676 1782 3727 ἐπι-

186 3771 384 3839 χώριον
450 3765 729 3822 ἑκκλησίαν
808 3766 895 3815 τὸν
978 3761 1168 3833 κλῆρον
1255 3763 1396 3832 ἔχειν
1470 3761 1778 3832 ἐνομοθέτει,

185 3856 281 3907 κᾶν
323 3874 378 3907 τε
418 3852 681 3908 ἰδιωτικὸν
732 3850 816 3920 ἦν,
864 3853 960 3903 κᾶν
1002 3870 1057 3904 τε
1109 3847 1394 3922 δημόσιον,
1463 3856 1563 3904 Καὶ
1616 3858 1782 3906 ταῦτα

184 3947 275 4016 μεν
327 3942 495 4004 καλῶς
538 3940 708 3996 ἐδόκει
750 3949 823 3993 τῶ
877 3938 1108 4011 βασιλεῖ,
1148 3944 1237 3992 καὶ
1288 3944 1426 4009 νὸιιῳ
1483 3941 1770 4009 κεκύρωτο.

184 4038 248 4085 Τί
308 4036 366 4086 τὸ
429 4032 515 4085 ἐπὶ
562 4035 812 4097 τούτοις;
885 4034 1225 4100 Χριστιανοῖς
1293 4026 1533 4099 ἕπέτρεπε
1603 4030 1782 4090 πάσας

180 4124 276 4183 τὰς
326 4124 583 4194 κοσμικὰς
635 4119 810 4193 ἀρχὰς
864 4114 1101 4170 διοικεῖν.
1151 4116 1365 4189 Ἑορταὶ
1409 4114 1459 4168 δ’
1505 4115 1775 4184 Ἑλλήνων,

183 4211 374 4274 ξοάνων
426 4230 480 4263 τε
546 4213 727 4271 θυσίαι
793 4212 883 4260 καὶ
961 4200 1134 4278 ἆργια,
1202 4210 1518 4277 μαγγανεῖαί
1574 4225 1629 4258 τε
1688 4211 1779 4259 καὶ

181 4301 379 4353 τελεταὶ
457 4296 741 4371 δαιμόνων,
804 4296 1103 4369 ἀπείρηται,
1180 4295 1343 4348 πολλὰ
1404 4292 1462 4347 δὲ
1527 4300 1616 4350 καὶ
1680 4304 1780 4348 τῶν

182 4388 423 4463 ἀρχαίων
480 4389 607 4441 ἕθῶν
654 4386 1038 4459 μετεϐάλλοντο.
1099 4384 1160 4436 Ὀ
1213 4387 1302 4455 μεν
1348 4387 1449 4456 γᾲρ
1510 4383 1633 4458 παρ’
1688 4384 1781 4442 Αἰ·-

179 4483 419 4549 γυπτίοις
475 4485 659 4548 πῆχυς
724 4474 888 4528 οὐκέτ’
938 4474 1004 4535 εἰς
1058 4473 1305 4531 Ἑλλήνων
1384 4477 1587 4544 τεμένη,
1670 4473 1778 4529 ἀλλ’
1813 4511 1855 4569 D

178 4567 254 4627 εἰς
295 4569 462 4639 ἱεροὺς
504 4568 651 4637 ἡμῶν
707 4563 963 4617 ἀνετίθετο
997 4566 1171 4623 οῖκους
1199 4578 1211 4590 ·
1253 4561 1294 4631 ᾧ
1341 4562 1371 4618 ἡ
1406 4558 1651 4622 ἐπίδοσις
1689 4571 1779 4621 τῆς

174 4662 270 4708 τοῦ
338 4655 516 4708 Νείλον
574 4660 736 4729 φορᾶς
781 4655 1071 4705 καθίστατο
1120 4656 1401 4723 γνώριμος.
1453 4649 1513 4702 Ἠ
1581 4646 1639 4706 δε
1677 4659 1778 4707 τῶν

177 4746 496 4818 μονομάχων
567 4743 621 4805 ἐξ
686 4745 877 4794 ἑκείνου
958 4741 1232 4813 Ῥωμαίοις
1301 4741 1392 4791 θέα
1468 4739 1774 4797 κεκώλυται.

178 4838 411 4895 Φοίνικες
462 4829 541 4897 δὴ,
593 4831 640 4884 οἳ
686 4835 771 4883 τόν
819 4829 1044 4885 Λίϐανον
1095 4831 1236 4902 παρὰ
1296 4831 1385 4891 τὴν
1450 4825 1778 4884 Ἡλιούπολιν

175 4927 367 4994 ᾤκουν,
430 4920 724 4973 ἐπαύσαντο
789 4923 890 4992 πρὸ
948 4926 1040 4971 τοῦ
1094 4920 1316 4989 νομίμου
1380 4918 1554 4986 γάμου
1599 4916 1777 4978 εἰωθὸς

177 5013 234 5066 ὃν
292 5016 347 5064 ὲκ
405 5012 564 5082 νόμου
614 5014 709 5068 τὴν
756 5016 856 5061 τῶν
912 5008 1177 5079 παρθένων
1248 5007 1490 5077 πράττειν
1558 5007 1773 5076 φθοράν.

178 5106 293 5171 Νεῲ
345 5097 404 5152 δὲ
447 5100 518 5160 εἰς
562 5095 803 5150 ἓπίδοσιν
846 5096 1014 5167 ὕψους
1064 5103 1152 5148 καὶ
1212 5093 1439 5155 πλάτους
1479 5092 1772 5166 ἀνέτρεχον.

173 5190 336 5242 ’Ὅσοι
394 5186 444 5241 δ’
499 5187 794 5261 ἀρκούντως
839 5182 1005 5257 εἶχον,
1056 5184 1461 5243 ἱπεσκευάςοντο
1494 5199 1507 5223 ν
1550 5179 1684 5240 ἦσαν
1724 5178 1776 5241 δ’

179 5277 231 5331 οἳ
297 5282 388 5330 καὶ
441 5280 497 5330 ἐκ
544 5272 818 5350 κρηπίδων
868 5273 1164 5326 ἀνίσταντο.
1207 5271 1454 5333 Βασιλεύς
1499 5268 1548 5324 δ’
1604 5271 1778 5330 αὐτοῖς

180 5366 495 5441 ἄπεχορήγει
565 5362 784 5436 δαψιλὲς
856 5366 915 5416 τὸ
979 5362 1246 5432 ἀνάλωμα,
1312 5369 1410 5419 τῶν
1481 5362 1776 5418 inteximus

179 5457 618 5523 ἐπιστατούντων,
722 5455 894 5507 πάντα
1002 5458 1256 5531 χορηγεῖν
1352 5448 1773 5522 κεκελευσμένων,

256 5630 309 5694 (1
334 5633 573 5711 )Πῆχυς,
605 5631 846 5689 cubitus
868 5628 1000 5687 Nili.
1030 5628 1173 5685 Plin.
1195 5626 1303 5687 lib.
1329 5642 1388 5694 ν,
1418 5642 1552 5700 cap.
1582 5631 1633 5685 9.

1896 564 2118 636 ubique
2144 571 2475 621 conventus
2501 565 2811 629 celebrari,
2843 563 2994 624 laetis
3023 564 3176 624 alius
3199 565 3383 627 alium
3416 582 3557 629 oeu-

1896 652 1969 707 lis
2029 656 2323 725 respicere
2377 661 2558 726 atque
2613 653 2861 711 hilarius
2919 654 3245 720 subridere,
3299 670 3556 715 mmrore

1900 742 2146 812 pristino
2178 744 2531 815 tristitiaque
2569 744 2778 813 ejecta,
2824 759 2984 800 nova
3020 743 3152 801 luce
3189 743 3324 802 loca
3352 745 3558 803 omnia

1897 830 2157 886 relucere
2189 850 2201 889 :
2239 832 2302 889 in
2344 832 2592 889 urbibus
2630 837 2687 887 et
2729 831 2873 888 vicis
2906 833 3192 891 omnibus
3232 849 3474 905 pmanes
3503 841 3560 895 et

1897 919 2124 990 hymni,
2150 920 2411 990 primum
2438 921 2684 991 quidem
2715 921 2777 978 in
2800 937 3001 980 rerum
3036 936 3310 981 omnium
3342 926 3555 989 Deum,

1895 1008 2115 1064 deinde
2141 1013 2320 1065 etiam
2353 1011 2411 1065 in
2434 1014 2614 1066 tantas
2639 1009 3048 1080 prosperitatis
3076 1011 3558 1070 subministratu-

1897 1113 2020 1153 rem
2053 1098 2209 1165 cani,
2246 1099 2537 1154 memoria
2575 1099 2873 1155 malorum
2906 1099 3150 1163 aboleri,
3185 1100 3411 1158 oblivio
3453 1101 3560 1161 im-

1897 1186 2131 1257 pietatis
2157 1186 2382 1250 induci,
2415 1203 2628 1243 omnes
2658 1188 3057 1258 prmsentibus
3086 1188 3264 1247 bonis
3304 1189 3557 1247 ubertim

1901 1276 1979 1333 uti
2010 1276 2144 1341 frui,
2177 1277 2376 1344 major
2415 1276 2596 1339 etiam
2628 1276 2956 1347 meliorque
2986 1293 3184 1335 rerum
3216 1276 3555 1337 futurarum

1897 1380 2036 1435 spes
2079 1381 2229 1430 esse,
2275 1366 2471 1436 legum
2513 1365 2786 1423 videlicet
2823 1374 2881 1422 et
2917 1366 3408 1426 constitutionum
3451 1366 3559 1425 hu-

1897 1454 2199 1509 manitatis
2213 1454 3147 1526 plenissimarum,bonorumque
3158 1454 3410 1515 aliorum
3426 1470 3558 1527 quae

1896 1548 2022 1597 tum
2055 1541 2237 1597 libere
2277 1550 2332 1598 et
2370 1543 2689 1614 propalam
2722 1542 3127 1613 jactahantur,
3158 1543 3556 1607 donationum

1895 1645 2138 1701 quoque
2167 1630 2625 1701 amplitudinem
2645 1630 2881 1701 pietatis
2908 1629 3340 1691 declarantium
3368 1649 3382 1685 ι
3410 1646 3559 1703 qua-

1895 1734 2030 1773 rum
2098 1719 2547 1775 multitudinem
2612 1734 2894 1790 quianam
2954 1718 3144 1779 oratio
3201 1734 3556 1781 enumerare

1894 1808 2120 1878 queat?
2152 1806 2457 1878 Siquidem
2491 1807 2810 1877 publicitus
2834 1823 3047 1867 omnes
3073 1809 3398 1878 imperator
3427 1808 3557 1879 ipse

1893 1895 2237 1951 cohortatus
2274 1903 2384 1961 est,
2437 1902 2498 1953 ut
2540 1896 2599 1952 in
2640 1897 2850 1968 primis
2882 1896 3153 1957 divinum
3198 1899 3429 1957 Numen
3460 1898 3556 1968 pie

1896 1984 2179 2047 colerent.
2234 1987 2382 2042 Nam
2432 1985 2536 2056 qui
2578 1985 2640 2051 in
2683 2001 2755 2051 eo
2793 1984 3105 2055 diligenter
3143 1985 3390 2048 colendo
3429 1991 3554 2045 stu-

1896 2073 2062 2129 dium
2121 2080 2432 2144 ponerent,
2477 2073 2764 2138 futurum,
2817 2079 2880 2133 ut
2925 2073 3135 2136 omnia
3181 2075 3266 2138 eis
3315 2074 3556 2139 abunde

1896 2177 2142 2233 prorsus
2159 2168 2502 2233 suppetant,
2536 2164 2861 2237 omniaque
2890 2168 3084 2233 empta
3109 2179 3247 2225 cum
3273 2178 3377 2232 spe
3404 2163 3557 2233 opti-

1900 2267 1999 2307 ma
2027 2250 2274 2308 feliciter
2314 2250 2527 2308 cedant
2559 2267 2572 2307 :
2616 2251 2711 2310 sin
2753 2268 2790 2309 ιι
2820 2253 3033 2327 pietate
3079 2250 3177 2311 tali
3216 2257 3273 2307 et
3302 2252 3422 2313 veri
3453 2252 3555 2309 Dei

1896 2340 2180 2409 religione
2228 2340 2595 2406 aberrarent,
2654 2339 2801 2400 nihil
2845 2356 2949 2397 eos
2995 2345 3050 2401 et
3092 2355 3238 2411 pace
3295 2346 3352 2396 et
3397 2340 3555 2401 bello

1897 2445 2082 2502 quam
2112 2444 2206 2483 res
2230 2428 2513 2485 adversas
2541 2434 2890 2499 exspectare
2919 2429 3138 2489 debere
3162 2429 3553 2493 confirmans.

1895 2522 2089 2590 Atque
2114 2518 2244 2577 hinc
2272 2517 2517 2588 quidem
2541 2533 2662 2575 non
2693 2533 2799 2589 per
2823 2518 3174 2587 jactantiam
3210 2517 3557 2589 gloriabun-

1896 2609 2031 2672 dus,
2062 2606 2166 2661 sed
2204 2608 2457 2677 gratiam
2505 2608 2603 2665 Dei
2632 2621 2967 2674 agnascens
2997 2612 3053 2665 et
3093 2607 3381 2678 proﬁteor
3421 2621 3556 2678 prc-

1897 2696 2047 2752 tulit.
2082 2696 2165 2752 lta
2205 2696 2297 2751 ille
2333 2696 2722 2755 commodum
2755 2710 2817 2753 se
2865 2699 2980 2757 Deo
3024 2696 3367 2759 ministrum
3400 2712 3555 2767 prea-

1895 2784 2069 2849 bens,
2107 2790 2292 2839 terras
2327 2800 2539 2843 omnes
2576 2784 2783 2842 ditioni
2816 2801 2939 2841 suae
2979 2785 3250 2854 subjecit,
3295 2791 3358 2839 ut
3397 2784 3555 2847 Citri-

1899 2876 2228 2939 stianorum
2258 2872 2464 2943 religio
2485 2889 2670 2943 quam
2700 2874 2960 2933 maritae
2988 2880 3300 2944 augeretur
3327 2889 3340 2933 ι
3370 2879 3425 2933 et
3449 2874 3555 2945 qui

1894 2963 1956 3017 in
1993 2979 2063 3019 ea
2102 2961 2357 3018 colenda
2403 2965 2746 3019 constanter
2784 2967 3250 3031 perseverarent,
3292 2961 3552 3027 illustres

1896 3052 2157 3107 maxime
2184 3050 2572 3120 dignitatibus
2611 3055 2666 3105 et
2708 3049 3041 3111 honoribus
3087 3050 3320 3115 ﬁerent.
3374 3050 3551 3125 51‘.

1895 3139 2140 3195 Talibus
2191 3139 2368 3209 igitur
2412 3139 2677 3197 consiliis
2740 3139 2947 3206 fretus,
2998 3155 3376 3211 quascunque
3422 3140 3550 3211 jam

1892 3229 2032 3284 inde
2064 3229 2142 3285 ab
2171 3229 2339 3291 initio
2365 3235 2572 3285 contra
2602 3244 2711 3287 nos
2744 3227 2981 3287 decreta
3012 3228 3268 3295 fuerant.
3300 3229 3553 3298 abroga-

1893 3318 1996 3383 vit,
2041 3316 2276 3374 exsules
2318 3317 2633 3383 revocavit,
2673 3316 2932 3381 honores
2970 3316 3081 3385 illis
3110 3322 3169 3375 et
3205 3317 3370 3379 bona
3416 3334 3546 3383 sua,

1893 3407 2018 3463 sive
2045 3406 2314 3463 militaris
2334 3405 2611 3476 dignitas,
2645 3422 2753 3465 seu
2774 3405 3077 3477 possessio
3099 3405 3245 3469 forte
3266 3406 3550 3477 cuiquam

1895 3496 2179 3567 adempta
2230 3495 2441 3560 fuerat,
2486 3495 2820 3555 restituens.
2878 3495 3173 3555 Ecclesiae
3223 3494 3549 3565 ampliores

1893 3584 2137 3645 publica
2158 3585 2417 3655 pecunia
2436 3585 2786 3651 construxit,
2806 3584 3244 3643 immunitatem
3264 3584 3546 3649 ministris

1893 3672 1993 3726 Dei
2044 3673 2358 3737 concessit,
2411 3676 2742 3730 conventus
2798 3672 2921 3729 ﬁeri
2974 3671 3256 3741 permisit,
3306 3671 3546 3743 aliaque

1892 3775 2175 3831 peragere
2201 3760 2396 3829 jussit,
2427 3774 2804 3830 quacunque
2835 3759 2913 3819 ad
2941 3758 3341 3821 Christianum
3372 3759 3547 3830 porti-

1894 3854 2034 3904 nent
2057 3847 2306 3905 cultum.
2338 3850 2656 3918 Postquam
2684 3851 2759 3903 ad
2791 3847 2948 3909 hunc
2970 3847 3220 3913 modum
3249 3862 3462 3909 omnes
3483 3846 3545 3911 in

1889 3936 2204 4006 pristinam
2256 3936 2560 3995 revocavit
2610 3936 2965 4000 libertatem.
3020 3937 3225 4006 eisque
3285 3935 3544 3999 honores

1890 4024 2093 4083 solitos
2124 4025 2408 4096 bonaque
2438 4039 2549 4085 sua
2574 4024 2843 4087 restituit.
2880 4024 2929 4083 si
2969 4024 3073 4096 qui
3105 4025 3408 4086 sententias
3448 4041 3543 4087 ca-

1892 4114 2053 4184 pitali
2083 4114 2349 4173 damnati
2376 4112 2560 4175 vitam
2589 4112 2942 4178 finivissent,
2965 4127 3181 4181 genere
3209 4112 3538 4184 proximos,

1891 4204 1941 4259 si
1981 4204 2083 4274 qui
2136 4206 2358 4267 essent,
2400 4202 2568 4263 adire
2611 4200 2849 4267 illorum
2888 4200 3272 4263 haereditates
3317 4201 3540 4271 jussit;

1890 4292 1939 4349 si
1972 4308 2092 4351 non
2122 4298 2335 4355 essent,
2362 4290 2476 4351 loci
2508 4291 2636 4360 ejus
2666 4290 2982 4351 ecclesiam
3014 4290 3075 4345 in
3103 4290 3268 4346 bona
3306 4307 3539 4356 eorum,

1890 4381 2012 4438 sive
2038 4381 2265 4451 privata
2287 4396 2391 4439 seu
2413 4379 2653 4450 publica
2678 4385 2895 4443 essent,
2924 4378 3242 4439 succedere
3264 4378 3392 4448 lege
3418 4380 3540 4447 tota

1889 4469 2189 4540 praecepit.
2233 4472 2423 4541 Atque
2466 4468 2598 4525 haec
2643 4468 2887 4539 quidem
2933 4469 2981 4525 si
3020 4468 3346 4537 imperator
3386 4475 3540 4531 recte

1888 4558 2195 4617 constituit
2224 4557 2605 4633 legitimoque
2634 4556 3013 4619 conﬁrmavit
3042 4571 3055 4610 :
3088 4563 3375 4627 praeterea
3404 4572 3540 4615 vero

1889 4648 2232 4706 Christianis
2286 4661 2500 4705 omnes
2552 4644 2838 4717 profanos
2894 4645 3281 4715 magistratus
3333 4660 3538 4715 gerere

1891 4735 2179 4806 permisit.
2208 4734 2414 4795 Festos
2444 4739 2647 4798 autem
2677 4734 2985 4803 gentilium
3012 4735 3161 4801 dies,
3190 4735 3540 4799 simulacro-

1888 4840 2019 4885 rum
2069 4825 2361 4888 victimas,
2422 4830 2479 4885 et
2532 4824 2720 4893 orgia,
2776 4823 3209 4886 incantationes
3260 4828 3317 4877 et
3368 4838 3543 4883 sacra
3608 4812 3612 4817 ’

1887 4914 2236 4971 daemonum
2275 4928 2520 4983 prorsus
2552 4912 2855 4983 prohibuit
2901 4917 2958 4969 et
3004 4911 3327 4973 interdixit.
3360 4911 3543 4975 Multa

1887 5002 2064 5062 etiam
2097 5016 2167 5056 ex
2197 5000 2849 5072 priseacousuetudine
2879 4999 2940 5056 in
2974 5000 3187 5061 melius
3210 4999 3289 5065 ah
3311 5015 3381 5061 eo
3412 5016 3542 5056 mu-

1887 5095 2032 5149 tata.
2062 5090 2235 5165 Apud
2263 5089 2548 5160 Egyptios
2575 5090 2737 5153 enim
2768 5088 3003 5149 cubitus
3034 5089 3112 5159 (ι)
3135 5104 3254 5152 non
3281 5089 3540 5161 amplius

1886 5180 1947 5239 in
1977 5180 2286 5247 gentilium
2323 5178 2595 5244 delubra,
2620 5176 2724 5235 sed
2761 5178 2821 5241 in
2863 5192 3065 5241 sacras
3104 5185 3341 5241 nostras
3379 5176 3540 5239 mdes

1886 5268 2254 5338 deportatus,
2275 5270 2453 5337 atque
2484 5265 2564 5329 ibi
2596 5266 2905 5329 dedicatus
2935 5271 3041 5331 est.
3061 5280 3183 5336 quo
3212 5266 3540 5331 incremen-

1886 5360 2011 5423 tum
2042 5355 2394 5419 exundantis
2423 5354 2533 5415 Nili
2572 5369 2850 5419 mensum
2883 5352 3366 5423 disposoebetur.
3400 5354 3540 5425 Spe-

1887 5444 2186 5501 ctaculum
2236 5443 2522 5513 singulari
2560 5444 2883 5511 certamine
2932 5442 3403 5511 concertantium
3460 5443 3535 5516 (2)

1959 5623 2040 5697 (2)
2070 5626 2129 5693 [τ.
2156 5620 2317 5683 unic.
2344 5622 2407 5685 Ο.
2442 5623 2524 5685 De.
2553 5619 2716 5692 sled.
2742 5619 2847 5681 lib.
2875 5635 2938 5687 ii.
