4028 6294
594 294 734 356 1319

1899 297 2280 354 NICEPHOBI
2321 295 2642 354 CALLISTI
3727 310 3822 365 i320

581 425 985 495 gladiatorum
1044 426 1246 481 Roma:
1298 424 1661 496 frequentari
1715 424 1982 491 solitum,
2036 440 2108 479 ex
2159 439 2217 479 ec

2341 432 2442 474 τῶν
2497 426 2586 484 τὰς
2643 426 2813 484 κοινὰς
2867 420 3160 485 διοικήσεις
3198 425 3445 496 ἑχόντων.
3496 426 3708 481 Ἐντεῦθεν
3731 439 3828 484 Σαν-

579 522 847 586 tempore
873 514 1260 582 prohibitum.
1283 514 1606 578 Phaanices,
1629 514 1729 584 qui
1756 514 2044 568 Libanum
2066 530 2232 568 mon-

581 613 696 658 tem
725 620 801 674 ap
831 603 1177 673 HeliOpolim
1220 602 1581 666 incolebant,
1624 604 1880 670 virgines
1920 619 2060 656 suas
2095 612 2231 656 ante

577 693 872 762 legitimas
892 709 925 746 n
939 695 1130 762 uptias
1153 691 1228 746 ad
1247 702 1517 763 stuprum
1542 694 1893 762 prostituere
1909 691 2227 753 desierunt,

576 784 741 853 quod
782 781 910 849 lege
957 787 1133 836 antea
1172 781 1335 851 apud
1380 796 1484 835 eos
1535 781 1660 836 fieri
1714 786 2019 851 receptum
2072 786 2219 834 erat.

575 871 819 942 Templa
859 870 1169 925 altitudine
1218 877 1273 924 et
1315 869 1624 924 latitudine
1655 869 1858 940 ampla
1909 874 2226 924 exstructa.

577 961 716 1024 Quae
758 975 899 1014 vero
929 958 1180 1014 antehac
1215 960 1341 1028 jam
1384 958 1680 1014 aediﬁcata
1719 959 1972 1021 fuerant,
2014 958 2230 1012 instru-

574 1055 778 1104 mento
801 1047 1205 1103 ecclesiastico
1233 1054 1288 1101 et
1314 1047 1578 1103 donariis
1604 1053 1910 1102 exornata.
1937 1045 2228 1102 Nonnulla

574 1136 753 1191 etiam
768 1152 837 1191 ex
853 1137 997 1206 ipsis
1011 1135 1417 1190 fundamentis
1429 1137 1680 1190 excitata
1692 1136 1939 1190 sunt.Ab
1955 1151 2088 1206 quae
2102 1151 2228 1189 om-

574 1225 676 1278 nia
710 1223 1035 1295 imperator
1075 1224 1392 1279 liberaliter
1441 1223 1749 1294 impensas
1799 1223 2067 1288 contulit,
2107 1225 2228 1294 epi-

573 1315 770 1384 scopis
785 1331 916 1368 eam
940 1330 1063 1368 rem
1079 1314 1450 1378 curantibus,
1474 1313 2226 1384 magistratibusquejussu

573 1403 728 1456 illius
771 1404 1089 1473 pecuniam
1141 1419 1212 1456 ex
1262 1401 1495 1472 publico
1546 1401 1969 1471 praebentibus.
2016 1401 2226 1455 Sauro-

573 1497 753 1547 matas
787 1507 1029 1564 quoque
1060 1497 1118 1546 et
1157 1492 1428 1546 nationes
1466 1492 1680 1544 Istrum
1725 1490 2081 1550 accolentes.
2117 1491 2222 1544 im-

573 1583 740 1652 peric
761 1583 890 1652 ejus
916 1581 1189 1646 subditas,
1217 1597 1347 1652 quae
1365 1580 1628 1648 gentium
1652 1579 1905 1634 aliarum
1934 1580 2220 1643 victrices,

574 1671 734 1726 solos
761 1673 1060 1725 Romanos
1086 1671 1186 1740 qui
1218 1671 1304 1722 eis
1331 1671 1683 1733 resisterent,
1715 1667 2074 1722 habuerunt.
2113 1670 2222 1722 Eas

571 1761 988 1814 Constantinus
1038 1758 1465 1813 miraculorum
1526 1764 2077 1827 nocturnorumque
2137 1755 2219 1809 in-
2253 1776 2298 1830 Β
2333 1767 2558 1834 φορητὴν

571 1850 941 1904 somniorum
967 1849 1522 1904 denuntiationibus
1549 1847 1785 1902 devicit.
1823 1849 2221 1917 Quoscunque

572 1947 774 1993 autem
828 1939 1085 2009 populos
1135 1937 1292 1992 bello
1353 1937 1528 2008 515
1591 1936 1912 2007 superavit,
1973 1935 2220 2006 perinde

569 2033 750 2100 atque
781 2045 918 2083 cum
942 2028 1167 2082 Christo
1204 2031 1278 2081 de
1303 2027 1492 2095 gloria
1530 2026 1934 2090 contenderet,
1966 2025 2220 2093 gratiam

569 2118 629 2172 in
671 2134 731 2172 se
768 2117 1068 2181 collatam,
1113 2116 1520 2186 propagandae
1551 2115 1855 2183 religionis
1899 2114 2094 2168 studio
2133 2130 2220 2167 re-

570 2206 797 2277 pendit.
843 2207 1062 2260 Omnes
1100 2220 1365 2275 namque
1411 2204 1687 2258 homines
1715 2203 1790 2257 ad
1831 2203 1988 2257 hanc
2025 2201 2217 2256 solam

569 2295 884 2350 colendam
915 2293 1206 2357 excitavit,
1241 2300 1295 2348 et
1324 2294 1382 2347 in
1413 2292 1694 2348 omnibus
1733 2292 2053 2362 provinciis
2087 2307 2218 2362 par-

569 2390 688 2439 tem
720 2385 984 2454 aliquam
1025 2382 1399 2452 publicorum
1435 2381 1805 2450 vectigalium
1837 2379 2103 2434 ecclesiis
2127 2383 2219 2434 tri-

569 2473 717 2538 buit,
749 2472 1258 2542 donationemque
1297 2487 1429 2526 eam
1458 2478 1648 2524 ratam
1676 2485 1805 2523 esse
1846 2469 2216 2540 temporibus

570 2561 927 2632 sreculisque
974 2560 1259 2614 omnibus
1308 2561 1525 2614 sanxit.
1578 2568 1765 2630 Atque
1815 2565 1876 2612 ut
1925 2559 2217 2612 memoria

571 2649 854 2705 continua
903 2649 1114 2703 milites
1167 2649 1459 2703 Christum
1518 2647 1708 2702 colere
1749 2646 2211 2711 assuefacerent,

570 2755 739 2794 arma
779 2755 983 2792 eorum
1011 2753 1180 2807 stgno
1207 2738 1397 2791 crucis
1421 2738 1748 2792 exornavit.
1780 2742 1841 2792 Et
1865 2753 2024 2801 cum,
2049 2736 2217 2790 sicuti

567 2827 796 2882 dictum
824 2833 930 2891 est,
962 2828 1020 2881 in
1050 2827 1339 2898 imperiali
1373 2825 1592 2896 palatio
1620 2841 1732 2880 suo
1763 2825 2048 2896 templum
2080 2841 2219 2880 con-

567 2917 798 2979 struxit,
843 2922 964 2970 tum
1005 2915 1341 2986 portatilem
1380 2913 1691 2970 ecclesiam
1731 2912 1913 2968 aliam
1945 2913 2070 2967 ﬁeri
2105 2913 2217 2969 sibi

567 3005 817 3071 curavit,
845 3020 979 3074 quae
1008 3004 1348 3074 ubicunque
1374 3003 1645 3058 locorum
1671 3007 1846 3071 esset,
1875 3008 1931 3057 et
1956 3003 2217 3057 maxime

2337 514 2566 585 ρομάται
2613 517 2704 583 μὲν
2746 517 2886 583 αύτῷ
2921 520 3006 566 καὶ
3052 518 3114 565 τὰ
3158 519 3449 587 Παρίστρια
3484 517 3584 573 ἔθνη
3613 519 3693 568 ὑπὸ
3724 531 3828 593 lati;

2337 602 2492 665 ἦσαν,
2550 602 2596 652 οἱ
2653 611 2751 653 τῶν
2812 603 2974 654 ἄλλων
3031 600 3344 676 βαρϐάαρων
3374 614 3664 676 κρατοῦντες,
3705 616 3828 677 μόνως

2335 696 2614 760 Ῥωμαίους
2673 689 3064 762 ἀνταγωνιστὰς
3111 689 3291 762 εἶχον·
3337 699 3474 761 νικᾲν
3525 689 3576 744 δε
3613 704 3743 746 ταῦτα
3773 706 3827 748 τὸν

2340 785 2724 830 Κωνσταντῖνον
2810 786 3037 850 σημείων
3125 785 3213 832 καὶ
3273 780 3534 854 ὀνειράτων
3606 781 3829 847 ἐπιδείξεσι,

2338 873 2448 919 Τῶν
2517 865 2575 920 δε
2630 869 2922 943 περικύκλῳ
2988 870 3192 940 πολέμῳ
3256 878 3476 943 κρατῶν,
3526 873 3675 942 ὧσπερ
3722 875 3764 923 iv
3800 895 3831 926 τι

2339 957 2765 1028 φιλοτιμούμενος
2829 962 2916 1010 τὸν
2977 958 3225 1030 Χριστὸν,
3278 958 3509 1030 ἠμείϐετο
3558 968 3612 1031 τῇ
3657 968 3750 1031 περὶ
3775 970 3834 1020 τὴν

2341 1048 2618 1118 θρησκείαν
2669 1043 2901 1119 σπουδῇ,
2956 1054 3089 1099 πᾶσι
3141 1044 3209 1104 δὴ
3256 1053 3545 1121 προτρέπων
3587 1053 3746 1106 ταύτην
3779 1060 3836 1121 μδ-

2336 1155 2426 1192 νην
2469 1142 2644 1206 τιμᾷν.
2703 1141 2804 1188 Καί
2859 1156 2909 1188 τι
2938 1133 2996 1188 δὲ
3044 1133 3302 1207 δημόσιον
3342 1138 3455 1188 καθ’
3507 1138 3701 1196 ἑκάστην
3737 1139 3839 1213 ἐπαρ-

2336 1229 2464 1294 χίαν
2519 1223 2838 1296 ἀφελόμενος,
2892 1233 3006 1286 ταῖς
3068 1225 3370 1286 ἐκκλησίαις
3414 1225 3652 1297 ἀπένειμε,
3701 1235 3765 1278 καί
3800 1251 3836 1296 7t

2336 1317 2394 1364 τὸ
2465 1321 2615 1385 κῦρος
2668 1317 2809 1385 ἔχειν
2860 1319 2952 1372 τὴν
3005 1311 3202 1388 δωρεὰν
3246 1314 3297 1374 ἇς
3343 1318 3428 1366 τὸν
3490 1317 3672 1368 ἅπαντα
3712 1337 3833 1388 Lam

2336 1401 2637 1473 ἐνομοθέτει.
2685 1410 2756 1474 Τῇ
2821 1411 3032 1475 συνεχεῖ
3100 1401 3158 1455 δὲ
3214 1409 3391 1475 μνήμη
3459 1406 3744 1476 προσεθίζων
3790 1427 3830 1458 π·

2335 1490 2439 1542 ϐειν
2499 1500 2817 1563 στρατιώτας
2857 1493 3107 1564 Χριστόν,
3151 1496 3212 1545 τὰ
3241 1496 3443 1544 ’τούτων
3495 1493 3616 1544 ὅπλα
3655 1503 3714 1565 τῷ
3755 1514 3832 1564 ευρ.

2333 1580 2466 1652 ϐολῳ
2504 1591 2594 1634 τοῦ
2650 1591 2877 1657 σταυροῦ
2923 1588 3318 1654 κατεσημαινεν.
3369 1582 3664 1640 Ἐκκλησίαν
3722 1581 3760 1635 δ’
3801 1589 3838 1643 ii;

2333 1674 2536 1745 εἴρηται
2609 1681 2719 1735 τοῖς
2793 1672 3089 1746 ἀνακτόροις
3155 1669 3527 1743 οἰκοδομήσας,
3596 1678 3675 1724 καὶ
3740 1692 3842 1744 pst:-

2646 1764 2816 1833 ἑτέραν
2897 1762 3175 1820 ἐκκλησίαν
3236 1765 3488 1833 ἐπετεχνᾶ
3541 1782 3565 1813 ο
3606 1781 3618 1794 ο
3665 1762 3719 1812 ἶν’
3779 1766 3840 1819 ὅτε

2330 1854 2452 1902 ποτε
2492 1859 2588 1920 γῆς
2650 1855 2748 1914 εἴη,
2804 1850 2899 1902 κὰν
2937 1857 3043 1911 τοῖς
3092 1852 3326 1923 πολέμοις
3393 1851 3654 1922 μάλιστα,,
3699 1871 3843 1923 περιοε-
3887 1911 3890 1916 ι

2327 1957 2410 2009 ροι
2453 1956 2466 1967 ·
2521 1942 2652 1992 ὥστε
2703 1937 2834 2011 μηδ’
2909 1943 2958 1991 ἐν
3020 1939 3195 2014 ἐρήμῳ
3253 1937 3526 2010 διάγοντα,
3583 1943 3708 1990 οἶκον
3752 1941 3844 1990 θείω

2327 2028 2542 2100 ἄμοιρον
2596 2027 2744 2092 εἶναι,
2822 2031 2942 2081 ἔνθα
2991 2033 3151 2103 χρεία
3208 2033 3407 2099 γένοιτο
3463 2033 3585 2081 Θεὸν
3636 2033 3844 2101 γεραίρειν,

2327 2122 2415 2168 καὶ
2475 2123 2776 2189 μυστηρίων
2832 2121 2976 2170 θείων
3037 2117 3398 2168 ἐπαπολιαύειν.
3458 2125 3690 2191 Παρῆσαν
3730 2113 3773 2167 δέ
3811 2135 3848 2183 ἰι

2325 2211 2413 2258 καὶ
2447 2209 2590 2280 ἱερεῖς
2639 2213 2728 2260 καὶ
2787 2204 3022 2259 διάκονοι
3090 2203 3527 2280 προσεδρεύοντες
3594 2214 3648 2276 τῇ
3711 2213 3847 2273 σκενῇ,

2323 2300 2412 2346 καὶ
2478 2295 2872 2368 ἀπαραλείπτως
2928 2301 3021 2353 τὴν
3085 2303 3178 2356 τῆς
3235 2294 3514 2356 ἐκκλησίας
3567 2301 3720 2346 πᾶσαν
3751 2294 3851 2353 τάξο

2325 2380 2737 2456 διακονούμενοι.
2790 2384 2884 2437 ⁴Ην
2945 2381 2994 2436 δ’
3049 2383 3277 2457 Ἑϐραῖοι
3328 2392 3537 2458 πρώτην
3595 2382 3720 2453 εἶχον

2322 2493 2437 2547 ραν,
2495 2473 2730 2532 ’Έλληνες
2797 2471 2847 2526 δ’
2925 2474 3049 2544 ἡλίῳ
3116 2472 3367 2538 ἀνέθεντο,
3433 2478 3685 2547 Κυριακην
3738 2490 3853 2522 κατω-

2322 2568 2536 2633 νόμασε,
2587 2569 2676 2615 καὶ
2722 2565 2837 2614 κατ’
2896 2563 3058 2620 αᾶτὴν
3106 2559 3165 2614 δὲ
3219 2564 3419 2623 πάντας
3480 2562 3738 2632 σχολάζειν
3783 2559 3854 2609 ἑνε-

2323 2654 2607 2722 μοθέτησεν
2641 2672 2652 2683 ·
2684 2655 2928 2712 ὡσαύτως
2962 2657 3051 2703 καὶ
3101 2657 3192 2708 τὴν
3248 2655 3349 2724 πρὸ
3381 2649 3643 2702 Σαϐϐάτου
3673 2671 3686 2682 ’
3723 2648 3856 2716 εὐχαῖς

2325 2738 2385 2792 δὲ
2413 2742 2696 2812 σχολάζειν
2727 2748 2814 2793 και
2863 2741 3030 2800 λιταῖς
3075 2745 3132 2792 τὸ
3187 2748 3335 2792 Θεῖον
3388 2738 3609 2802 ἐξιλεούν
3632 2760 3644 2771 ο
3681 2743 3758 2794 τὴν
3778 2741 3854 2806 ao,

2324 2830 2402 2881 ὃτι
2436 2829 2485 2880 ἐν
2508 2835 2670 2902 ταύτῃ
2704 2829 2907 2890 ἁνέσνη,
2960 2835 3053 2887 τὴν
3085 2826 3144 2881 δὲ
3196 2826 3289 2880 διὰ
3325 2832 3414 2880 τὸν
3449 2831 3667 2899 σταυρὸν
3712 2825 3760 2876 οὗ
3797 2833 3856 2881 τὶς

2323 2923 2505 2992 πείρας
2552 2928 2648 2971 τῶν
2703 2918 2911 2989 ἀγαθῶν
2969 2918 3270 2979 πολλαπλῶς
3330 2920 3552 2989 ᾑσθετο.
3597 2924 3683 2968 ’ον
3735 2911 3856 2981 διεξε-

2324 3015 2514 3083 ροντως
2572 3029 2753 3078 τιμων,
2813 3010 2907 3060 κὰν
2957 3015 3067 3067 τοῖς
3128 3012 3356 3080 κίρμασι
3401 3012 3497 3059 καὶ
3537 3008 3722 3064 πάσαις
3766 3005 3844 3054 ξαε-

569 3093 627 3148 in
661 3092 816 3148 bello
864 3092 1231 3147 circumferri
1281 3098 1487 3163 posset
1545 3099 1608 3146 ut
1651 3107 1724 3146 ne
1777 3092 1838 3146 in
1898 3091 2216 3146 solitudine

2329 3117 2410 3150 σιν
2472 3096 2895 3171 ἐγχαράττεσθαι
2953 3093 3229 3152 διετύπου.
3293 3098 3571 3169 Μάρτυρες
3647 3095 3699 3146 αἰ
3733 3094 3837 3146 simi;
3907 3097 3912 3102 ’

569 3181 816 3252 quidem
845 3197 1051 3251 agens,
1087 3181 1185 3236 ubi
1218 3198 1372 3251 opus
1403 3187 1558 3236 esset
1599 3181 1908 3252 Deumque
1939 3181 2131 3236 colere
2162 3186 2216 3235 et

567 3271 772 3325 divina
800 3272 1080 3341 mysteria
1105 3271 1458 3342 participare
1480 3270 1742 3334 deberet,
1772 3270 2006 3324 aedibus
2031 3270 2216 3324 sacris

565 3363 826 3414 careret:
856 3359 934 3413 ad
964 3374 1150 3430 quam
1183 3358 1360 3413 veluti
1389 3358 1467 3413 ad
1495 3357 1946 3413 tabernaculum
1980 3374 2216 3430 semper

567 3455 784 3520 praesto
815 3449 976 3503 fuere
1009 3448 1347 3503 sacerdotes
1371 3453 1428 3502 et
1451 3447 1708 3511 diaconi,
1754 3449 1879 3501 sine
1919 3449 2218 3503 intermis-

567 3539 734 3593 sione
770 3538 1098 3592 ministeria
1137 3537 1362 3602 divina,
1387 3537 1558 3608 juxta
1590 3542 1774 3593 statas
1809 3537 2078 3592 Ecclesiae
2107 3553 2219 3592 caa-

564 3627 890 3686 remonias,
939 3627 1250 3681 obuentes.
1300 3627 1462 3680 Diem
1507 3642 1645 3680 eum
1692 3625 1772 3695 (l)
1814 3642 1996 3696 quem
2030 3625 2218 3695 judaei

565 3717 827 3786 primum
870 3721 1284 3779 numerarunt,
1321 3722 1378 3770 et
1416 3716 1600 3770 Graeci
1637 3714 1745 3770 soli
1779 3714 2073 3781 dicarunt,
2105 3715 2219 3770 Dos

566 3805 849 3858 minicum
872 3804 946 3874 (2)
979 3803 1320 3875 appellavit,
1341 3819 1600 3874 eumque
1625 3804 1839 3858 festum
1867 3803 2215 3859 etferiatum

569 3908 699 3947 esse
739 3893 1022 3948 omnibus
1059 3894 1186 3962 lege
1222 3893 1343 3948 lata
1384 3893 1628 3947 statuit:
1669 3893 1936 3948 similiter
1975 3900 2032 3948 et
2076 3910 2215 3948 eum

563 3983 667 4051 qui
717 3981 1047 4037 Sabbatum
1092 3983 1391 4052 praecedit,
1436 3988 1497 4036 ut
1544 3983 1603 4036 in
1656 3981 1726 4036 iis
1774 3983 2216 4051 precationibus

563 4085 943 4134 vacaremus,
997 4070 1653 4141 supplicationibusque
1709 4071 1894 4124 Deum
1945 4087 2215 4126 exorare-

563 4175 738 4214 mus:
769 4159 1021 4214 alterum
1048 4161 1314 4231 quidem,
1344 4159 1507 4231 quod
1531 4161 1588 4214 in
1613 4175 1682 4214 eo
1720 4160 1985 4215 Christus
2023 4176 2214 4215 resur-

563 4249 712 4304 rexit
763 4265 776 4302 :
829 4247 1082 4302 alterum
1133 4256 1331 4302 autem
1398 4253 1636 4319 propter
1692 4264 1950 4312 crucem,
2008 4265 2044 4304 a
2091 4265 2214 4321 qua

563 4338 888 4409 plurimum
922 4337 1035 4391 sibi
1075 4337 1373 4392 bonorum
1413 4338 1755 4407 provenisse
1798 4337 1973 4392 variis
2017 4339 2213 4393 modis

563 4433 840 4497 expertus
859 4425 1069 4480 fuerat.
1095 4429 1282 4490 Quam
1310 4427 1486 4481 etiam
1509 4426 1587 4480 ob
1609 4442 1855 4481 causam
1883 4443 2017 4482 eam
2049 4444 2209 4481 sum-

562 4531 806 4587 mOpere
830 4516 886 4569 in
928 4515 1306 4570 veneratione
1327 4515 1576 4584 habens,
1608 4515 1668 4570 in
1696 4517 1959 4570 nummis
1998 4520 2120 4570 suis
2157 4524 2214 4573 et

560 4604 926 4676 imaginibus
953 4604 1235 4658 omnibus
1258 4604 1508 4675 insculpi
1534 4603 1895 4675 inscribique
1923 4605 2079 4660 fecit.
2109 4605 2214 4659 Te-

565 4701 797 4749 stantur
825 4694 940 4748 hoc
968 4694 1260 4760 imagines
1285 4695 1414 4764 ejus
1435 4693 1641 4748 habitu
1669 4710 1740 4748 eo
1765 4700 1819 4749 et
1845 4693 2042 4749 forma
2075 4711 2208 4765 pro-

564 4783 796 4853 positas.
829 4780 1196 4852 Supplicium
1229 4783 1438 4845 crucis,
1471 4784 1637 4852 quod
1669 4785 1950 4837 Romanis
1980 4799 2046 4838 ex
2079 4783 2210 4854 lege

563 4871 840 4941 frequens
882 4872 1140 4926 maxime
1176 4876 1232 4925 et
1259 4871 1536 4926 usitatum
1564 4870 1689 4941 fuit,
1723 4887 1794 4926 ex
1817 4872 2060 4943 judiciis
2092 4874 2206 4938 sui,

564 4959 825 5014 sustulit.
867 4961 928 5013 Et
968 4977 1103 5014 cum
1149 4960 1335 5014 divmi
1378 4960 1570 5015 cultus
1603 4960 1863 5029 augendi
1907 4961 2209 5016 studiosus

562 5050 690 5114 fuit,
719 5057 841 5104 tum
872 5051 1128 5104 ferendis
1151 5051 1327 5104 etiam
1355 5049 1591 5119 legibus
1614 5049 1855 5105 laudem
1877 5056 1932 5105 et
1957 5051 2208 5121 gloriam

562 5146 649 5195 est
669 5145 1047 5194 consecutus.
1067 5143 1211 5195 Nam
1241 5138 1576 5210 impudicos
1607 5138 1964 5210 illicitosque
1990 5156 2206 5194 concu-

559 5228 740 5292 bitus,
773 5244 926 5300 quos
958 5237 1094 5284 ante
1125 5245 1260 5282 eum
1289 5243 1467 5283 nemo
1499 5227 1852 5292 inhibuerat,
1890 5229 2017 5299 ipse
2049 5245 2208 5284 coer-

561 5319 702 5384 cuit,
720 5319 888 5372 sicuti
918 5317 1033 5373 hoc
1063 5335 1133 5372 ex
1159 5317 1684 5373 constitutionibus
1705 5317 1755 5388 ej
1768 5334 1834 5372 us
1854 5318 2208 5391 legibusque

631 5442 706 5513 (t)
748 5445 805 5498 L.
835 5421 1044 5497 Omnes
1072 5443 1326 5496 Iudices.
1356 5442 1416 5497 C.
1453 5442 1533 5498 De
1561 5442 1682 5497 feri.

632 5515 710 5583 (2)
750 5531 778 5562 ι(
826 5517 941 5569 Noc
980 5513 1121 5566 illud
1167 5515 1492 5578 omiserim,
1541 5520 1769 5568 mutata
1811 5514 2044 5570 dierum
2076 5517 2211 5570 isto-

561 5599 694 5640 rum
719 5585 966 5639 nomina
984 5585 1043 5638 in
1065 5599 1199 5655 quas
1221 5599 1380 5639 nunc
1403 5601 1438 5640 a
1459 5585 1798 5641 Christianis
1823 5595 2206 5658 usurpautur,

2326 3187 2506 3251 αὐτοῦ,
2558 3185 2606 3237 ἐν
2655 3189 2818 3257 τούτῳ
2861 3182 3016 3237 οὖσαι
3065 3193 3158 3237 τοῦ
3220 3191 3526 3256 σχήματος.
3564 3188 3667 3241 Τὴν
3718 3176 3842 3232 (liii:

2327 3283 2558 3347 σταυροῦ
2639 3280 2889 3348 τιμωρίαν
2958 3274 3231 3344 Ῥωμαίοις
3311 3273 3549 3345 μάλιστα
3631 3274 3846 3342 numam:

2326 3364 2380 3416 ἐκ
2427 3370 2586 3433 νόμου
2638 3373 2736 3415 τῶν
2786 3360 3145 3436 δικαστηρίων
3204 3362 3404 3425 ἐξέωσε.
3467 3367 3568 3415 Καὶ
3627 3360 3850 3431 θερατεᾶεπυ

2325 3457 2414 3526 μεν
2467 3457 2525 3504 τὸ
2567 3455 2698 3505 θεῖον
2753 3453 2830 3504 ἀεὶ
2880 3449 3225 3516 ἐσπούδαζεν,
3276 3453 3352 3511 οἷς
3399 3447 3464 3503 δὲ
3503 3451 3722 3523 μάλιστα
3756 3465 3853 3517 νομα-

2329 3545 2484 3595 θετῶν
2564 3539 2871 3612 διεφαίνετο.
2958 3544 3063 3602 Τὰς
3136 3547 3261 3611 γοῦν
3339 3538 3663 3599 ἀκολάστους
3717 3536 3852 3609 μίξεις.

2326 3639 2396 3704 μη
2467 3650 2602 3693 τινος
2659 3628 2899 3702 ἐμποδὼν
2963 3632 3344 3700 καθισταμένου
3423 3634 3688 3704 πρότερον,
3750 3626 3856 3679 criti;

2327 3720 2714 3794 ἐπανὼρθωσεν,
2777 3723 2843 3781 ὡς
2910 3720 2965 3771 ἐκ
3024 3727 3121 3770 τῶν
3178 3722 3416 3788 κειμένων
3479 3738 3640 3789 νομων
3686 3710 3855 3768 συνιδεῐι

2326 3810 2514 3872 ἔξεστι.
2599 3815 2698 3861 Καὶ
2768 3812 2854 3862 τὸν
2920 3809 3064 3881 παρὰ
3137 3806 3405 3877 Ῥωμαίοις
3488 3809 3674 3858 ἄτοπον
3732 3807 3856 3873 νόμον.

2326 3904 2396 3969 μὴ
2457 3907 2553 3949 τῶν
2606 3901 2733 3948 ἰσων
2765 3901 3004 3968 μετέχειν
3052 3895 3098 3946 ἐν
3146 3895 3321 3968 κλήρῳ
3369 3904 3484 3957 τοῖς
3541 3895 3588 3946 ἐν
3630 3897 3760 3965 γάμῳ
3801 3893 3857 3939 τά)
3903 3895 3906 3950 ἓ

2325 3989 2548 4058 ἄγαμον,
2608 3991 2696 4037 καὶ
2751 3990 2866 4044 τοὺς
2913 3990 2983 4057 μὴ
3036 3988 3257 4054 ἔγγιστα
3293 3988 3478 4054 γένους
3531 3990 3656 4056 μήτι
3707 3975 3860 4052 κερδευ·
3903 3971 3910 4012 ί

2323 4097 2423 4128 νειν
2478 4079 2532 4128 ἐκ
2591 4071 2874 4138 διαθήκης,
2916 4077 2990 4125 ἔτι
3045 4070 3102 4125 δε
3149 4079 3238 4125 καὶ
3287 4077 3344 4124 τὸ
3392 4077 3521 4134 τοὺς
3559 4068 3766 4129 ἄπαιδας
3798 4069 3858 4126 ἔτι
3903 4073 3910 4100 ε

2323 4173 2475 4236 μιούν
2538 4171 2634 4225 τῆς
2697 4168 3020 4236 περιουσίας,
3091 4166 3148 4214 τὸ
3214 4165 3380 4233 ἣμισυ
3449 4160 3856 4236 παρακελευόμενει

2323 4254 2568 4327 περιεῖλεν
2610 4269 2622 4281 ·
2690 4257 2772 4306 ἵνα
2823 4258 2895 4325 μὴ
2953 4255 3096 4325 παρὰ
3150 4259 3303 4304 τοῦτο
3366 4261 3552 4323 χεῖρον
3607 4253 3854 4324 πράττοντες

2322 4348 2372 4397 οἱ
2422 4348 2507 4396 τὸν
2563 4344 2740 4413 ἄζυγα
2787 4344 3043 4415 μετιόντες
3098 4339 3207 4414 βίον
3265 4349 3359 4401 τῆς
3399 4344 3540 4393 κατὰ
3588 4344 3707 4393 Θεὸν
3740 4337 3855 4389 ἀσκέ-

2325 4454 2452 4494 σεως
2497 4433 2720 4504 ἁμελεὶεν
2760 4447 2773 4460 ·
2837 4431 3024 4503 μᾶλλον
3084 4427 3142 4482 δὲ
3195 4435 3284 4481 καὶ
3330 4429 3480 4481 πλέον
3538 4433 3678 4500 ἔχειν
3733 4426 3855 4493 ἐνομο-

2324 4526 2507 4580 θέτησε
2563 4526 2684 4583 τοὺς
2751 4521 3027 4594 ἐγκρατείᾳ
3091 4524 3180 4571 καὶ
3245 4521 3501 4592 παρθενίᾳ
3563 4515 3852 4570 διαϐιοῦντας·

2321 4618 2464 4664 Πᾶσι
2498 4607 2552 4663 δ’
2603 4607 2690 4662 οὖν
2734 4618 2842 4670 τοῖς
2880 4613 3158 4672 τοιούτοις,
3197 4613 3288 4659 καὶ
3327 4608 3371 4660 εἱ
3413 4607 3603 4666 ἄνηϐοι
3648 4600 3855 4668 thyia-

2319 4703 2556 4753 τίθεσθαι
2638 4704 2694 4751 τὸ
2763 4696 2919 4761 δοξαν
3002 4701 3286 4769 ἐνομοθέτει
3343 4701 3487 4768 παρὰ
3558 4701 3616 4748 τὸ
3699 4691 3906 4746 ἓιιποῖυιε⁴

2317 4799 2586 4864 κρατῆσαν
2637 4791 2745 4849 ἔθος
2800 4788 3094 4860 Ῥωμαίοις,
3169 4786 3217 4838 οἳ
3279 4789 3491 4846 τούτους
3558 4790 3676 4846 τοὺς
3719 4788 3857 4852 νόμους

2318 4878 2583 4950 πρόπαλαι
2657 4880 2844 4943 ἔθεντο,
2904 4876 3304 4948 πολυάνθρωπον
3369 4880 3461 4932 τήν
3535 4874 3679 4926 πόλιν
3736 4870 3857 4920 α’.)τῶν

2319 4966 2447 5019 εἶναι
2501 4971 3004 5041 πραγματευόμενοι.
3059 4967 3276 5017 στάσεσι
3364 4969 3451 5015 καὶ
3518 4962 3746 5033 πολέμοις
3797 4976 3859 5025 εει-

2319 5055 2518 5127 φυλίοις
2593 5059 2691 5126 πρὸ
2765 5062 2855 5106 τοῦ
2928 5060 3086 5124 νόμου
3162 5055 3228 5105 τὰ
3299 5051 3468 5110 πλήθη
3552 5043 3912 5102 ἀποϐαλόντες-ξ

2317 5151 2684 5218 Τεκμηριώσαι
2755 5139 2814 5196 δε
2869 5141 3071 5194 κάκεῖνο
3150 5150 3246 5202 τῆς
3326 5149 3415 5194 τοῦ
3476 5138 3727 5214 βασιλέωῖ
3774 5151 3855 5201 ""7!

2317 5237 2412 5290 τὴν
2456 5238 2633 5285 πίστιν
2685 5228 2869 5293 αἰδοῦς
2925 5234 3116 5297 ἰκανὸν,
3185 5232 3361 5302 ὅτιπερ
3419 5229 3694 5304 κληρικούς
3739 5229 3850 5292 νόμω

2321 5325 2459 5375 θέσει
2508 5324 2707 5382 πάντας
2764 5320 2956 5382 ἀτελεῖς
3020 5323 3181 5377 εἴασε.
3239 5324 3344 5377 Τὴν
3426 5315 3483 5370 δε
3552 5322 3669 5392 περὶ
3719 5312 3854 5366 αὐτοὺς

2319 5451 2560 5528 auctore
2634 5445 3011 5528 Constantino
3079 5444 3361 5528 principe,
3404 5443 3575 5528 ‘sicut
3634 5436 3848 5528 indlhtl‘s

2319 5518 2523 5573 Graeca
2547 5517 2888 5572 laudatione
2928 5501 3196 5571 meminit
3224 5501 3609 5586 Nicephorus.
3641 5532 3667 5565 ν
3696 5501 3846 5576 Angel-

2319 5589 2583 5645 Politiau.
2615 5589 2865 5645 Miscell.
2900 5603 3036 5660 cap.
3067 5589 3126 5643 8.

3903 4933 3920 4976 ζ

3903 5005 3918 5046 F
