4028 6294
238 355 370 410 1321

235 476 390 538 δίκην
470 486 578 540 τοῖς
641 477 946 539 ἐπισκόποις
1017 478 1332 551 ἐπέτρεψε-ν’

233 570 603 640 παραιτεῖσθαι
660 572 774 627 τοὺς
832 571 896 620 τὰ
953 567 1196 618 πολιτικὰ
1260 572 1546 640 κρίνοντας.
1597 572 1701 624 Τὴν
1771 586 1828 638 γε

235 661 336 728 μὴν
392 658 578 708 ἐκεῖθεν
659 655 832 728 ψῆφον
892 659 948 707 τὸ
1019 664 1176 730 κῦρος
1249 665 1345 707 τῶν
1407 656 1570 708 antle
1625 657 1826 707 πάντων

235 751 398 817 φέρειν
438 745 744 815 ἐνομοθέτει,
805 744 1160 818 ἀμετάτρεπτα
1217 742 1274 796 δὲ
1316 742 1444 797 εἶναι
1497 750 1584 797 καὶ
1648 747 1712 796 τὰ
1761 752 1822 816 τῇ

237 831 442 906 συνόδῳ
500 831 820 905 διωρισμένα
849 852 860 862 ·
911 837 974 886 τά
1017 854 1076 904 γε
1119 840 1223 905 μὴν
1282 833 1504 896 ἐκείνους
1553 841 1826 906 κρινόμενα

236 923 306 984 εἰς
349 925 496 993 ἔργον
552 924 694 992 ἄγειν
748 928 836 974 καὶ
892 925 1147 993 καθιστᾴν
1206 927 1325 984 τοὺς
1379 925 1443 974 τὰ
1498 925 1646 975 κοινὰ
1694 917 1827 972 διοι-

233 1020 450 1074 κούντας
502 1014 762 1085 ἄρχοντας
819 1016 910 1063 σὺν
969 1019 1078 1072 τοῖς
1118 1013 1230 1062 πύπό
1272 1019 1431 1084 χεῖρα
1481 1015 1825 1083 στρατιώταις

233 1105 430 1163 αὐτοῖς.
490 1107 589 1154 Καὶ
651 1106 742 1159 την
799 1100 1083 1174 ἐλευθερίαν
1125 1097 1182 1152 δε
1231 1106 1368 1171 νόμῳ
1427 1110 1488 1173 τῇ
1539 1099 1826 1168 Ἐκκλησία

231 1192 614 1262 κατεχαρίζετο
643 1208 654 1219 ·
704 1195 794 1241 καὶ
842 1197 949 1250 τοίς
995 1189 1044 1260 γ’
1079 1189 1515 1264 ἐλευθερουμένοις
1545 1189 1644 1241 ὑπό
1689 1189 1826 1260 μάρ-

235 1299 358 1332 τυσι
427 1287 537 1340 τοῖς
605 1282 796 1350 ἱερεῦσι
850 1287 912 1350 τῇ
996 1277 1232 1349 πολιτείᾳ
1296 1278 1559 1350 Ῥωμαίων
1640 1279 1826 1350 έγγρά-

235 1371 441 1440 φεσθαι.
482 1372 688 1421 Τούτων
740 1365 798 1420 δε
844 1370 1046 1420 πάντων
1096 1373 1185 1418 καὶ
1239 1369 1264 1418 ό
1324 1371 1506 1439 χρόνος
1561 1366 1610 1428 ἔς
1670 1362 1826 1440 δεῦρο

236 1462 371 1531 φέρει
420 1462 506 1509 τόν
553 1458 788 1528 ἔλεγχον,
822 1455 901 1509 ἀεὶ
949 1464 1040 1508 τού
1081 1458 1242 1516 ,ἔθους
1294 1458 1362 1518 ὡς
1400 1455 1567 1516 καλῶς
1597 1458 1824 1527 ἔχοντος,

234 1548 630 1618 ύπερτεροῡντος
687 1556 776 1597 τοὺ
839 1551 1033 1619 χρόνου
1091 1551 1180 1596 καὶ
1234 1545 1581 1617 ἑνισχύοντος.
1642 1550 1740 1597 Καὶ
1799 1545 1823 1595 ὀ

235 1638 324 1706 μεν
385 1643 602 1687 τοιαῦτα
655 1630 970 1694 σπουδάζων
1019 1633 1322 1706 ἐνομοθέτει,
1380 1637 1550 1707 ἔργοις
1619 1632 1697 1684 ἀεὶ
1767 1636 1823 1684 τὸ

238 1726 367 1775 θεῖον
423 1725 749 1798 θερραπεύειν
801 1725 1098 1796 αἱρούμενος
1151 1721 1346 1784 Ἀλλως
1397 1741 1449 1774 τε
1499 1718 1558 1774 δὲ
1611 1723 1640 1780 ἡ
1702 1723 1824 1795 θρη-

237 1817 386 1864 σκεία
436 1819 525 1864 καὶ
563 1813 680 1863 καθ’
720 1811 906 1870 ἑαυτὴν
964 1811 1279 1883 ἀκμάζουσα
1312 1807 1392 1876 ἦν,
1437 1808 1530 1863 διὰ
1567 1815 1660 1869 τὴν
1713 1809 1824 1884 ἀρε-

235 1906 327 1960 τὴν
358 1910 455 1953 τὼν
495 1908 608 1953 τότε
637 1907 911 1972 μετιόντων
942 1901 1124 1958 αὐτήν.
1163 1905 1260 1954 Καὶ
1298 1902 1398 1973 γάρ
1453 1920 1561 1960 πως
1618 1898 1824 1953 πολλλοὶ

234 1999 489 2063 περιῆσαν
545 1993 616 2042 ἔτι
674 1998 772 2041 τῶν
827 1989 1156 2061 ὁμολογητῶν
1211 1997 1302 2042 τοῦ
1352 1985 1590 2059 διωγμοῦ
1641 1988 1825 2051 λήξαν-

153 2131 160 2138 ,
234 2098 347 2139 τος,
399 2085 497 2132 Καὶ
535 2079 696 2140 ἄλλως
753 2078 812 2132 δε
864 2079 1053 2149 ἀγαθοὶ
1105 2083 1194 2130 καὶ
1246 2078 1587 2130 ἀποστολικοὶ
1627 2074 1826 2150 διεφαί-

232 2188 372 2220 νοντο
416 2165 622 2242 ἄνδρες,
667 2170 838 2241 ἔργοις
888 2174 977 2219 καὶ
1029 2169 1199 2238 λόγοις
1259 2172 1351 2226 τὴν
1401 2172 1580 2219 πίστιν
1642 2169 1826 2238 σεμνύ-

233 2275 418 2321 νοντες,
469 2261 580 2329 περὶ
634 2257 700 2306 ὧν
753 2254 824 2328 τῷ
880 2263 1200 2330 προσήκοντι
1240 2261 1378 2327 τόπῳ
1434 2252 1822 2326 διαληψόμεθα.

1229 349 1805 410 ECCLESIASTICE
1843 348 2207 410 HISTOHIzE
2251 355 2382 412 LIB.
2427 353 2545 413 VII.

1394 487 1498 550 εῖγε
1554 476 1824 550 βούλοιντο

1940 477 2067 534 latis
2119 487 2298 550 patet.
2339 482 2644 538 Absurdas
2683 483 2861 539 etiam
2903 482 3032 539 illas
3071 482 3234 556 apud
3289 485 3593 539 Romanos

3441 352 3583 412 {322

1936 566 2114 638 leges,
2162 586 2233 624 ne
2274 571 2515 626 caelibes
2548 572 2607 626 in
2638 571 2920 628 adeunda
2950 571 3294 628 haereditate
3325 571 3593 641 conjugi-

1935 657 2048 712 bus
2073 667 2473 728 aquarentur,
2507 676 2654 716 neve
2683 665 3080 733 prmterquam
3108 676 3322 730 genere
3355 661 3595 733 propin-

1935 747 2036 818 qui
2057 747 2392 819 quidquam
2422 766 2488 804 ex
2515 755 2864 806 testamento
2883 749 3279 806 lucrarentur:
3304 755 3592 822 praeterea

1937 843 2000 890 ut
2024 837 2124 906 qni
2157 836 2375 892 liberos
2399 854 2517 893 non
2549 845 2982 910 procreassent,
3011 838 3262 895 dimidia
3293 839 3591 894 bonorum

1937 932 2100 994 parte
2171 926 2580 992 multarentur,
2647 927 2980 997 abrogavit,
3041 943 3114 982 ne
3185 926 3425 992 scilicet,
3485 925 3592 998 qui

1935 1013 2273 1069 caelibatum
2305 1015 2858 1085 complecterentur,
2890 1031 3011 1088 quo
3041 1015 3331 1071 deteriore
3369 1014 3592 1071 maritis

1939 1102 2114 1174 516
2163 1109 2360 1158 essent
2398 1104 2760 1169 conditione,
2808 1104 3005 1159 minus
3044 1120 3178 1160 eam
3226 1109 3593 1161 sectarentur

1935 1193 2138 1257 vitam,
2171 1207 2304 1264 quae
2337 1209 2397 1248 se
2438 1193 2496 1248 in
2539 1193 2748 1248 studiis
2779 1193 2894 1249 Deo
2928 1193 3156 1264 placitis
3187 1193 3402 1258 sedulo,
3424 1209 3592 1250 exer-

1935 1285 2044 1334 cet.
2085 1281 2236 1345 Quin
2279 1286 2340 1336 ut
2385 1281 2422 1335 ii
2454 1283 2556 1352 qui
2599 1297 2702 1352 per
2739 1282 3166 1338 continentiam
3215 1283 3272 1337 in
3312 1282 3592 1338 cmlibatu

1937 1369 2118 1424 vitam
2140 1369 2386 1438 degunt,
2417 1371 2785 1440 praecipuum
2814 1370 3107 1442 quiddam
3136 1387 3256 1441 prae
3283 1370 3394 1426 illis
3411 1369 3592 1427 habe-

1933 1463 2085 1525 rent,
2129 1459 2326 1513 sanxit
2380 1473 2392 1511 :
2453 1463 2514 1512 ut
2565 1457 2803 1514 caelibes
2853 1458 3076 1514 scilicet
3123 1474 3354 1524 omnes,
3409 1459 3588 1516 etiam

1934 1545 2300 1617 impuberes,
2342 1563 2449 1618 pro
2488 1563 2558 1602 eo
2606 1553 2784 1618 atque
2825 1547 2910 1602 eis
2945 1547 3138 1602 visum
3179 1554 3355 1612 esset,
3388 1545 3586 1604 testari

1934 1642 2178 1705 possent
2224 1651 2237 1686 :
2285 1641 2494 1691 contra
2538 1636 3034 1691 consuetudinem
3075 1653 3211 1707 quae
3247 1635 3392 1692 olim
3422 1635 3588 1707 apud

1935 1725 2238 1778 Romanos
2281 1723 2636 1792 obtinuerat,
2683 1725 2785 1795 qui
2824 1723 2984 1794 leges
3016 1723 3161 1779 tales
3201 1724 3474 1790 tulerant,
3523 1728 3587 1781 ut

1864 1842 1905 1896 Β
1938 1812 2146 1867 urbem
2185 1813 2576 1868 seditionibus
2621 1813 2905 1886 bellisque
2946 1812 3213 1868 civilibus
3253 1820 3388 1869 ante
3425 1813 3587 1884 ejus-

1935 1901 2098 1956 modi
2120 1900 2491 1956 sanctionem
2518 1901 2889 1966 exhaustam,
2917 1901 3262 1973 civibusque
3287 1901 3584 1966 orbatam,

1936 1989 2334 2044 matrimoniis
2349 1989 2792 2063 liberorumque
2806 1989 3214 2061 procreatione
3228 1989 3586 2062 frequentio-

1934 2093 2059 2132 rem
2091 2077 2426 2134 redderent.
2460 2079 2588 2144 Qua
2623 2095 2762 2135 vero
2804 2079 3123 2150 imperator
3163 2079 3587 2135 Constantinus

1933 2167 2317 2223 observantia
2337 2183 2478 2238 erga
2505 2166 2938 2240 professionem
2969 2167 3108 2223 ﬁdei
3139 2175 3356 2224 nostras
3387 2167 3584 2237 fuerit,

1934 2255 2175 2310 abunde
2201 2254 2344 2310 illud
2366 2272 2610 2328 quoque
2633 2262 2893 2320 testatur,
2918 2257 3079 2329 quod
3103 2257 3348 2312 clericos
3369 2271 3582 2312 omnes

230 2347 644 2400 constitutione
689 2347 805 2400 lata
845 2345 1146 2400 immunes
1187 2345 1525 2415 liberosque
1566 2360 1697 2398 esse
1748 2344 2019 2415 permisit
2067 2360 2078 2398 :
2117 2345 2540 2416 judiciumque
2587 2349 2644 2400 et
2680 2346 3155 2416 jurisdictionem
3200 2344 3259 2400 in
3303 2361 3408 2401 eos
3454 2346 3582 2416 epi-

233 2435 452 2504 scopis,
505 2434 804 2505 siquidem
871 2435 1134 2488 civilium
1179 2433 1456 2502 judicum
1503 2433 1909 2502 cognitionem
1952 2433 2249 2488 declinare
2306 2433 2536 2501 vellent,
2587 2435 2896 2490 mandavit
2939 2452 2952 2487 :
2998 2441 3054 2488 et
3093 2433 3260 2505 quod
3311 2433 3583 2506 episcopi

223 2523 614 2594 judicassent,
656 2523 715 2577 id
755 2522 936 2578 robur
975 2530 1031 2578 et
1077 2529 1487 2578 auctoritatem
1528 2522 1834 2577 sententias
1869 2537 2112 2578 omnem
2151 2522 2373 2577 habere
2411 2522 2630 2578 debere
2668 2523 2948 2578 decrevit.
2994 2522 3190 2578 Firma
3229 2539 3472 2596 quoque
3528 2527 3586 2580 et

231 2613 628 2668 immutabilia
665 2628 797 2667 esse
832 2611 1015 2667 voluit
1044 2628 1177 2684 quae
1207 2613 1266 2666 in
1299 2611 1547 2683 synodis
1578 2611 1899 2666 constituta
1928 2617 2145 2666 essent.
2179 2614 2248 2665 Et
2277 2627 2413 2682 quas
2443 2611 2520 2666 ab
2550 2611 2851 2683 episcopis
2883 2611 3147 2682 iudicata
3178 2612 3389 2677 forent,
3426 2617 3584 2669 utea

229 2718 265 2758 a
296 2702 738 2772 magistratibus
773 2700 1140 2772 respublicas
1172 2699 1733 2755 administrantibus
1774 2699 2128 2770 militarique
2158 2714 2294 2770 quae
2329 2699 2441 2754 sub
2471 2699 2555 2754 eis
2585 2705 2742 2755 esset
2780 2715 2967 2756 manu
2997 2699 3363 2756 exsecutioni
3403 2715 3576 2758 man-

229 2792 533 2859 darentur,
566 2796 745 2861 atque
783 2789 861 2846 ad
903 2807 1025 2845 rem
1068 2789 1282 2844 coliata
1325 2789 1765 2860 perﬁcerentur,
1817 2788 2138 2843 constituit.
2182 2788 2534 2844 Libertatem
2571 2805 2814 2862 quoque
2858 2789 3128 2845 Ecclesia;
3171 2789 3300 2860 lege
3341 2789 3462 2846 lata
3501 2791 3582 2862 (l)

229 2880 540 2941 concessit,
591 2885 645 2933 et
686 2883 746 2932 ut
786 2878 1049 2933 libertate
1090 2878 1502 2932 sacerdotibus
1557 2877 1808 2932 testibus
1849 2876 2055 2932 donati
2097 2878 2314 2932 civium
2365 2878 2772 2934 Romanorum
2823 2893 3074 2934 numero
3115 2878 3573 2934 ascriberentur.

230 2969 372 3034 Quae
393 2967 602 3022 omnia
621 2973 856 3038 tempus
882 2982 1124 3038 quoque
1153 2968 1346 3036 ipsum
1380 2966 1452 3022 ad
1488 2967 1647 3021 hunc
1675 2981 1860 3036 usque
1883 2966 2064 3030 diem,
2093 2967 2522 3023 consuetudine
2559 2967 2815 3038 probata
2841 2966 3237 3039 plurimorum
3280 2983 3582 3025 annorum

228 3058 608 3129 praevalente,
642 3056 977 3110 conﬁrmat.
1024 3060 1212 3128 Atque
1245 3055 1340 3110 ille
1370 3055 1616 3127 quidem
1649 3070 1870 3125 magno
1903 3054 2102 3110 studio
2131 3055 2291 3125 leges
2321 3055 2618 3126 ejusmodi
2648 3055 2935 3120 condidit,
2970 3055 3148 3112 rebus
3187 3063 3387 3112 autem
3428 3056 3580 3129 ipsis

231 3145 456 3201 cultum
488 3143 751 3199 divinum
788 3144 997 3199 sedulo
1030 3144 1402 3216 propagavit.
1437 3145 1549 3198 Sed
1578 3150 1634 3199 et
1660 3145 1791 3214 ipsa
1823 3143 2029 3214 religio
2063 3160 2165 3216 per
2197 3144 2460 3216 seipsam
2498 3144 2833 3201 admodum
2866 3145 3068 3214 viguit,
3097 3151 3340 3218 propter
3369 3161 3576 3202 eorum

233 3235 335 3305 qui
381 3250 514 3290 eam
558 3233 834 3288 colebant
880 3234 1159 3288 virtutem
1220 3249 1233 3287 :
1285 3232 1447 3304 quod
1501 3233 1667 3287 multi
1715 3232 1913 3288 adhuc
1957 3235 2368 3304 persecutione
2408 3233 2602 3306 sopita
2640 3239 3021 3306 superessent
3063 3234 3458 3290 confessores.
3517 3236 3582 3290 Et

234 3327 445 3394 praeter
465 3337 567 3377 eos
590 3321 690 3378 alii
716 3337 956 3393 quoque
983 3328 1106 3376 tum
1139 3322 1411 3377 exstitere
1438 3337 1662 3390 magna
1689 3320 1878 3391 gloria
1902 3320 2042 3376 boni
2072 3321 2501 3394 apostolicique
2526 3322 2658 3392 viri,
2688 3321 2973 3396 cperibus
3003 3322 3184 3378 simul
3218 3330 3274 3378 et
3299 3323 3583 3381 doctrinis

227 3410 412 3468 ﬁdem
443 3412 700 3466 maxime
730 3417 1106 3475 exornantes,
1140 3411 1212 3466 de
1245 3409 1464 3483 quibus
1495 3409 1630 3466 loco
1663 3426 1769 3465 suo
1801 3409 2051 3467 dicetur.

831 3539 1074 3590 ΚΕΦᾹΛ.
1118 3542 1249 3589 ΜΖ’.
1867 3537 1908 3593 C

229 3643 436 3705 Ὀπως
493 3651 983 3702 Κωνσταντίνος
1043 3646 1110 3696 τὸ
1153 3643 1510 3704 Βυζάντιον
1571 3639 1684 3695 διὰ
1721 3644 1830 3715 μά-

439 3736 566 3787 χης
603 3717 771 3780 ἑλὼν,
817 3716 1212 3776 Βυζαντίους
1252 3715 1612 3768 ἀπέκτεινε.

2441 3537 2611 3610 517
2641 3538 2868 3594 CAPUT
2888 3538 3085 3595 XLVII.

1947 3643 2018 3700 Ut
2055 3645 2502 3710 Constantinus,
2529 3646 2823 3714 Byzantio
2858 3645 3010 3701 bello
3037 3651 3233 3714 capto,
3261 3646 3582 3716 Byzantios

2447 3718 2746 3773 occidione
2774 3717 3074 3773 occiderit.

302 3821 390 3884 ’.Ως
448 3819 506 3874 δε
557 3824 620 3874 τὰ
661 3831 760 3874 τῶν
799 3823 1030 3893 πολέμων
1063 3827 1146 3873 καί
1197 3823 1262 3872 τὰ
1299 3822 1432 3872 κατὰ
1463 3824 1554 3879 τὴν
1588 3821 1829 3892 θρησκεί-

235 3931 295 3963 αν
342 3911 511 3973 καλῶς
561 3914 734 3982 ἱκείνῳ
777 3914 1100 3985 προύχώρει,
1158 3915 1248 3962 καὶ
1303 3912 1367 3961 τὰ
1410 3917 1504 3970 τῆς
1562 3909 1692 3980 έῴας
1741 3913 1831 3960 καὶ

237 4001 478 4071 ἑσπερίου
529 4000 716 4062 λήξεως
777 4002 877 4052 ὑπὸ
931 4007 1092 4073 χεῖρα
1137 4002 1303 4069 τούτῳ
1332 4004 1650 4070 γεγένηνται,
1682 4004 1832 4070 μόνος

235 4109 290 4141 τε
388 4088 722 4162 αὐτοκράτωρ
816 4088 1081 4160 Ῥωμαίων
1188 4089 1526 4158 ἀνηγορεύετο
1559 4105 1571 4116 °
1651 4088 1676 4138 ό
1741 4089 1832 4158 μεν

237 4181 651 4250 Χριστιανισμὸς
703 4178 889 4240 ηὔξανε
935 4180 1236 4250 καθημέραν
1263 4193 1276 4205 °
1314 4174 1502 4248 βαθεῖα
1548 4172 1605 4229 δε
1653 4175 1828 4248 εἰρήνη

237 4273 350 4326 ταῖς
428 4265 741 4338 Ῥωμαϊκαῖς
825 4266 1103 4326 πολιτείαις
1175 4265 1520 4338 ἰπεχωρίαζε.
1603 4269 1833 4322 Θνήσκει

238 4358 329 4426 μεν
385 4357 411 4408 ό
462 4364 559 4408 τῶν
604 4358 752 4408 υἱέων
809 4360 1099 4426 πρώτιστος
1154 4358 1291 4424 αύτῷ
1353 4359 1624 4427 Κρίσπος·
1678 4353 1834 4414 αὐτὸς

243 4441 300 4496 δε
365 4449 637 4516 Καίσαρας
682 4446 799 4504 τούς
875 4441 1045 4506 ἰδίους
1098 4439 1296 4504 παῖδας
1352 4445 1830 4514 καταστησάμενος,

240 4537 330 4585 καὶ
369 4537 456 4584 τὸν
511 4542 712 4604 πρῶτον
765 4538 1078 4586 Κώνσταντα
1126 4531 1480 4603 παραπέμψας
1529 4540 1589 4604 τῇ
1639 4531 1830 4604 Ῥώμῃ,

241 4625 326 4674 ἐπὶ
377 4625 495 4683 τοὺς
537 4622 854 4683 Βυζαντίους
900 4623 1107 4696 ἰχωρει.
1161 4622 1330 4682 Βύζας
1367 4624 1469 4692 γάρ
1520 4640 1599 4682 τις
1651 4619 1834 4678 Ἕλλην

243 4713 292 4762 ἓν
322 4717 436 4772 ταῖς
484 4713 699 4784 ἡμέραις
739 4718 998 4767 Μανασσῆ
1033 4718 1122 4762 τοῦ
1179 4718 1268 4769 τῆς
1320 4706 1595 4772 Ἰουδαίας
1644 4712 1835 4780 κατάρ-

244 4817 428 4870 χοντος
475 4802 665 4871 μικρὰν
716 4799 866 4851 πόλιν
917 4801 1003 4850 ἐπὶ
1051 4807 1122 4868 τῷ
1174 4798 1345 4869 οἰκείῳ
1384 4797 1596 4870 ὀνόματι
1645 4797 1837 4867 ἀνεγεί-

2012 3821 2342 3894 Postquam
2387 3838 2527 3878 vero
2570 3829 2627 3877 et
2669 3823 2804 3878 belli
2833 3828 2887 3877 et
2916 3821 3217 3894 religionis
3252 3839 3344 3878 res
3379 3823 3430 3880 ei
3467 3822 3588 3880 feli-

1940 3913 2082 3967 citer
2131 3916 2564 3977 successerunt,
2617 3911 2864 3968 Orientis
2923 3911 3102 3967 simul
3159 3919 3215 3967 et
3257 3914 3588 3969 Occidentis

1940 4001 2213 4072 regiones
2263 3999 2321 4054 in
2362 4000 2645 4056 ditionem
2697 4001 2826 4071 ejus
2878 4007 3296 4072 pervenerunt,
3354 4008 3411 4058 et
3461 4001 3588 4074 ipse

1941 4088 2104 4143 solus
2146 4091 2548 4143 Romanorum
2591 4089 2915 4160 imperator
2946 4089 3139 4144 factus
3172 4096 3278 4154 est,
3311 4091 3588 4148 Christia-

1941 4178 2174 4232 nismus
2209 4179 2265 4231 in
2297 4177 2424 4232 dies
2455 4180 2645 4247 magis
2671 4194 2740 4233 ac
2769 4178 2959 4248 magis
2995 4184 3358 4250 propagatus
3390 4187 3502 4242 est.
3534 4188 3590 4236 et

1941 4283 2057 4339 pax
2083 4267 2402 4339 tranquilla
2427 4283 2528 4336 per
2551 4283 2728 4322 omne
2757 4269 3090 4322 Romanum
3121 4267 3433 4339 imperium
3460 4269 3584 4328 fuit.

1943 4359 2008 4411 Et
2034 4361 2157 4410 tum
2183 4357 2426 4427 quidem
2457 4357 2718 4426 Crispus,
2750 4355 3046 4411 maximus
3078 4361 3220 4412 natu
3250 4356 3402 4412 ﬁlius
3433 4359 3588 4430 ejus,

1940 4443 2100 4499 diem
2127 4460 2302 4498 suum
2330 4443 2494 4499 obiit.
2523 4445 2649 4514 ipse
2675 4459 2814 4499 vero
2846 4443 3083 4515 reliquis
3109 4444 3238 4499 ﬁliis
3265 4447 3591 4503 Caesaribus

1941 4533 2132 4597 dictis,
2181 4539 2234 4587 et
2278 4532 2666 4588 Constantino
2712 4540 2857 4588 natu
2899 4537 3026 4586 tum
3068 4533 3296 4603 majore
3338 4539 3592 4592 Romam

1941 4620 2156 4684 misso,
2201 4625 2407 4675 contra
2448 4620 2756 4692 Byzantios
2793 4622 2872 4689 (2)
2920 4627 3005 4676 est
3045 4621 3368 4692 profectus.
3408 4623 3593 4695 Byzas

1942 4723 2205 4779 namque
2240 4707 2488 4778 quidam
2523 4723 2737 4776 genere
2777 4707 3033 4772 Graecus,
3078 4710 3443 4780 temporibus
3478 4714 3594 4767 Ma-

1943 4813 2135 4852 nassae
2155 4795 2496 4851 Iudaeorum
2523 4797 2675 4865 regis
2699 4797 2905 4851 urbem
2931 4812 3177 4868 parvam
3203 4799 3318 4852 sub
3351 4802 3594 4855 nomine

245 4903 370 4959 ρει⁶
423 4887 483 4945 ἢν
561 4888 780 4944 ἔκπαλαι
863 4885 1120 4960 βάρϐαροι
1207 4884 1395 4958 ἄνδρες
1460 4891 1828 4958 κατῳκημένοι,

1944 4902 2053 4940 suo
2083 4885 2431 4952 construxit,
2463 4901 2647 4955 quam
2681 4886 3006 4955 antiquitus
3047 4887 3320 4942 homines
3354 4887 3594 4944 barbari

247 4977 530 5047 αὐτονομίᾳ
583 4982 673 5028 καὶ
717 4975 992 5047 ἀγριότητι
1047 4982 1333 5049 χρώμενοι,
1367 4976 1466 5028 ὑπὸ
1505 4983 1663 5047 χεῖρα
1702 4979 1836 5046 γενέ-

1578 5065 1681 5117 Καὶ
1735 5067 1836 5114 τοί-

245 5173 335 5204 νυν
387 5155 515 5225 μετὰ
573 5157 660 5205 τὸν
729 5156 1030 5206 Βιθυνιακόν
1099 5156 1233 5205 κατὰ
1310 5158 1544 5206 Λικινίου
1597 5151 1834 5222 πόλεμον,

248 5066 373 5116 σθαι
419 5063 693 5136 Ῥωμαίοις
761 5066 1093 5116 παντάπασιν
1162 5063 1502 5136 ἀπηγόρευον.

247 5252 338 5303 τῆς
413 5238 772 5314 Νικομηδείας
819 5241 1019 5314 ἀπάρας
1076 5243 1102 5293 ό
1147 5248 1546 5304 Κωνσταντίνος,
1617 5243 1839 5301 ἐκείνους

249 5329 523 5402 έφίστατο.
562 5331 700 5384 Ἐπεὶ
745 5327 796 5384 δ’
829 5333 878 5382 οἱ
921 5331 1198 5391 Βυζάντιοι
1247 5335 1318 5402 μὴ
1352 5333 1439 5382 τὸν
1480 5333 1680 5400 αὐχένα
1727 5329 1842 5379 κλί-

353 5567 399 5634 t)
429 5568 494 5621 L.
534 5570 548 5621 Ι
596 5570 653 5623 et
678 5569 736 5624 2.
777 5567 835 5622 C.
866 5567 946 5623 De
975 5567 1068 5622 his
1098 5565 1290 5638 quiin
1322 5566 1816 5638 ecclesumanum.

1943 4974 2288 5037 incolentes,
2330 4981 2641 5045 propterea
2683 4973 2847 5044 quod
2901 4975 3025 5030 suis
3064 4974 3246 5031 libere
3291 4983 3594 5032 uterentur

1943 5063 2196 5130 legibus,
2219 5070 2272 5116 et
2295 5065 2645 5130 agrestiores
2667 5069 2884 5124 essent,
2911 5065 3316 5118 Romanorum
3340 5064 3594 5136 imperio

1946 5151 2236 5219 subjicere
2261 5167 2322 5205 se
2350 5166 2595 5221 prorsus
2618 5159 2960 5207 renuerunt.
2989 5151 3191 5222 itaque
3220 5161 3350 5222 post
3371 5152 3595 5210 bellum

1946 5241 2004 5295 in
2059 5239 2327 5310 Bithynia
2368 5248 2578 5294 contra
2623 5238 2907 5294 Licinium
2949 5246 3204 5310 gestum,
3250 5242 3595 5298 Nicomedia

1947 5326 2183 5382 solvens
2218 5327 2657 5393 Constantinus,
2693 5326 2915 5382 bellum
2955 5329 3039 5383 eis
3071 5327 3286 5384 intulit.
3330 5329 3593 5401 Byzantii

344 5632 402 5713 2)
440 5638 745 5712 Oppidum
779 5632 1129 5722 Byzantium
1166 5637 1368 5693 liberas
1399 5635 1779 5703 conditionis,
1813 5650 1852 5693 a
1875 5640 1992 5692 itca
2019 5635 2214 5707 Lygos
2253 5633 2502 5690 dictum.
2536 5632 2684 5690 Plin.
2717 5634 2825 5690 lib.
2858 5650 2938 5704 iv,
2977 5651 3116 5708 cap.
3155 5637 3243 5692 11.

487 5745 726 5805 ΡΑτιιοι..
771 5747 874 5804 Gn.
960 5745 1163 5802 CXLV.

3253 5747 3324 5802 42
