4028 6294
557 373 702 430 ⁷1323

1853 369 2243 426 NICEPHORI
2288 368 2606 425 CALLISTI

3709 373 3807 427 1324

557 513 737 571 porro
790 514 926 555 cum
978 499 1270 556 cervicem
1319 497 1373 554 ei
1430 496 1778 553 submittere
1823 500 1882 551 et
1919 497 2172 552 tributun

2281 515 2412 550 ,νειν
2458 500 2548 547 καὶ
2602 498 2788 567 φόρους
2828 495 2986 548 τελεῖν
3023 495 3222 558 ἤθελον,
3273 495 3496 567 μαλιστα
3546 493 3595 548 δὲ
3639 505 3709 550 καὶ
3745 504 3809 552 τὸν

553 588 816 660 pendere
856 588 1100 655 nollent,
1141 587 1640 660 pertinaciterque
1688 589 1971 642 Romanae
2019 585 2202 642 servi-

556 677 696 734 tutis
720 678 934 749 jugum
966 682 1320 745 excuterent,
1353 693 1446 732 res
1491 675 1570 731 ad
1619 691 1836 731 manus
1869 675 2138 748 pervenit
2185 691 2198 729 :

553 781 622 822 ac
649 767 853 838 prmlio
878 768 1224 832 commisso,
1256 781 1357 821 sex
1387 765 1574 820 millia
1605 765 1790 836 primo
1820 764 1878 819 in
1912 767 2198 821 Constan-

550 855 655 910 tini
691 861 967 923 exercitu,
1008 855 1227 910 deinde
1268 853 1547 910 conﬂictu
1592 853 1774 909 altero
1811 854 1919 909 tria
1959 869 2196 909 rursum

549 943 741 1000 millia
763 945 1078 1000 hominum
1109 949 1246 1000 sunt
1275 959 1451 999 caesa.
1483 944 1610 1009 Quo
1635 943 1886 998 fortunae
1914 958 2196 998 successu

551 1033 808 1104 Byzantii
853 1031 1090 1103 sublati,
1151 1038 1215 1087 ut
1269 1031 1474 1103 copias
1527 1033 1932 1086 Romanorum
1983 1047 2195 1086 omnes

548 1121 947 1188 conciderent,
975 1120 1392 1194 dispiciebant.
1428 1121 1600 1176 Pauci
1632 1135 1896 1192 namque
1945 1135 2015 1175 eo
2044 1126 2196 1176 tem-

546 1225 690 1282 pore
719 1227 858 1267 cum
886 1211 1247 1282 imperatore
1277 1210 1491 1266 milites
1519 1215 1708 1274 erant,
1741 1208 2026 1264 omnibus
2053 1208 2192 1276 fere,

544 1301 762 1371 exiguo
804 1305 1051 1371 excepto
1089 1316 1363 1368 numero,
1403 1299 1478 1354 ad
1523 1297 1871 1370 prtesidium
1913 1300 2194 1355 Romanae

544 1389 806 1456 ditionis,
853 1390 1016 1462 quod
1048 1389 1122 1445 de
1154 1392 1460 1444 Persarum
1495 1386 1864 1460 expeditione
1909 1393 1964 1442 et
1994 1388 2193 1443 incur-

543 1479 709 1534 sione
734 1479 1141 1534 renuntiatum
1167 1484 1340 1544 esset,
1373 1478 1591 1533 missis.
1619 1478 1879 1548 Vespera
1903 1475 2017 1534 diei
2045 1482 2187 1547 erat,

542 1572 599 1623 et
631 1567 958 1640 imperator
993 1567 1316 1637 languidus
1355 1572 1412 1622 et
1449 1573 1695 1621 mmstus
1727 1565 1932 1637 inopia
1962 1566 2190 1621 consilii

536 1657 818 1713 continue
873 1657 1081 1713 oculos
1135 1656 1195 1711 in
1241 1656 1459 1712 caelum
1507 1654 1760 1710 intendit
1817 1670 1830 1708 :
1885 1661 2062 1726 atque
2105 1655 2188 1711 ibi

534 1762 795 1811 rursum,
836 1746 1037 1802 itidem
1070 1750 1132 1801 ut
1175 1748 1377 1800 Romae
1426 1761 1562 1799 cum
1596 1750 1801 1800 contra
1832 1745 2187 1800 Maxentium

2309 583 2592 657 Ῥωμαϊκὸν
2646 593 2740 645 τῆς
2803 581 3042 646 δουλείας
3099 585 3257 656 ζυγὸν
3317 583 3606 650 ἀπεσείοντο,
3659 589 3714 648 εἰς
3750 594 3814 640 τὸν

2309 677 2435 746 πρὸς
2495 673 2740 734 ἀλλήλους
2802 673 3182 748 ἀνεῤῥιπίζοντο
3239 674 3455 746 πόλεμον
3501 695 3511 706 ·
3553 682 3630 727 καὶ
3677 677 3816 750 συρρα-

2307 767 2494 833 γέντων
2563 763 2634 824 εἰς
2691 764 2895 834 μάχην,
2958 763 3011 826 ἓξ
3067 761 3312 834 χιλιάδες
3390 771 3456 833 τῷ
3524 770 3818 836 Κωνσταντίνῳ

2308 854 2519 904 ἔπιπτον
2547 873 2560 884 ·
2611 851 2844 923 συμϐολὴ
2880 847 3119 924 δευτέρα,
3165 858 3256 904 καὶ
3307 861 3438 926 τρεῖς
3483 850 3614 915 αὖθις
3659 857 3817 906 ἔπιπτον

2306 938 2566 1012 χιλιάδες.
2619 942 2882 996 Ἐντεῦθεν
2949 940 3404 1013 ἀναθαρσήσαντες
3477 945 3522 994 οἱ
3583 943 3816 1008 Βυζάντιοι,

2309 1032 2517 1101 σύμπαν
2568 1032 2668 1082 ὑπὸ
2722 1038 2881 1105 χεῖρα
2943 1033 3124 1083 θέσθαι
3194 1034 3252 1082 τό
3304 1031 3555 1102 Ῥωμαίων
3613 1032 3818 1083 ὁπλιτικὸν

2307 1116 2639 1172 διεσκόπουν.
2694 1119 2896 1190 Ὀλιγοι
2935 1123 3035 1193 γὰρ
3077 1117 3326 1178 τηνικάδε
3355 1128 3582 1193 παρῆσαν
3705 1119 3820 1192 βίοιο

2303 1206 2396 1273 λεί,
2465 1209 2668 1260 πάντων
2748 1208 2878 1267 πλὴν
2965 1208 3146 1279 ὀλίγων
3226 1207 3308 1261 ἐπὶ
3383 1209 3697 1282 παραφυλακῇ
3752 1218 3822 1272 τῆς

2299 1296 2501 1369 Ῥώμης
2569 1297 2977 1368 ἀπεσταλμένων,
3061 1296 3248 1369 ἐφόδου
3339 1305 3543 1371 Περσῶν
3613 1298 3821 1369 ἀγγελθεί-

2305 1405 2401 1447 σης
2433 1405 2447 1418 ’
2505 1386 2591 1448 Ὠς
2643 1383 2695 1438 δ’
2739 1390 2931 1461 ἑσπέρα
2975 1387 3342 1457 κατελάμϐανε,
3401 1385 3461 1445 ἦν
3517 1392 3597 1458 μὲν
3638 1387 3769 1439 ἀλύων
3804 1392 3822 1439 ὁ

2302 1473 2570 1546 βασιλεὺς,
2632 1480 2721 1526 καὶ
2773 1479 2830 1527 τὸ
2889 1479 3034 1547 ὄμμα
3091 1474 3272 1550 ἀθρόον
3313 1476 3591 1535 ἐκπετάσας
3619 1476 3682 1537 εὶς
3713 1477 3822 1547 ούρα-

2298 1567 2401 1629 νὸν,
2457 1563 2644 1625 ἐπίσης
2695 1569 2784 1616 καὶ
2836 1564 2982 1624 αὖθις
3040 1566 3210 1636 ὥσπερ
3271 1564 3319 1616 ἐν
3364 1565 3529 1637 Ῥώμη
3584 1570 3703 1616 κατά
3747 1567 3824 1620 Ms-

2298 1652 2490 1714 ξεντίου
2559 1656 2871 1726 στρατεύων,
2931 1658 3135 1728 γραφήν
3195 1651 3244 1706 δ’
3312 1653 3538 1728 ἀστέρων
3579 1656 3665 1726 ὁρᾷ
3695 1655 3826 1724 λέγον-

2300 1759 2430 1794 σαν’
2475 1741 2903 1794 Ἐπικοίλεσαί
2949 1763 3021 1814 με
3058 1743 3123 1794 ἐν
3185 1745 3391 1818 ἡμέρᾳ
3433 1743 3686 1813 θλίψεως
3725 1764 3825 1806 σον,

531 1834 759 1893 bellum
789 1841 1032 1906 gereret,
1066 1834 1411 1907 scripturam
1442 1833 1744 1888 stellarum
1771 1833 1978 1888 ordine
2009 1840 2172 1904 atque

2295 1836 2400 1883 καὶ
2462 1831 2804 1902 ἑξελοῦμαί
2870 1851 2953 1896 σε,
3016 1837 3123 1884 καὶ
3177 1829 3497 1894 δοξάσεις
3544 1853 3628 1904 με.
3673 1833 3829 1904 Sipng

531 1909 908 1980 distinctione
934 1923 1364 1980 conformatam
1398 1921 1567 1986 vidit,
1596 1921 1710 1977 hoc
1741 1922 1824 1976 sic
1850 1921 2188 1991 signiﬁcan-

535 2015 644 2068 tem
678 2029 690 2067 :
725 2013 942 2069 Invoco
975 2027 1063 2068 me
1101 2013 1162 2067 in
1195 2011 1288 2067 die
1331 2010 1735 2067 tribulationis
1767 2015 1902 2074 tuac,
1955 2019 2009 2065 et
2050 2009 2187 2066 libe-

532 2101 678 2158 rabo
705 2108 776 2168 te,
801 2107 855 2158 et
883 2101 1247 2172 gloriﬁcabis
1273 2115 1381 2156 me.
1414 2102 1662 2170 Stupore
1694 2099 1868 2168 igitur
1903 2099 2180 2169 percitus,

530 2197 770 2247 rursum
819 2189 1024 2246 oculos
1067 2190 1126 2244 in
1184 2189 1400 2245 coelum
1458 2188 1690 2243 sustulit
1735 2194 1915 2260 atque
1969 2188 2182 2243 iterum

530 2295 768 2335 crucem
801 2278 982 2335 stellis
1025 2279 1198 2334 sicuti
1235 2284 1412 2334 antea
1442 2277 1766 2347 eiﬁgiatam
1811 2277 1869 2331 in
1914 2276 2086 2342 coelo,
2128 2282 2182 2333 et

528 2367 981 2440 inscriptionem
1025 2367 1250 2423 circum
1281 2383 1416 2422 eam
1453 2367 1783 2436 conspexit,
1835 2365 2006 2436 cujus
2054 2367 2180 2421 haec

527 2455 714 2513 verba
735 2464 902 2513 erant
928 2474 942 2507 :
961 2456 1034 2513 In
1058 2457 1167 2513 hoc
1189 2458 1315 2527 ipso
1336 2457 1504 2526 signo
1529 2455 1718 2511 hostes
1739 2470 1937 2511 omnes
1961 2456 2176 2512 vinces.

525 2547 590 2602 Et
635 2546 950 2603 confestim
997 2547 1056 2602 in
1088 2545 1445 2602 memoriam
1485 2545 1536 2600 ei
1566 2560 1700 2617 qum
1732 2549 1907 2600 antea
1949 2543 2176 2600 accide-

523 2639 678 2701 rant,
722 2651 956 2692 venere.
999 2635 1175 2708 518
1221 2633 1502 2690 Postridie
1534 2649 1675 2705 ergo
1720 2633 2032 2688 classicum
2084 2649 2176 2690 ca-

524 2740 664 2780 nere
707 2726 907 2798 jussit,
967 2725 1361 2796 praeliumque
1413 2739 1622 2780 rursus
1677 2739 1815 2778 cum
1870 2723 2174 2794 Byzantiis

522 2814 824 2870 commisit
875 2833 890 2868 :
943 2814 1215 2886 etquod
1265 2819 1558 2885 tropaeum
1609 2816 1664 2866 et
1717 2811 1953 2881 signum
1981 2812 2172 2866 crucis

521 2903 784 2976 praeferri
832 2903 888 2958 in
941 2903 1066 2958 acie
1123 2901 1493 2966 mandasset,
1549 2900 1773 2956 fortiter
1825 2900 1956 2956 illos
2010 2900 2168 2965 vicit,

2292 1924 2463 1972 τοίνυν
2493 1923 2718 1992 σχεθείς,
2748 1920 2899 1972 πάλιν
2923 1921 2996 1981 εἰς
3016 1921 3261 1995 οὐρανοὺς
3283 1920 3461 1992 ἀνεῖχε
3481 1924 3569 1982 τὰς
3593 1922 3733 1992 ἅψεις.
3759 1929 3830 1975 Rei

2295 2013 2520 2084 σταυρὸς
2577 2010 2728 2062 πάλιν
2782 2007 2921 2062 ὦπτο
2970 2012 3229 2084 ἄστροισιν
3279 2010 3640 2083 ἕστηριγμένος
3691 2015 3730 2062 ἐν
3770 2013 3832 2062 ού-

2289 2108 2447 2172 ρανῷ,
2503 2104 2591 2151 καὶ
2642 2103 2815 2172 γραφή
2870 2099 3161 2170 περικύκλῳ
3215 2108 3380 2153 ταῦτα
3453 2098 3825 2172 διαγορεύονσα³

2291 2185 2381 2240 Ἐν
2430 2191 2632 2259 τούτῳ
2673 2197 2759 2258 τῷ
2804 2194 3061 2260 σημείῳ
3103 2191 3349 2252 πάντας
3390 2196 3673 2249 νικήσεις
3720 2194 3832 2250 τοὺς

2289 2273 2600 2346 πολεμίου
2621 2297 2660 2337 ς.
2695 2277 2856 2338 Εύθύς
2894 2275 2952 2330 δι
2998 2283 3086 2330 καὶ
3115 2284 3288 2351 μνήμη
3316 2287 3414 2330 τῶν
3444 2282 3832 2351 προηγησαμὲιων

2289 2363 2524 2438 είσέῥρει.
2585 2371 2684 2418 Καὶ
2742 2375 2804 2430 τῇ
2862 2365 3086 2440 ἐπιούσῃ
3169 2372 3228 2420 τὸ
3286 2369 3520 2420 ἐνυάλιον
3595 2368 3828 2439 ἐνηχήσεις,

2289 2452 2645 2527 συρρήγνυται
2734 2459 3059 2522 Βυζαντίοις,
3148 2461 3206 2509 τὸ
3285 2462 3566 2530 σταυρικὸν
3635 2477 3832 2530 τροπαιον

2285 2543 2532 2612 ἡγεῖσθαι
2592 2543 3036 2616 ἐγκελευσάμενος.
3094 2551 3191 2598 Καὶ
3250 2551 3580 2620 κατακράτος
3642 2551 3719 2619 μὲν
3763 2553 3836 2597 Bu-

2285 2631 2525 2693 ζαντίους
2591 2634 2734 2685 ἐνίκα
2770 2650 2781 2663 °
2835 2639 2922 2686 καὶ
3005 2633 3130 2687 αὐτὸ
3213 2631 3273 2688 δε
3342 2644 3525 2708 τεῖχος
3602 2637 3832 2707 εἰσ-τρέχων

2283 2719 2577 2793 ἐλάμϐανεν.
2610 2721 2706 2774 Ἦν
2767 2719 2826 2775 δὲ
2875 2727 2931 2776 τὸ
2981 2729 3227 2796 τρόπαιον
3284 2725 3624 2800 εἰργασμένος
3673 2733 3751 2786 τῆς
3783 2732 3835 2775 vi-

2282 2829 2399 2873 κης,
2432 2813 2552 2862 ἔνθα
2583 2819 2669 2862 νῦν
2723 2813 2747 2863 ὁ
2788 2821 3080 2888 πορφυροῦς
3139 2809 3276 2885 αύτῷ
3334 2819 3464 2867 κίων
3514 2820 3670 2888 μέγας
3715 2833 3833 2886 μεγα-

2282 2898 2444 2950 λωστὶ
2476 2898 2769 2974 ἀνατρέχει.

521 2991 819 3063 simulque
852 2993 1060 3047 urbem
1083 2992 1278 3063 ipsam
1309 2991 1481 3063 cepit.
1511 2991 1775 3045 Victorias
1809 2995 2008 3046 autem
2041 2990 2168 3059 ejus
2201 2993 2492 3059 tropaeum
2523 2994 2578 3044 et
2613 2991 2854 3058 signum
2885 3007 2956 3046 eo
2987 2991 3116 3047 loco
3147 2992 3368 3058 statuit,
3403 2993 3511 3048 ubi
3545 3009 3694 3049 nunc
3729 3008 3829 3063 por-

520 3081 832 3154 phyretica
857 3081 986 3152 ejus
1019 3080 1303 3138 columna
1331 3081 1392 3136 in
1426 3095 1710 3150 magnam
1745 3079 2125 3136 altitudinem
2151 3077 2428 3148 ampliter
2458 3079 2732 3134 excurrit.

1105 3199 1326 3254 CAPUT
1358 3197 1585 3253 XLVIII.

522 3304 592 3364 Ut
604 3305 1006 3376 cognominem
1023 3304 1134 3360 sibi
1145 3305 1370 3376 urbem,
1387 3302 1929 3370 Contantinopolim
1944 3302 2169 3358 scilicet

600 3394 602 3396 '
676 3375 688 3376 ί
823 3375 1403 3447 magniﬁcentissime
1433 3378 1860 3431 construxerit.

587 3483 673 3538 Ad
725 3487 950 3540 tantam
1008 3481 1434 3540 sublimitatem
1484 3497 1620 3536 cum
1668 3481 1988 3552 imperium
2037 3481 2166 3551 ejus

514 3572 850 3628 maximum
881 3571 1232 3644 pertigisset,
1265 3569 1474 3641 urbem
1514 3570 1695 3626 aliam
1738 3572 2020 3626 Romanae
2059 3571 2169 3625 ho-

513 3675 659 3716 nore
688 3669 743 3716 et
782 3661 1193 3731 magnitudine
1232 3659 1526 3732 aequalem
1575 3665 1938 3724 construere,
1988 3675 2164 3714 suum

512 3765 630 3821 que
684 3750 735 3805 ei
767 3766 989 3806 nomen
1035 3751 1342 3822 imponere
1375 3749 1597 3804 statuit.
1650 3751 1781 3803 Erat
1831 3753 1956 3802 tum
1995 3749 2166 3818 juxta

512 3838 958 3910 Hellespontum
990 3838 1264 3910 planities
1293 3837 1408 3892 sub
1448 3838 1574 3907 Ilio,
1621 3837 1699 3892 ad
1747 3837 1940 3908 Ajacis
1971 3837 2162 3908 sepul-

509 3943 679 3983 crum
711 3928 812 3982 ubi
839 3927 980 3983 olim
1004 3926 1222 3992 Achaei,
1249 3925 1472 3981 bellum
1497 3942 1635 3981 cum
1661 3925 1930 3995 Trojanis
1959 3941 2164 3995 geren-

511 4021 622 4081 tes,
668 4017 985 4072 stationem
1033 4015 1308 4071 navalem
1357 4015 1642 4070 habuisse
1690 4013 1971 4069 dicuntur
2020 4030 2033 4069 :
2081 4014 2162 4070 ibi

509 4106 675 4161 urbis
719 4105 910 4161 forma
937 4104 1095 4177 qumi
1143 4105 1193 4159 ci
1231 4103 1546 4159 videbatur
1591 4103 1908 4175 descripta,
1941 4102 2162 4175 quibus

505 4193 653 4250 locis
700 4200 902 4266 portas
952 4197 1296 4257 exstrueret,
1339 4191 1874 4264 circumspiciebat.
1921 4194 2037 4247 Hoc
2079 4192 2160 4247 sic

506 4298 646 4339 eum
697 4283 756 4339 in
809 4283 1015 4338 animo
1063 4283 1403 4354 agitantem,
1443 4286 1622 4335 noctu
1663 4295 1960 4352 apparens
2009 4283 2161 4335 Deus

504 4372 749 4428 oraculo
771 4371 1103 4437 admonuit,
1128 4370 1520 4426 exadversum
1543 4369 1899 4425 Chalcedoni
1933 4369 2159 4425 circum

504 4461 858 4532 Byzantium
897 4460 1058 4533 quod
1091 4460 1491 4515 constituisset
1520 4475 1673 4530 opus
1703 4475 1839 4513 eum
1876 4459 2160 4531 perﬁcere

502 4550 738 4607 debere.
773 4551 870 4605 Ille
910 4565 1087 4621 porro
1110 4549 1292 4620 jussis
1318 4548 1765 4613 obsecundans,
1794 4548 1992 4603 locum
2021 4565 2158 4604 eum
2191 4555 2235 4609 D
2270 4554 2359 4602 καὶ

499 4655 741 4696 omnem
775 4639 1129 4695 circumiens
1162 4645 1437 4709 occUpat,
1474 4637 1708 4709 sylvam
1740 4642 2040 4709 repurgat,
2083 4637 2160 4693 ci-

498 4729 671 4786 vibus
705 4729 1134 4798 benignitatem
1172 4728 1548 4798 gratiamque
1581 4725 1814 4782 solitam
1852 4731 2031 4798 atque
2062 4727 2160 4783 de-

497 4826 730 4875 centem
773 4817 1012 4873 exhibet
1043 4833 1062 4871 :
1098 4823 1431 4888 naturaque
1460 4816 1718 4883 regionis
1751 4821 1806 4871 et
1839 4817 1969 4871 caeli
2000 4822 2157 4872 tem-

495 4913 699 4982 perata
729 4906 1044 4962 clementia
1087 4911 1140 4960 et
1171 4907 1284 4960 situ
1326 4905 1439 4960 loci
1471 4904 1830 4959 sublimioris
1863 4905 2159 4962 maximo-

495 5013 636 5071 pere
657 4997 986 5053 delectatus
1013 4997 1112 5068 (l),
1138 4995 1420 5050 maximis
1444 5010 1581 5048 eum
1607 4994 1907 5048 mmnibus
1938 4993 2160 5051 cicum-

493 5087 616 5153 dat,
668 5093 724 5142 et
757 5087 830 5142 de
876 5087 1119 5140 nomine
1167 5099 1277 5139 suo
1320 5083 1896 5154 Constantinopolim
1927 5090 2101 5140 vocat
2141 5097 2154 5137 :

490 5179 718 5249 regiam
763 5176 1078 5247 magniﬁce
1112 5175 1189 5231 ad
1240 5191 1427 5240 mare,
1479 5173 1654 5229 variis
1697 5175 2155 5247 omnigenisque

491 5267 858 5325 ornamentis
890 5282 961 5322 ex
990 5266 1225 5322 Oriente
1255 5264 1419 5320 omni
1449 5263 1814 5329 decoratum,
1845 5266 2150 5321 construit.

561 5393 638 5464 (t)
690 5392 786 5464 Ad
809 5390 1100 5464 reliquam
1133 5388 1470 5464 felicitatem
1499 5387 1745 5464 accedit,
1787 5387 1950 5464 quod
1984 5404 2149 5464 mare

489 5460 1068 5534 Constantinopolim
1118 5462 1518 5534 pulchriorem
1560 5462 1674 5514 situ
1732 5460 1947 5534 reddit,
1973 5461 2146 5534 eirea

488 5552 624 5592 eam
659 5551 722 5589 se
776 5531 1088 5588 insinuans
1119 5531 1303 5600 quam
1344 5534 1626 5590 maxime.
1677 5536 1733 5586 et
1781 5533 1838 5585 in
1893 5531 2145 5602 pelagus

487 5613 726 5661 vastum
746 5608 1082 5672 exundans,
1104 5603 1434 5659 admodum
1457 5619 1592 5658 eam
1613 5611 1880 5671 exornat,
1910 5610 1966 5657 et
1989 5610 2149 5658 tran-

487 5675 709 5751 quillos
735 5682 942 5748 portus
969 5677 1167 5732 nautis
1190 5682 1454 5748 praestat.
1481 5675 1607 5730 Duo
1629 5689 1891 5746 namque
1924 5677 2138 5743 maria,

2875 3197 3118 3250 ΚΕΦΑΛ.
3142 3198 3286 3253 ΜΗ’.

2279 3300 2481 3363 Ὅπως
2519 3306 2645 3374 τήν,
2674 3300 3009 3374 ἐπώνυμον
3049 3303 3212 3373 αὐτῷ
3252 3303 3434 3356 πόλιν
3465 3311 3832 3374 ,Κωνσταντι-

2429 3373 2740 3426 νούπολιν
2775 3373 3274 3448 μεγαλοπρεπῶς
3315 3373 3716 3448 ᾠκοδόμησε.

2350 3481 2501 3533 Ούτω
2533 3478 2592 3534 δὲ
2639 3483 2850 3553 μέγεθος
2899 3480 3069 3554 ἀρχῆς
3125 3486 3374 3553 μέγιστον
3424 3483 3832 3556 περιϐεϐλημένος,

2275 3568 2404 3640 ἔγνω
2446 3574 2535 3622 καὶ
2582 3575 2727 3622 πόλιν
2780 3571 3028 3642 ὁμότιμον
3068 3579 3129 3644 τῇ
3175 3570 3343 3644 Ῥώμη
3386 3572 3608 3636 οἰκίσαι,
3639 3577 3720 3624 καὶ
3764 3576 3833 3628 τὴν

2278 3663 2521 3733 σφετέραν
2576 3659 2763 3718 κλῆσιν
2817 3663 2950 3733 αὐτῇ
3012 3663 3297 3733 ἐπαφεῖναι.
3351 3667 3451 3714 Καὶ
3506 3659 3574 3721 δή
3635 3660 3724 3713 ἀ·οὰ
3771 3665 3836 3712 τὸν

2272 3744 2645 3806 Ἑλλήσποντον
2681 3748 2731 3800 ἐν
2763 3756 2833 3818 τῷ
2890 3753 2990 3822 πρὸ
3040 3757 3128 3803 τοῦ
3184 3749 3338 3803 Ἰλίου
3394 3749 3566 3823 πεδίῳ
3610 3753 3728 3824 ύπὶρ
3773 3754 3836 3800 τὸν

2272 3836 2493 3898 Αἴαντος
2543 3839 2700 3909 τάφον
2775 3843 3058 3909 γενόμενος,
3127 3839 3187 3892 οὖ
3254 3836 3322 3898 δή
3397 3839 3547 3912 λόγος
3626 3845 3734 3900 τοὺς
3775 3837 3838 3890 ἐπὶ

2271 3930 2460 3996 Τροίαν
2569 3929 2990 4000 στρατεύσαντας
3063 3929 3320 4000 Ἀχαιούς
3402 3933 3464 3981 τὸ
3544 3931 3837 3999 ναύσταθμον

2273 4012 2597 4086 ἐσχηκέναι·
2657 4021 2746 4068 καὶ
2813 4016 3156 4090 καταγράψας
3217 4023 3312 4076 τὴν
3365 4019 3520 4071 πόλιν
3571 4022 3667 4077 ὅση
3727 4018 3840 4084 αὐτῷ

2272 4099 2462 4169 ἐδόκει,
2515 4109 2603 4156 καὶ
2669 4105 2826 4166 πύλας
2880 4108 2929 4158 ἐν
2970 4116 3203 4181 περιωπῇ
3257 4113 3660 4164 κατεσκεύασεν.
3717 4107 3838 4159 Οὕτω

2274 4189 2325 4245 δ’
2367 4193 2540 4264 ἐκείνῳ
2598 4199 2715 4268 περὶ
2769 4199 2826 4247 τὸ
2867 4197 3014 4268 ἔργον
3066 4192 3480 4269 διαπονουμένῳ,
3516 4202 3712 4272 νύκτωρ
3755 4195 3841 4247 ἑπι-

2272 4287 2446 4354 φανεὶς
2486 4285 2618 4356 ἔχρα
2665 4286 2810 4348 Θεὸς,
2867 4283 3082 4357 ἀντικρύ
3122 4283 3458 4348 Χαλκηδόνος
3512 4293 3630 4361 περὶ
3677 4291 3729 4338 τὸ
3768 4292 3841 4336 Bu-

2273 4371 2478 4431 ζάντιον
2510 4376 2566 4423 τὸ
2610 4369 3036 4446 σπουδαζόμενον
3066 4374 3302 4430 ἐκτελεῖν.
3367 4381 3466 4429 Καὶ
3519 4377 3578 4436 ὃς
3624 4377 3839 4436 πεισθεὶς,

2269 4463 2354 4512 τὸν
2404 4465 2559 4513 τόπον
2611 4460 2966 4535 ἐκπεριελθὼν,
3026 4468 3115 4514 καὶ
3170 4471 3260 4524 τῆς
3317 4464 3443 4526 ὕλης
3507 4463 3838 4536 ἀποκαθάρας,

2463 4554 2556 4608 τήν
2646 4555 3020 4625 προσήκουσαν
3094 4554 3392 4626 ἡμερότητα
3483 4559 3839 4628 χαρισάμενος,

2270 4641 2454 4701 ἡσθεὶς
2485 4639 2758 4710 ἑπιμᾶλλον
2803 4649 2874 4712 τῷ
2928 4647 3112 4714 χώρῳ,
3163 4650 3225 4716 τῇ
3260 4643 3304 4696 τ’
3351 4643 3628 4716 εὐκρασίᾳ,
3663 4649 3744 4696 καί
3787 4639 3840 4712 τῷ

2269 4729 2434 4789 ἄλλως
2474 4727 2686 4800 ἀπόπτῳ
2718 4737 2808 4781 τοῦ
2858 4734 3041 4797 τόπου,
3075 4735 3283 4803 τείχεσι
3339 4738 3611 4804 μεγίστοῖς
3658 4731 3841 4806 περιϐα-

2268 4817 2388 4882 λὼν,
2445 4817 2526 4870 ἐπὶ
2572 4825 2642 4889 τῷ
2690 4814 2810 4890 ἰδίῳ
2859 4818 3073 4891 ὀνόματι
3115 4823 3658 4875 Κωνσταντινούπολιν
3706 4840 3844 4894 προσ-

2270 4910 2548 4982 ηγόρεύσεν
2583 4924 2595 4936 ο
2657 4907 2937 4981 ἀνάκτορόν
2999 4927 3050 4961 τε
3133 4915 3400 4985 περιφανὶς
3477 4916 3602 4984 πρὸς
3669 4911 3844 4963 θάλασ-

2272 5015 2366 5049 σαν
2397 4994 2674 5068 ᾠκοδόμει,
2729 4997 2985 5060 ποικίλοις
3028 5017 3080 5051 τε
3123 5004 3211 5052 καὶ
3260 5006 3521 5063 παντοίοις
3581 5002 3842 5072 κατηγλαί-

2270 5089 2452 5158 σμένον
2493 5085 2665 5145 καλοῖς
2712 5087 2759 5137 ἓν
2790 5093 2894 5147 τοῖς
2924 5091 3054 5161 πρὸς
3085 5085 3377 5160 ἀνίσχοντα
3406 5091 3565 5148 ἣλιον.
3597 5088 3841 5160 Ἐγγιστα

2268 5172 2327 5228 δὲ
2376 5179 2465 5227 καὶ
2517 5177 2574 5226 τὸ
2631 5173 2865 5227 Ἱππικὸν
2912 5179 3278 5247 κατεσκεύαζε,
3324 5184 3412 5231 καὶ
3465 5175 3562 5231 δύο
3622 5178 3842 5250 ἐμϐόλους

2265 5264 2394 5338 ὀπτῇ
2452 5267 2645 5337 πλίνθῳ
2698 5270 3090 5338 πεποιημένους,
3153 5268 3220 5328 είς
3291 5273 3486 5327 σκέπην
3577 5265 3706 5321 εἶναι
3757 5276 3840 5318 τῶν

2261 5393 2526 5466 Αἰεωυω
2558 5394 2611 5444 et
2657 5391 2970 5466 Euxinum,
3003 5407 3074 5447 ea
3099 5397 3268 5466 parte
3297 5409 3418 5466 qua
3448 5393 3520 5448 ad
3554 5394 3839 5450 Orientem

2261 5465 2714 5536 urbsgspectat,
2775 5461 3117 5536 conﬂuunt,
3176 5461 3592 5536 ﬂuet—numque
3646 5472 3839 5536 mutua

2256 5533 2561 5602 collisione
2599 5533 3090 5607 commoditatem
3111 5542 3195 5607 __et
3229 5533 3641 5592 amoenitatem
3674 5535 3840 5607 pluri-

2257 5621 2419 5662 mam.
2459 5621 2533 5662 οι
2558 5611 2724 5679 parte
2754 5604 2922 5664 omni
2948 5605 3029 5664 illi
3059 5603 3334 5665 afferunt.
3361 5609 3671 5681 (Procop.)
