4028 6294
226 347 366 405 1325

1271 347 1839 412 ΕΟΟΕΕΞΙΑΞΤΙΟᾸΞ
1879 355 2234 420 HISTORIA}
2273 363 2408 421 LIB.
2449 366 2567 424 VII.

3438 375 3577 436 4326

227 489 536 569 ὁδοιπόρων.
585 499 685 548 Καὶ
740 495 869 548 ἄλλα
917 495 1139 551 πλεῖστα
1212 497 1463 570 φιλοτίμῳ
1523 503 1614 551 καὶ
1673 504 1803 574 χείρ]

1925 484 2099 543 Juxta
2124 486 2280 544 hanc
2309 491 2517 542 ἱππικὸν
2545 505 2649 547 seu
2681 491 2913 550 Circum
2939 501 3272 568 equestrem
3301 498 3576 570 instituit,

225 587 314 636 καὶ
391 588 569 656 γνώμη
628 580 1052 656 περιῳκοδόμει·
1121 585 1313 660 λοῦτρά
1376 607 1427 640 τε
1478 591 1567 639 καὶ
1623 592 1817 663 κρήνας

226 670 446 743 ἀφθόνου
497 677 584 724 καὶ
636 668 865 733 διειδοῦς
902 675 1150 744 νάματος.
1206 675 1346 728 Ἐπεὶ
1405 672 1464 728 δε
1511 666 1627 736 τοὺς
1667 675 1817 729 αύτο-

224 763 422 832 χθονας
501 761 607 833 οὐχ
663 766 869 823 ἱκανοὺς
927 759 1055 815 εἶναι
1112 771 1184 832 τῷ
1242 767 1443 836 μεγέθει
1492 773 1580 826 τῆς
1626 764 1816 827 πόλεως

226 852 404 922 ἔκρινε,
463 856 711 922 μεγίστας
751 851 917 912 οἰκίας
977 850 1073 904 ἀνά
1126 855 1220 912 τὰς
1264 852 1444 924 ἀγυιὰς
1483 862 1578 915 τῆς
1624 839 1818 914 πόλεως

227 936 497 1010 σποράδην
547 939 766 1012 ἐγείρας,
823 936 1016 1015 ἄνδρας
1067 940 1202 1012 λόγῳ
1236 947 1321 993 καὶ
1380 940 1580 1013 πλούτῳ
1631 938 1818 1014 διαφα-

221 1035 337 1093 νεῖς,
390 1024 645 1088 δεσπότας
698 1031 898 1081 ἐκείνων
951 1034 1307 1095 καταστήσας,
1356 1036 1635 1101 κατῴκισε,
1700 1034 1818 1092 τοὺς

222 1121 310 1189 μὲν
369 1116 468 1169 ἀπὸ
525 1125 618 1180 τῆς
676 1117 1028 1192 πρεσϐυτέρας
1068 1119 1287 1192 Ῥώμης,
1342 1123 1457 1180 τοὺς
1509 1117 1567 1172 δε
1617 1123 1707 1171 καὶ
1764 1119 1818 1181 ἐξ

222 1206 382 1258 ἄλλων
437 1206 610 1262 ἐθνῶν.
669 1212 768 1260 Καὶ
845 1213 1032 1280 φόρους
1088 1212 1210 1270 τοὺς
1260 1212 1349 1280 μεν
1407 1209 1478 1271 εἰς
1531 1204 1816 1280 οἰκοδομήν

218 1303 315 1347 τῶν
366 1295 607 1360 πολιτῶν,
658 1299 779 1358 τοὺς
809 1293 866 1349 δι
900 1297 971 1357 εἰς
1029 1293 1315 1372 διατροφήν
1368 1306 1466 1348 τῶν
1510 1297 1814 1369 οἰκητόρων,

1683 1389 1820 1458 μέγα

217 1493 270 1526 τε
329 1472 694 1548 βουλευτήριον
765 1478 989 1549 ἤγειρεν,
1039 1477 1064 1527 ὃ
1125 1476 1415 1548 σύγκλητον
1468 1477 1814 1549 όνομάζεται’

217 1568 304 1615 καὶ
379 1566 492 1615 νέαν
552 1563 752 1635 Ῥώμην
825 1571 914 1615 καὶ
987 1561 1370 1637 βασιλεύουσαν
1440 1567 1576 1618 κατά
1650 1560 1817 1637 μηδὲν

217 1651 414 1714 ἐκείνης
472 1648 820 1725 διαφέρουσαν
880 1652 1142 1708 ἀπεκάλει.
1185 1659 1282 1707 Καὶ
1322 1653 1536 1706 ἑπιπολύ
1588 1671 1647 1724 γε
1698 1653 1816 1706 ἐπέ-

219 1384 414 1437 άπασιν
466 1385 679 1455 ἀγαθοῖς
732 1385 1062 1443 εύθηνείσθαι
1110 1390 1306 1444 ταύτην
1367 1383 1568 1439 διέθετο
1609 1407 1622 1417 ·

218 1737 354 1793 δωκε
409 1749 468 1813 τῇ
511 1760 564 1793 τε
597 1741 848 1814 θεοφιλείᾳ
868 1750 959 1794 τοῦ
999 1742 1237 1795 οἰκιστοῦ
1286 1749 1374 1794 καὶ
1421 1750 1482 1816 τῇ
1522 1751 1622 1794 τῶν
1662 1742 1815 1800 οἰκη-

1927 580 1983 628 et
2014 577 2274 646 porticus
2304 579 2457 634 duas
2499 581 2688 636 coctili
2727 580 2906 639 latere
2938 584 2997 640 in
3042 601 3218 642 usum
3249 587 3573 658 viatorum,

1930 670 1992 720 ut
2023 665 2136 720 sub
2179 667 2262 722 eis
2301 668 2700 736 ambularent,
2743 671 2976 744 projicit
3008 690 3022 729 :
3055 674 3291 748 aliaque
3333 678 3578 751 insuper

1928 752 2114 809 multa
2141 756 2393 812 aedilicia
2415 758 2620 814 animo
2651 759 2829 814 simul
2851 767 2905 817 et
2928 778 3110 819 manu
3139 764 3369 823 liberali
3391 767 3580 823 ambi-

1929 843 2074 898 tiose
2103 843 2490 902 circumcirca
2518 848 2749 904 excitat.
2782 848 2961 906 Addit
2996 851 3258 921 lavacra,
3287 861 3345 912 et
3380 855 3576 912 fontes

1928 933 2308 1003 copiosarum
2364 939 2421 990 et
2469 935 2901 1008 pellucidarum
2958 955 3276 1012 aquarum.
3328 946 3395 1000 Et
3436 961 3576 1003 cum

1927 1021 2242 1094 indigenas
2259 1022 2371 1080 loci
2390 1024 2544 1095 ejus,
2567 1027 2969 1098 magnitudini
2987 1035 3165 1086 tantae
3189 1033 3352 1088 urbis
3376 1034 3575 1090 minus

1928 1109 2197 1166 sufﬁcere
2218 1112 2439 1168 videret
2457 1129 2470 1179 ;
2487 1113 2646 1170 aedes
2672 1115 2972 1172 maximas
2986 1133 3090 1190 per
3103 1119 3329 1192 plateas
3349 1124 3574 1193 passim
3655 1187 3658 1194 ,

1927 1201 2189 1266 exstruit,
2241 1200 2499 1273 virisque
2557 1209 2612 1258 et
2658 1202 2876 1275 opibus
2921 1211 2977 1261 et
3023 1205 3188 1264 fama
3236 1209 3573 1267 celebribus

1927 1286 2276 1344 incolendas
2308 1291 2591 1357 attribuit,
2623 1307 2777 1365 quos
2810 1293 2901 1350 vel
2932 1309 3003 1350 ex
3035 1298 3212 1354 veteri
3242 1298 3451 1367 Roma,
3479 1303 3574 1358 vel

1927 1376 2057 1432 aliis
2089 1393 2157 1433 ex
2185 1379 2462 1448 gentibus
2494 1396 2566 1436 eo
2595 1387 2978 1454 pertraxerat.
3011 1385 3369 1460 Tributaque
3407 1397 3464 1445 et
3493 1390 3572 1446 ad

1927 1469 2284 1522 structuram
2333 1467 2588 1534 civibus,
2643 1475 2700 1526 et
2754 1471 2815 1526 in
2865 1470 3149 1530 alimenta
3201 1476 3448 1543 conolis,
3509 1484 3573 1536 ut

1928 1554 2114 1626 copiis
2135 1555 2417 1611 omnibus
2448 1558 2588 1613 urbs
2609 1574 2680 1614 ea
2705 1560 3038 1618 abundaret
3063 1568 3240 1637 atque
3263 1572 3566 1634 cresceret,

1925 1643 2221 1713 designat.
2238 1645 2512 1729 Amplam
2535 1663 2778 1721 quoque
2799 1650 3025 1706 curiam
3042 1655 3268 1709 senatui
3294 1655 3572 1713 aedificat.

1930 1733 2106 1805 519
2138 1733 2470 1807 urbemque
2509 1735 2701 1806 ipsam
2740 1753 2962 1795 novam
3003 1743 3277 1810 Romam,
3303 1750 3357 1800 et
3383 1746 3574 1818 impe-

215 1837 377 1902 τορων
435 1829 690 1903 εὐσεϐείᾳ,
741 1836 831 1883 καὶ
896 1839 958 1903 τῇ
1002 1837 1119 1903 περὶ
1172 1835 1230 1884 τὸ
1275 1833 1672 1905 χρηστεύεσθαι
1724 1835 1803 1882 καὶ

1925 1822 2151 1886 rialem,
2193 1821 2356 1877 nulla
2393 1838 2456 1878 re
2487 1823 2565 1880 ab
2595 1823 2780 1881 altera
2818 1826 2918 1883 illa
2943 1827 3333 1898 diﬂ‘erentem,
3376 1837 3573 1892 nomi-

213 1917 365 1972 έλεεῐν
421 1923 738 1992 συμπαθείᾳ.
785 1925 884 1973 Καὶ
923 1929 1169 1973 τοσοῦτον
1213 1924 1488 1992 ἐπαγωγὸς
1537 1919 1676 1972 ἐστιν
1743 1919 1816 1980 εἰς

213 2011 465 2080 Χριστὸν,
507 2011 576 2070 ὡς
615 2005 812 2079 σχεδὸν
859 2011 1052 2070 πάντας
1102 2011 1294 2062 πείθειν
1344 2012 1524 2068 ἱκανὴν
1569 2006 1696 2061 εἶναι
1725 2013 1815 2061 καὶ

214 2095 510 2160 Ἰουδαίους
564 2103 654 2149 καὶ
683 2097 929 2161 Ἕλληνας
983 2103 1075 2157 τήν
1124 2101 1258 2150 κατά
1301 2103 1530 2173 Χριστὸν
1576 2097 1813 2158 ἀσπάζε-

215 2188 337 2238 σθαι
376 2186 659 2238 πολιτείαν.
719 2193 817 2240 Καὶ
876 2184 996 2245 δῆτ’
1051 2186 1309 2260 ἀρξαμένη
1357 2191 1415 2240 τό
1459 2185 1704 2251 εὐσεϐεῖν,
1746 2185 1813 2238 εἰ-

212 2271 390 2327 δώλων
439 2277 467 2334 ἡ
527 2272 715 2347 βωμῶν
747 2295 798 2328 τε
849 2281 936 2327 καὶ
997 2279 1189 2328 θυσιῶν
1247 2273 1491 2348 οὐδαμῶς
1539 2274 1808 2350 ἐπειράθη,

209 2363 340 2423 πλὴν
399 2366 482 2416 ἐπὶ
513 2372 604 2416 τοῦ
652 2362 942 2425 δυσσεϐοῦς
1006 2365 1290 2418 Ἰουλιανοῡ
1322 2382 1335 2395 ’
1396 2366 1518 2438 ὅπερ
1561 2361 1675 2417 οὐδ’
1727 2361 1810 2416 έπὶ

210 2450 394 2525 βραχὺ
419 2458 622 2528 προϊὸν,
657 2452 858 2512 ἀπέσϐη
891 2459 981 2506 καὶ
1008 2451 1330 2529 διεῤῥύηκεν,

1924 1917 2043 1965 nat.
2069 1912 2134 1964 Et
2158 1912 2420 1967 maxima
2445 1911 2704 1984 profecto
2733 1914 2833 1971 illa
2859 1917 3011 1988 cepit
3031 1917 3417 1989 incrementa,
3442 1929 3568 1982 tum

1923 1999 2248 2054 conditoris
2278 2000 2492 2072 pietate
2517 2008 2694 2073 atque
2719 2001 2939 2074 insigni
2961 2019 3102 2076 erga
3132 2008 3317 2066 Deum
3342 2027 3568 2081 amore,

1925 2094 2051 2142 tum
2095 2088 2314 2144 civium
2361 2089 2634 2161 ipsorum
2684 2092 2986 2162 religione,
3042 2097 3449 2174 singularique
3488 2104 3566 2160 ad

1919 2176 2346 2248 benignitatem
2399 2184 2455 2234 et
2511 2182 3091 2241 commiserationem
3141 2191 3565 2260 propensione.

1920 2269 2106 2324 Tanta
2135 2275 2290 2323 certe
2319 2267 2564 2338 quidem
2591 2271 2643 2325 ei
2681 2271 2834 2328 inest
2864 2272 2943 2330 da
2973 2277 3482 2348 persuadendum,
3511 2287 3569 2340 et

1917 2360 1999 2414 ad
2025 2355 2232 2412 Christi
2256 2355 2438 2411 ﬁdem
2467 2358 2954 2429 pertrahendum,
2982 2364 3073 2419 vis
3095 2372 3150 2421 et
3175 2365 3473 2436 illecebra,
3502 2377 3566 2427 ut

1919 2461 2129 2504 omnes
2146 2444 2265 2501 fere
2287 2452 2342 2501 et
2358 2445 2386 2498 J
2396 2445 2602 2503 udteos
2617 2455 2668 2502 et
2683 2447 2938 2505 Gentiles
2953 2451 3030 2507 ad
3042 2469 3173 2510 com
3181 2455 3564 2527 plectendum

201 2543 549 2599 Christianae
597 2543 724 2598 vitas
769 2544 1098 2598 institutum
1137 2543 1373 2600 alliciat.
1411 2545 1476 2600 Et
1508 2559 1580 2598 ex
1627 2557 1748 2615 quo
1788 2553 1994 2596 veram
2036 2535 2315 2608 pietatem
2341 2535 2523 2592 semel
2576 2535 2770 2593 colere
2809 2541 3006 2612 cmpit,
3046 2557 3360 2617 nunquam
3400 2565 3562 2616 aras,

180 2632 501 2689 sacriﬁcia
546 2636 602 2688 et
651 2630 876 2688 cultum
933 2631 1390 2688 simulacrorum
1440 2637 1530 2688 est
1575 2634 1838 2702 experta,
1888 2630 2289 2700 preterquam
2352 2625 2465 2682 sub
2512 2626 2700 2699 impio
2765 2625 3001 2687 Juliano
3072 2648 3086 2687 :

3158 2649 3296 2708 quae
3355 2641 3562 2697 tamen

209 2720 449 2778 macula
476 2719 869 2792 pauxillulum
895 2736 1236 2792 progressa,
1265 2720 1464 2776 statim
1491 2721 1770 2777 restincta
1794 2713 2076 2774 diﬂluxit.

803 2833 1054 2884 ΚΕΦΑΛ.
1092 2826 1222 2881 ΜΘ’.

208 2939 361 3008 Περὶ
415 2942 543 3008 ,τῶν
599 2936 817 3006 ἔργων,
883 2931 1644 3008 ναῶνηοίκοδομημάτων
1699 2936 1807 3008 καὶ

281 3005 534 3079 στηλῶν
583 3005 690 3057 καὶ
753 3009 940 3057 οἴκων
1006 3006 1225 3079 ἄλλων,
1293 3005 1347 3058 ἂί
1386 3005 1443 3059 ἄν
1500 3014 1570 3078 τῇ
1628 3005 1807 3058 πόλει

275 3076 462 3132 ἐνδον
513 3076 833 3150 ἀνήγειρε.

2524 2822 2752 2880 CAPUT
2782 2805 2958 2882 XL'Ix'.

1917 2929 2004 2986 De
2027 2927 2316 3015 operibus,
2343 2928 2952 3015 templis,_struct_uris,
2981 2937 3193 3015 statuis
3219 2943 3273 3015 et
3296 2942 3564 3015 adiﬁciis

2200 3000 2337 3057 aliis
2366 3015 2491 3070 qua
2514 3000 2678 3058 intra
2708 3004 2913 3060 urbem
2953 3012 3275 3067 exstruxit.

271 3184 361 3249 Ὠς
403 3183 463 3238 δε
505 3187 731 3256 νεοπαγῆ
766 3184 911 3237 πόλιν
963 3185 1171 3247 πολλοῖς
1208 3188 1298 3258 μὶν
1343 3189 1430 3238 καὶ
1482 3183 1653 3247 ἄλλοις
1683 3185 1802 3236 ταύ.

1987 3175 2205 3232 Urbem
2239 3192 2418 3248 porro
2447 3192 2653 3234 recens
2683 3180 3005 3249 conditam,
3038 3200 3175 3243 cum
3197 3189 3400 3247 multis
3425 3192 3560 3251 aliis

199 3291 292 3332 την
340 3278 595 3350 γεραίρων
648 3270 710 3332 ἦν
765 3279 1164 3340 Κωνσταντῖνος,
1214 3274 1485 3347 ἀγάλμασί
1534 3292 1588 3326 τε
1615 3270 1802 3344 διαφό-

197 3382 307 3436 ροις
350 3381 362 3392 ·
418 3363 454 3414 ἃ
515 3366 635 3424 τοὺς
704 3362 950 3421 Ἑλλήνων
1017 3369 1139 3425 νεὼς
1181 3365 1444 3436 καθαιρῶν
1500 3364 1570 3424 ὡς
1644 3360 1804 3434 ἀμνη-

203 3456 355 3504 στίαν
396 3453 605 3512 ἐκείνοις
661 3459 756 3513 τῆς
803 3452 994 3513 πλάνης
1043 3461 1223 3520 ποιῶν,
1281 3451 1504 3504 ἐνταῦθα
1552 3453 1803 3523 μετετίθει

196 3542 264 3593 τὰ
285 3528 483 3603 ξόανα·
518 3540 693 3602 λίθους
747 3537 805 3594 δε
850 3549 951 3593 τῶν
1011 3538 1272 3614 διαφανῶν
1328 3546 1417 3593 καὶ
1466 3540 1678 3615 ὀρόφους
1713 3545 1802 3593 καὶ

193 3627 482 3693 παστάδας
519 3635 608 3682 καὶ
647 3636 838 3697 κίονας,
871 3635 967 3682 καὶ
1010 3630 1116 3682 ἄλλ’
1176 3633 1308 3682 ἄττα
1367 3631 1482 3692 θέας
1521 3630 1799 3702 ἠξιωμένα,

187 3725 278 3772 καὶ
329 3723 462 3792 ἔργα
514 3723 673 3791 τέχνη
723 3723 815 3778 τὴν
869 3723 1025 3791 φύσιν
1079 3723 1392 3793 μιμούμενα,
1433 3726 1543 3779 τοῖς
1582 3718 1803 3770 ἐνταῦθα

184 3813 476 3882 γινομένοις
531 3807 707 3866 ἀνῆκε.
762 3808 955 3860 Πολλαὶ
999 3804 1056 3860 δὲ
1112 3813 1204 3860 καὶ
1233 3815 1333 3860 τῶν
1370 3807 1560 3860 πολεων
1589 3814 1660 3878 τῷ
1709 3803 1802 3879 βα·

187 3897 323 3949 σιλεῖ
373 3896 752 3971 χαριζόμεναι,
794 3904 856 3968 τῇ
916 3903 1012 3958 τῆς
1055 3887 1336 3970 ¹θρησκείας
1377 3893 1658 3968 μεταϐολῇ,
1703 3915 1800 3948 κα-

182 3989 478 4060 θαιροῦσαι
558 3983 866 4058 ἀνέπεμπον.
941 3987 1025 4039 Ἐν
1090 3983 1148 4038 δε
1208 3994 1279 4057 τῷ
1361 3984 1697 4056 ἐπιλεγομένῳ
1751 3983 1800 4045 ές

176 4073 335 4150 δεῦρο
390 4080 820 4146 Κωνσταντινείῳ
875 4079 1013 4148 φόρῳ
1063 4079 1152 4126 καὶ
1204 4079 1288 4126 τὸν
1329 4082 1620 4149 πορφυροῦν
1649 4077 1798 4146 μέγι-

172 4185 298 4219 στον
347 4171 517 4218 κίονα
575 4161 904 4229 ἀναστήσας,
957 4165 1009 4216 ὃν
1067 4166 1122 4215 ἐκ
1182 4163 1384 4235 Ῥώμης
1434 4164 1681 4234 ἠγάγετο,
1717 4165 1800 4214 ἐπὶ

168 4259 336 4329 τούτῳ
417 4257 522 4306 τὸν
611 4253 803 4305 ἑαυτοῦ
883 4250 1174 4328 ἀνδριάντα
1251 4251 1440 4305 ἀνίστα
1516 4255 1801 4323 πεποιημέ-

166 4365 252 4398 νον
321 4345 538 4417 χαλκοῦ
597 4360 608 4372 ·
667 4344 726 4393 ἐν
786 4337 825 4412 ᾧ
875 4347 963 4393 καὶ
1025 4344 1252 4414 χρύσεον
1333 4341 1494 4413 μῆλον
1554 4345 1798 4413 μέγιστον

177 4442 240 4506 τῇ
288 4431 442 4505 δεξιᾷ
469 4435 709 4502 κατέχων
741 4435 908 4504 χειρὶ,
963 4429 1130 4481 ἐπάνω
1169 4434 1253 4482 τὸν
1295 4435 1466 4501 τίμιον
1500 4435 1796 4501 κατεπήγνυ

1913 3266 2219 3322 decoravit
2241 3268 2632 3334 ornamentis,
2662 3275 2784 3324 tum
2814 3273 3110 3345 praecipue
3153 3279 3297 3334 varii
3325 3284 3556 3350 generis

1912 3354 2243 3444 simulacris
2282 3361 2338 3410 et
2378 3357 2585 3411 statuis
2618 3373 2629 3410 :
2664 3373 2818 3430 quas
2857 3375 2929 3416 ex
2958 3361 3278 3424 Gentilium
3321 3372 3555 3444 templis

1911 3443 2046 3499 ideo
2085 3443 2212 3499 solo
2251 3445 2521 3516 aequatis,
2565 3451 2628 3501 ut
2657 3447 3020 3507 oblivionem
3060 3457 3274 3511 erroris
3318 3457 3432 3514 illis
3473 3461 3556 3516 in-

1910 3531 2171 3598 duceret,
2204 3532 2320 3588 huc
2363 3534 2677 3590 transtulit.
2724 3538 2816 3591 His
2853 3538 3069 3610 adjecit
3116 3542 3349 3616 lapides
3387 3547 3557 3605 lucu~

1911 3620 2120 3686 lentos,
2148 3626 2436 3677 tectorum
2460 3622 2716 3693 fastigia,
2741 3627 3016 3696 porticus,
3052 3632 3386 3702 columnas,
3417 3637 3560 3695 alia-

1910 3723 2029 3780 que
2075 3725 2448 3782 quaecunque
2492 3713 2834 3782 spectaculo
2881 3716 3066 3786 digna
3117 3729 3331 3778 essent.
3377 3727 3552 3785 Multa

1910 3805 2196 3869 praeterea
2214 3813 2398 3869 opera
2423 3806 2546 3854 arte
2563 3808 2841 3858 naturam
2861 3803 3055 3876 ipsam
3079 3810 3442 3885 temulantia,
3470 3817 3549 3874 ad

1910 3901 1980 3941 ea
2005 3901 2140 3957 quae
2179 3888 2260 3942 ibi
2290 3886 2532 3954 ﬁebant,
2561 3888 2800 3946 aliunde
2830 3908 2901 3948 eo
2934 3896 3110 3955 misit.
3145 3899 3336 3958 Multa
3367 3907 3547 3964 etiam

1909 3980 2086 4030 urbes
2117 3975 2400 4045 religione
2437 3985 2684 4043 mutata,
2721 3981 3073 4056 templisque
3112 3987 3360 4048 deorum
3401 3994 3552 4052 dire-

1909 4065 2050 4135 ptis,
2121 4064 2464 4131 simulacra,
2526 4073 2590 4122 ut
2654 4069 2997 4141 imperatori
3055 4078 3549 4145 gratificarentur.

1911 4153 2486 4225 Constantinopolim
2529 4155 2878 4227 perferenda
2924 4173 3232 4223 curarunt.
3303 4171 3365 4226 In
3425 4173 3554 4231 foro

1908 4249 2130 4305 autem,
2179 4243 2342 4313 quod
2386 4260 2544 4299 nunc
2600 4261 2841 4318 quoque
2892 4252 3258 4312 Constantini
3311 4260 3546 4330 dicitur,

1908 4331 2388 4401 porphyreticam
2403 4337 2458 4385 et
2477 4333 2803 4390 maximam
2820 4335 2982 4393 illam
3001 4341 3343 4402 columnam
3363 4349 3553 4408 Roma

1908 4420 2222 4473 advectam
2265 4421 2486 4485 statuit,
2527 4421 2584 4475 in
2634 4438 2755 4494 qua
2795 4431 3050 4483 statuam
3099 4447 3270 4490 suam
3321 4453 3387 4494 ex
3435 4456 3550 4496 aere

175 4504 428 4597 σταῡρόν,
494 4518 788 4593 έπιγράψας
853 4526 1020 4572 ταῦτα
1049 4536 1061 4548 ⁸
1107 4525 1233 4582 Σοὶ,
1287 4521 1525 4595 Χριστὶ
1556 4519 1581 4570 ὁ
1623 4519 1794 4578 Θεὸς,

1915 4506 2124 4563 factam
2147 4509 2471 4574 collocavit,
2494 4525 2631 4581 quas
2649 4513 2856 4569 dextra
2876 4532 3055 4572 manu
3073 4520 3284 4590 ingens
3298 4543 3548 4585 aureum

171 4613 601 4685 παρατίθημι
653 4612 760 4666 τήν
811 4608 1001 4661 πόλιν
1047 4611 1308 4666 ταύτην.
1370 4604 1620 4679 Δψίσιδε
1647 4605 1796 4681 στεβ-

168 4700 290 4773 ῥαίς
329 4704 599 4770 ¹τέσσαρσι
643 4701 736 4754 τήν
767 4703 861 4748 τοῦ
896 4697 1092 4749 στύλου
1131 4695 1423 4771 περικύκλῳ
1455 4694 1612 4768 βάσιν
1644 4692 1794 4768 ἑδρά-

174 4805 296 4851 σας,
330 4787 584 4839 ὑποκάτω
629 4792 724 4846 τῆς
754 4791 845 4836 τοῦ
894 4786 1084 4838 στύλου
1127 4782 1351 4857 βάσεως,
1397 4788 1516 4845 τοὺς
1547 4782 1622 4857 ιβ’
1649 4788 1793 4856 κοφί-

169 4895 292 4937 νους
323 4879 417 4927 καὶ
464 4875 554 4935 τὰς
599 4871 646 4934 ζ’
691 4869 980 4946 σπυρίδας,
1030 4877 1104 4926 ἔτι
1141 4869 1200 4926 δε
1230 4875 1467 4932 καὶτοὺς
1498 4870 1540 4932 ζ’
1578 4873 1787 4945 ἄρτους,

170 4962 264 5026 ούς
295 4963 532 5034 εύλογίας
562 4961 890 5025 καταξιώσας
927 4966 1161 5036 Χριστὸς
1198 4964 1265 5014 τά
1292 4960 1465 5019 πλήθη
1500 4957 1786 5034 διέθρεψεν.

166 5049 291 5104 ’Ἔτι
373 5049 434 5103 δε
497 5056 585 5102 καὶ
641 5054 732 5108 τήν
792 5057 886 5103 τοῦ
942 5057 1055 5104 Νῶε
1107 5051 1378 5122 ἀξίνην,
1424 5054 1516 5108 τήν
1573 5047 1788 5101 κιϐωτόν

168 5139 506 5204 ἐτεκτήνατο,
537 5138 691 5200 αὐτὸς
748 5135 910 5200 ίδίαίς
952 5144 1146 5215 Χερσὶν
1186 5141 1211 5190 ὁ
1246 5136 1493 5211 βασιλεὺς
1529 5145 1598 5208 τῷ
1628 5157 1790 5211 σφρα-

165 5237 393 5302 γιστῆρι
431 5231 694 5298 σημάνας,
751 5230 994 5281 κατέθετο
1023 5246 1035 5258 ·
1091 5233 1179 5281 καὶ
1229 5236 1316 5280 νῦν
1375 5226 1423 5289 ἐς
1481 5227 1565 5299 ἐμε
1602 5234 1664 5299 τῇ
1699 5231 1788 5279 πὸ-

167 5320 244 5372 λει
271 5317 473 5378 ἄσυλος
526 5319 794 5391 θησαυρὸς
843 5321 1220 5390 παραμένουσι.
1276 5322 1374 5370 Τόν
1423 5335 1480 5387 γε
1539 5320 1642 5388 μην
1697 5335 1788 5368 πο-

165 5411 337 5481 ταμὸν
406 5403 636 5482 Ἴστρον,
686 5408 742 5468 ὃς
809 5404 1060 5469 Δάνουϐις
1129 5409 1554 5481 προσηγόρευται
1607 5403 1787 5466 ζεύξας

239 5540 323 5614 (1)
354 5541 506 5622 Sunt
533 5544 808 5622 auctores
831 5539 934 5622 qui
965 5545 1212 5622 propter
1237 5539 1464 5595 malum
1495 5538 1654 5622 istud
1683 5555 1788 5622 au-

163 5611 342 5670 reum
375 5629 412 5666 a
441 5614 646 5683 Turcis
685 5611 1409 5683 Constantiuopolitanam
1436 5611 1641 5665 urbem
1673 5614 1789 5665 Au-’

164 5701 348 5742 reum
370 5682 602 5739 malum
628 5683 744 5739 dici
774 5690 1010 5756 putant.

1906 4597 2133 4652 malum
2174 4597 2435 4652 continet
2473 4599 2549 4670 (l)
2584 4614 2596 4652 :
2637 4607 2815 4673 atque
2855 4605 2968 4675 ipsi
3011 4609 3168 4664 malo
3210 4619 3551 4675 veneranda

1904 4701 2047 4741 crux
2101 4686 2178 4740 ab
2237 4702 2306 4741 eo
2345 4687 2549 4754 infixa,
2585 4703 2725 4744 cum
2766 4691 2864 4747 tali
2908 4693 3291 4768 inscriptione
3331 4720 3345 4759 :
3399 4707 3547 4775 Tibi,

1907 4775 2142 4830 Christe
2187 4776 2341 4831 Deus
2397 4777 2600 4832 urbem
2651 4778 2808 4835 hanc
2854 4789 3218 4844 commendo.
3286 4794 3550 4858 Quatuor

1905 4872 2102 4919 autem
2123 4863 2332 4920 solidis
2352 4865 2658 4937 ﬁrmisque
2685 4869 2912 4925 obsidis
2934 4872 3010 4944 (‘2)
3036 4876 3277 4945 pulchre
3298 4882 3550 4940 circum-

1903 4952 2058 5007 circa
2079 4954 2206 5007 basi
2235 4956 2532 5009 columum
2555 4956 2820 5022 fundata,
2848 4961 2960 5015 sub
2989 4978 3060 5018 ea
3086 4966 3217 5036 ipsa
3242 4967 3371 5024 basi
3401 4973 3550 5030 duo-

1902 5041 2094 5097 decim
2123 5042 2413 5113 cophinos
2442 5049 2494 5098 et
2536 5051 2764 5114 septem
2797 5056 3051 5117 sportas,
3096 5070 3204 5110 nec
3249 5074 3366 5113 non
3413 5062 3549 5117 reli-

1901 5131 2073 5202 quias
2102 5138 2327 5202 septem
2363 5147 2612 5202 panum,
2643 5134 2865 5204 quibus
2898 5138 3308 5202 benedictione
3340 5165 3546 5206 conse-

1900 5219 2076 5272 cratis
2106 5219 2368 5273 Christus
2392 5218 2832 5276 multitudinem
2853 5225 3038 5294 pavit:
3059 5228 3234 5303 520
3263 5244 3546 5305 praeterea

1897 5306 2382 5372 dolabramNoaa,
2408 5323 2530 5378 qua
2551 5307 2645 5362 ille
2674 5326 2875 5366 arcam
2895 5323 3544 5386 construxit,manibus

1895 5395 2022 5467 ipse
2070 5396 2192 5450 suis
2228 5397 2571 5468 imperator,
2617 5396 2808 5466 sigillo
2859 5417 2971 5458 suo
3021 5421 3092 5462 ea
3134 5411 3340 5468 omnia
3389 5416 3548 5472 obsi-

1966 5538 2044 5624 (2)
2079 5557 2108 5589 ‹‹
2147 5541 2208 5592 ln
2249 5535 2691 5624 futuro'Christi
2721 5538 3104 5624 njudiciqnec
3140 5549 3368 5609 absidm
3410 5572 3547 5624 gra-

1895 5609 2091 5752 ἓξιὲἒὶι
2115 5625 2223 5752 51cc
2260 5608 2555 5664 cathedra
2588 5608 2789 5666 velatas
2819 5613 3293 5681 adhibebuntur.
3335 5608 3366 5680 is
3397 5608 3547 5698 (KH.
