4028 6294
543 269 682 330 1327
1845 272 2229 332 NICEPHORI
2272 270 2593 330 CALLISTI
3708 275 3810 333 139.8

543 402 749 470 gnata,
780 399 1067 470 reposuit.
1113 399 1256 466 Qua
1299 400 1376 456 ad
1433 403 1638 456 nostra
1680 415 1875 472 usque
1917 405 2170 471 temporc

2297 395 2466 470 λιθίνῃ
2543 399 2762 470 γεφύρᾳ,
2830 401 2919 450 καὶ
2988 394 3176 460 διαϐὰς
3226 398 3432 464 ἐκεῖθεν,
3488 403 3541 451 τὸ
3584 401 3654 452 ἐπ’
3692 400 3813 474 ἐκείνη

542 489 874 544 etiamnum
931 490 1065 544 urbi
1121 488 1236 559 ipsi
1290 489 1546 544 intactus
1586 490 2028 561 inviolatusque
2069 489 2163 544 the

2298 489 2547 539 Σκυθικὸν
2621 488 2930 551 ὑποτάσσει,
3007 495 3098 539 τοῦ
3168 494 3428 563 σωτηρίου
3501 487 3643 540 ὅπλου
3705 490 3820 542 πάλιν

543 593 756 634 saurus
783 581 1154 648 permanent.
1190 581 1400 633 lstrum
1441 577 1712 646 ﬂuvium,
1745 580 1845 650 qui
1881 577 2170 633 Danubius

2299 579 2537 646 φανέντος
2602 573 2650 626 ἐν
2703 575 2923 649 οὐρανῷ,
2984 581 3072 628 καὶ
3102 581 3195 633 τὴν
3225 583 3370 634 νίκην
3409 583 3823 649 μνηστευσαμένου,

541 681 785 738 quoque
815 665 1047 729 dicitur,
1090 672 1271 738 ponte
1314 683 1496 722 saxeo
1517 667 1713 737 junxit
1739 687 1751 725 :
1781 683 1972 738 eoque
2004 672 2170 720 trans

2296 665 2435 715 καθὰ
2479 669 2569 715 καὶ
2613 663 2670 715 τό
2715 669 2984 737 πρότερον.
3034 669 3208 725 Nam);
3247 662 3306 718 δὲ
3345 671 3394 718 τί
3440 670 3545 739 χρή
3579 672 3660 717 καὶ
3684 666 3823 735 137m,

540 754 642 820 ito,
676 755 1012 827 Scythicam
1031 761 1291 824 gentem,
1321 771 1457 828 qua
1491 755 1643 811 ultra
1661 758 1719 810 id
1743 755 1963 810 ﬂumen
1983 753 2170 821 coluit1

2298 752 2448 812 ὅσους
2505 751 2816 823 ἁπανταχοῦ
2889 761 2989 823 γῆς
3071 753 3349 825 ἀνήγειρε;
3403 761 3597 829 Πρῶτος
3644 759 3720 824 μὲν
3763 752 3828 806 οὖν

542 844 655 899 sibi
698 844 1062 912 subjugavit.
1111 845 1239 909 Quo
1290 849 1558 916 tempore
1602 846 1653 900 ei
1695 845 1895 900 denuo
1939 845 1997 898 in
2039 841 2170 898 calt

2297 840 2438 911 αὐτῷ
2470 841 2703 904 οἰκείαις,
2760 843 2822 899 ὦς
2869 861 2929 912 γε
2976 845 3183 912 ἔφημεν,
3227 839 3478 915 διεγράφη
3526 844 3756 915 χερσὶν,ὁ
3793 844 3829 894 ἐν

542 931 850 988 salutifera
896 932 998 988 illa
1049 939 1352 988 armatura
1400 935 1698 1005 apparuit,
1741 933 2164 1004 victoriamque

2297 938 2368 999 τῷ
2434 935 2792 1004 Λατερνησίῳ,
2859 933 3024 982 εἶτ-ουν
3083 931 3354 1004 Παλλατίῳ
3421 940 3512 994 τῆς
3564 934 3830 1003 Ῥῶμεςό

541 1037 698 1090 eam,
752 1022 921 1076 sicuti
975 1027 1030 1076 et
1072 1027 1250 1077 antea
1306 1022 1664 1078 conciliavit.
1722 1021 1964 1092 Templa
2008 1037 2186 1092 porro

540 1125 677 1182 qua
698 1109 919 1180 ubique
951 1114 1239 1165 terrarum
1271 1110 1606 1178 adificavit,
1637 1109 1783 1183 quid
1814 1110 2018 1165 attinet
2046 1125 2186 1164 enu-

541 1214 771 1255 merare
787 1196 816 1251 ?
837 1198 1094 1253 Primum
1118 1199 1359 1270 quidem
1375 1201 1654 1254 manibus
1676 1199 1800 1270 ipse
1818 1199 1963 1265 suis,
1980 1215 2186 1270 quem-

542 1288 875 1345 admodum
903 1287 1184 1352 diximus,
1218 1289 1418 1344 Roma
1451 1289 1510 1343 in
1545 1289 1926 1343 Lateranensi
1956 1288 2183 1359 palatio

537 1376 933 1434 describendo
950 1376 1365 1431 conformavit.
1393 1377 1564 1442 Quod
1585 1393 1728 1432 sane
1749 1377 2038 1448 palatium
2058 1376 2184 1447 ipse

536 1481 780 1539 quoque
805 1465 1150 1536 ingentibus
1178 1466 1468 1536 impensis
1498 1466 1811 1534 magniﬁce
1839 1469 2182 1529 construxit,

537 1561 595 1610 et
644 1555 875 1610 Christo
919 1555 1190 1609 sacravit.
1248 1556 1307 1609 ln
1357 1554 1503 1610 urbe
1552 1555 2006 1618 Nicomediensi,
2052 1554 2170 1609 10cc

2293 1556 2382 1603 καὶ
2427 1560 2497 1622 τῷ
2543 1553 2782 1624 Δρεπάνῳ
2817 1554 2865 1603 ἓν
2999 1557 3088 1604 καὶ
3125 1557 3449 1623 γεγέννηται,
3494 1554 3559 1613 εἰς
3599 1557 3738 1625 τιμὴν
3775 1560 3836 1603 τοῦ

536 1643 773 1708 illustri,
806 1643 901 1698 cui
937 1642 1193 1698 Brachia
1233 1659 1450 1698 nomen
1490 1642 1618 1708 fuit,
1660 1644 1948 1715 templum
1982 1643 2170 1714 viginti

2292 1646 2586 1692 Λουκιανοῦ
2662 1648 2754 1692 τοῦ
2826 1642 3112 1714 μάρτυρος,

538 1732 790 1787 millium
847 1737 1183 1802 martyrum
1225 1732 1610 1803 splendidum
1667 1734 1960 1787 exeitavrt.
2004 1734 2170 1788 Sicut:

2291 1733 2395 1788 Τὴν
2447 1726 2504 1782 δε
2559 1728 2706 1781 πόλιν
2761 1733 2819 1780 τὸ
2874 1733 3126 1802 Δρέπανον
3179 1728 3521 1790 Ἑλενὸπολιν,
3561 1736 3649 1788 τὴν
3687 1734 3842 1802 μητέρα

535 1822 715 1876 etiam
749 1820 1076 1876 Antiochia
1112 1825 1372 1892 κυριακὸν
1406 1837 1510 1876 seu
1544 1822 1913 1876 Dominicum
1945 1829 2170 1890 octogo-

2291 1825 2471 1890 τιμῶν,
2532 1821 2910 1891 προσηγόρευε.
2960 1823 3098 1879 Νεὼς
3173 1815 3231 1870 δὲ
3287 1828 3428 1891 τρεῖς
3483 1825 3743 1890 μεγίστους
3789 1826 3841 1886 τῷ

534 1924 682 1966 num
715 1909 971 1980 Drepani
1002 1909 1142 1964 item
1187 1911 1284 1979 (1),
1319 1910 1421 1964 ubi
1452 1911 1716 1979 genitum
1748 1916 1854 1975 est,
1897 1909 1957 1964 in
1997 1910 2170 1965 hono-

2292 1913 2490 1978 Σωτῆρι
2565 1914 2781 1976 Χριστῷ
2845 1908 3064 1959 ἀνετίθει
3099 1923 3112 1936 ⁸
3159 1910 3242 1958 τὸν
3293 1915 3388 1969 τῆς
3460 1908 3609 1979 ἁγίας
3681 1912 3840 1979 Συρίας,

533 2013 661 2054 rem
695 1997 936 2054 aniani
968 1998 1245 2068 martyris
1288 1998 1604 2054 delubrum
1638 1999 1799 2053 aliud
1844 1999 2132 2054 exstruxit
2165 2015 2177 2053 :

535 2102 790 2160 eamque
821 2087 1054 2155 urbem,
1090 2087 1262 2142 matri
1291 2088 1582 2143 honorem
1615 2087 1906 2154 deferens,
1939 2086 2183 2143 Heleno-

533 2176 758 2248 polium
774 2174 1242 2245 cognominavit.
1263 2177 1392 2232 Tria
1405 2193 1646 2248 quoque
1669 2176 2182 2248 Constantinopoli

531 2266 799 2322 maxima
827 2265 1047 2336 templa
1078 2265 1369 2320 Servatori
1397 2266 1625 2320 Christo
1657 2273 1994 2320 constructa
2019 2265 2181 2320 dedi-

531 2355 687 2410 cavit
707 2373 719 2413 :
750 2360 968 2408 sancta
993 2354 1226 2424 Sophia
1248 2354 1370 2408 sive
1396 2354 1730 2424 Sapientia,
1753 2360 1970 2409 sancta
1990 2354 2170 2420 Pacis,

2290 2355 2405 2420 κίῴ,
2462 2354 2551 2401 καὶ
2609 2349 2858 2421 Ἀκακίῳ,
2914 2370 3002 2402 και

530 2445 587 2496 et
617 2446 837 2496 sancta
870 2441 1134 2496 Virtutis.
1167 2441 1417 2511 Insuper
1448 2440 1847 2496 celeberrimis
1879 2440 2170 2511 Apostolis

2287 2445 2392 2498 τοῖς
2417 2440 2672 2514 μάρτυσι,
2713 2438 2961 2510 φιλότιμα
2989 2441 3254 2513 μαρτύρια
3277 2436 3640 2494 διεσκεύασεν.

531 2529 823 2602 templum
846 2545 1084 2601 quoque
1117 2545 1292 2584 suum
1327 2528 1612 2585 condidit.
1652 2531 1850 2601 anue
1889 2530 2096 2585 omnia
2136 2527 2424 2599 deinceps
2469 2526 2650 2583 etiam
2691 2543 2727 2582 a
2768 2524 3219 2583 successoribus
3255 2530 3718 2599 imperatoribus
3751 2543 3846 2581 ma-

530 2618 746 2687 gniﬁce
785 2624 925 2673 sunt
962 2619 1252 2673 instructa
1294 2623 1473 2688 atque
1521 2623 1752 2673 ornata.
1807 2617 1947 2672 Divo
1991 2618 2192 2672 itidem
2237 2617 2445 2683 Mocio,
2498 2621 2555 2672 et
2586 2616 2826 2679 Acacio,
2850 2623 2906 2671 et
2951 2616 3338 2688 Agathonico,
3391 2624 3454 2674 et
3500 2621 3694 2683 Mena,
3729 2631 3846 2672 mar-

528 2705 781 2778 tyribus,
815 2706 1131 2778 splendida
1157 2705 1450 2778 martyria
1481 2722 1587 2762 seu
1618 2706 1871 2762 delubra
1897 2706 2230 2762 adiﬁcavit.

1189 2830 1419 2887 CAPUT
1450 2833 1515 2888 L.

529 2937 615 2994 De
634 2937 951 2994 structuris
976 2938 1038 2992 in
1067 2939 1324 3006 trajectu
1345 2937 1420 2992 ab
1445 2953 1510 2993 eo
1531 2939 1886 2994 constructis
1907 2958 1926 2995 :
1947 2945 2000 2994 et
2023 2938 2093 2994 de
2113 2953 2176 2994 eo

745 3011 892 3074 loco,
911 3009 1014 3080 qui
1028 3009 1396 3065 Sosthenium
1418 3009 1659 3074 dicitur,
1683 3009 1952 3065 historia.

600 3115 713 3170 Sed
780 3120 838 3171 et
897 3116 1170 3186 trajectu,
1237 3119 1294 3170 et
1352 3114 1411 3170 in
1470 3115 1602 3171 loco
1651 3131 1722 3171 eo
1779 3117 1881 3188 qui
1940 3115 2167 3172 Sosthe-
2205 3096 2245 3154 C-

526 3203 694 3259 nium
737 3205 816 3275 (2)
853 3209 1121 3268 vocatur,
1164 3204 1444 3259 ecclesias
1484 3205 1636 3259 duas
1674 3203 2033 3273 archangelo
2073 3205 2170 3258 Mi-

525 3292 714 3349 chaeli
745 3294 1126 3364 exstruxit(3)
1159 3311 1171 3347 :
1208 3293 1264 3346 in
1291 3293 1512 3364 quibus
1538 3293 1848 3364 splendide
1877 3309 2174 3348 exornan-

525 3381 640 3448 dis,
674 3382 753 3438 ad
795 3381 1162 3455 imperialem
1205 3381 1714 3450 magnificentiam
1755 3382 1898 3436 nihil
1937 3383 2162 3438 omisit.

524 3471 656 3526 Mihi
706 3486 849 3526 vero
906 3470 1228 3526 molestum
1297 3486 1418 3524 non
1480 3469 1667 3532 fuerit,
1721 3469 1978 3526 historia
2035 3471 2172 3525 huic

522 3560 780 3614 inserere
801 3574 1008 3614 earum
1031 3565 1460 3614 structurarum
1484 3575 1751 3623 causam,
1784 3566 1840 3614 et
1863 3560 2018 3614 unde
2037 3559 2170 3615 loco

521 3649 575 3703 ei
599 3647 891 3704 Sosthenii
921 3663 1142 3702 nomen
1176 3649 1248 3702 sit
1275 3649 1642 3718 impositum.
1678 3649 1966 3703 Memoria
1997 3664 2172 3704 nam-

519 3752 636 3805 que
668 3737 970 3807 proditum
1002 3743 1105 3802 est,
1138 3740 1508 3804 Argonautas
1540 3737 1878 3791 Gracorum
1913 3753 2051 3791 cum
2093 3736 2170 3790 ab

519 3841 658 3880 eum
702 3841 946 3897 quoque
983 3825 1184 3880 locum
1225 3826 1650 3895 pervenissent,
1696 3826 1864 3897 521
1919 3823 2171 3896 pradari

519 3922 699 3985 atque
750 3914 1006 3984 diripere
1059 3914 1361 3982 regionem
1419 3929 1552 3969 eam
1608 3917 1859 3984 coepisse
1919 3931 1930 3968 :
1990 3920 2047 3970 et
2093 3915 2172 3970 ad

517 4003 766 4075 Amyco,
806 4002 909 4073 qui
943 4002 1024 4057 ibi
1065 4018 1262 4057 rerum
1309 4009 1430 4056 tum
1472 4003 1826 4071 potiebatur,
1868 4003 1927 4058 in
1963 4002 2169 4072 fugam

515 4106 738 4157 versos,
784 4090 1050 4161 palantes
1082 4090 1142 4145 in
1175 4090 1504 4162 quemdam
1545 4107 1936 4147 nemorosum
1979 4098 2036 4147 et
2075 4093 2166 4147 in-

515 4179 762 4248 cultum,
786 4187 1022 4251 propter
1047 4179 1402 4235 densitatem
1430 4178 1950 4245 arborum,locum
1968 4181 2167 4251 profu-

511 4269 668 4338 gisse
722 4288 734 4327 :
784 4268 986 4339 ibique
1038 4270 1123 4322 eis
1166 4268 1555 4333 latitantibus,
1605 4269 1877 4324 virtutem
1936 4269 2164 4324 calitus

505 4358 844 4424 advenisse,
872 4359 970 4411 viri
1002 4359 1221 4427 specie,
1256 4356 1382 4411 alas
1420 4357 1596 4411 veluti
1620 4357 1834 4428 aquila
1861 4359 1921 4412 in
1947 4358 2163 4414 hume-

503 4447 586 4500 ris
615 4446 916 4511 habentis,
941 4447 1373 4518 victoriamque
1401 4448 1690 4501 adversus
1710 4453 2002 4517 Amycum
2028 4463 2160 4503 ora-
2192 4447 2236 4500 D
2274 4466 2357 4499 σεν

508 4535 644 4591 culo
691 4536 1091 4590 denuntiasse.
1138 4535 1266 4590 Illos
1307 4551 1484 4606 porro
1515 4536 1574 4589 id
1611 4541 1865 4601 secutos,
1893 4551 2030 4590 cum
2063 4536 2159 4591 illo

2278 4534 2619 4607 συμϐρλόντες
2687 4533 2878 4606 ἐκείνῳ,

504 4623 870 4689 Conﬂixisse,
906 4624 1215 4680 victoriam
1247 4631 1604 4694 reportasse,
1637 4624 1838 4694 ipsum
1872 4639 1992 4678 una
2021 4641 2159 4681 cum

2278 4633 2482 4696 σαρατῷ
2533 4628 2622 4675 καὶ
2695 4627 2781 4675 τὸν
2844 4622 3080 4695 ”Αμυκον
3139 4618 3557 4698 διαφθείραντες.
3617 4630 3765 4700 Χάριν
3795 4621 3840 4673 δε

501 4713 693 4784 copiis
724 4716 849 4768 suis
877 4713 1230 4769 concidisse.
1268 4719 1454 4783 Atque
1489 4720 1548 4768 ut
1579 4713 1834 4782 gratiam
1871 4713 2079 4768 visioni
2105 4714 2156 4769 ei

2278 4720 2329 4784 τῇ
2364 4713 2481 4783 ὄψει
2535 4711 2911 4777 ἁποτιννύντες,
2964 4714 3096 4784 ἱερὸν
3145 4719 3235 4765 καὶ
3284 4710 3576 4788 ἀνδριάντα
3606 4723 3675 4784 τῷ
3708 4719 3842 4781 τόπῳ,

501 4803 809 4870 referrent,
843 4801 1050 4857 fanum
1079 4818 1181 4856 eos
1212 4807 1269 4856 et
1295 4807 1580 4865 statuam,
1608 4817 1679 4856 ea
1704 4817 1838 4872 qua
1861 4801 1944 4856 eis
1973 4817 2159 4873 appa-

501 4899 700 4947 ruerat
741 4890 960 4957 forma,
1014 4891 1073 4945 in
1118 4890 1245 4946 loco
1291 4906 1362 4944 eo
1407 4892 1696 4944 excitasse
1747 4907 1760 4944 :
1814 4906 2156 4962 nomenque

578 4999 656 5069 (t)
691 5000 1048 5068 Drepanum.
1085 5013 1187 5069 seu
1225 4999 1516 5067 Drepana,
1545 4995 1922 5068 Helenopolis
1963 4997 2146 5054 dicta.

577 5068 653 5141 (2)
686 5070 1090 5134 Sosthenium,
1122 5068 1287 5124 locus
1322 5069 1588 5138 trajectui
1621 5069 2155 5141 ConstantinOpoli-

457 5150 467 5164 ’
507 5140 671 5206 tano,
705 5146 816 5212 Aqui
849 5141 1084 5204 dicitur,
1111 5156 1141 5212 e
1163 5141 1413 5212 regione
1453 5140 1792 5212 oppositus,

579 5212 654 5284 (3)
703 5210 782 5266 De
831 5213 1068 5284 duobus
1115 5210 1507 5284 hiscesancti
1539 5210 1851 5284 ’Mtchaelis
1893 5210 2148 5281 templis,

501 5282 824 5354 PrecOpius
856 5283 1233 5339 Casariensis
1259 5282 1342 5336 sic
1374 5283 1573 5354 scribit
1607 5297 1618 5334 :
1654 5302 1677 5333 α
1715 5283 1893 5354 Littus
1923 5290 2153 5354 utrum-

499 5372 618 5427 que
653 5355 730 5408 ad
769 5354 1335 5427 Constantinoriolim
1378 5353 1664 5427 singulari
1708 5353 2149 5427 pulchritudine

499 5425 809 5482 exornavit
862 5426 1247 5480 Justinianus.
1302 5425 1547 5497 Templa
1605 5425 1727 5497 duo
1787 5425 2150 5497 archangelo

499 5497 787 5566 Michaeli,
829 5497 1079 5552 alterum
1137 5513 1208 5552 ex
1261 5495 1511 5552 adverso
1569 5495 1752 5561 alteri,
1798 5497 1874 5551 ad
1934 5495 2150 5552 fretum

501 5573 842 5625 constructa
871 5567 1052 5624 fuere.
1078 5567 1343 5625 Alterum
1381 5568 1440 5624 in
1481 5567 1724 5638 regione
1758 5582 1895 5640 qua
1935 5566 2152 5627 dicitur

2298 1014 2366 1076 δὴ
2407 1023 2757 1092 Λατερνήσιον
2813 1025 2902 1070 καὶ
2943 1019 3064 1072 αύτό
3106 1021 3131 1071 ὁ
3185 1021 3340 1081 αὐτὸς
3392 1020 3664 1080 πολυτελῶς
3699 1025 3834 1072 τεκαὶ

2295 1107 2572 1178 φιλοτίμως
2624 1105 2882 1181 ἀνήγειρε,
2930 1116 3002 1178 τῷ
3052 1116 3267 1181 Χριστῷ
3322 1109 3520 1169 ἀναθεὶς
3565 1109 3703 1164 αύτό.
3744 1110 3835 1162 Ἐπὶ

2296 1191 2356 1248 δε
2401 1199 2568 1267 τούτῳ
2617 1204 2677 1254 τῆ
2742 1196 2882 1249 πόλει
2942 1194 3286 1270 Νικομηδέων
3339 1197 3386 1250 ἐν
3424 1207 3676 1270 περιφανεί
3713 1204 3833 1268 τόπῳ,

2295 1286 2349 1347 ὃς
2391 1290 2623 1360 Βραχίαι
2657 1283 2842 1344 κλῆσιν
2899 1289 3047 1358 ἔσχε,
3109 1296 3206 1338 τῶν
3253 1288 3412 1359 ἁγίων
3473 1285 3744 1360 δισμυρίων
3774 1289 3835 1339 τὸν

2292 1378 2435 1438 νεὼν,
2481 1373 2885 1447 μεγαλοπρεπῶς
2960 1373 3192 1447 ἵδρυσεν.

2291 1465 2595 1534 Ἀντιοχείᾳ
2644 1463 2707 1535 τῇ
2765 1463 2908 1516 πόλει
2963 1463 3253 1534 ὀκτάγωνον
3305 1470 3572 1536 κυριακὸν.
3616 1469 3712 1517 Ναὶ
3764 1469 3833 1535 μὴν

3268 1375 3535 1436 Ὡσαύτως
3582 1382 3668 1427 καὶ
3717 1380 3761 1427 τὸ
3801 1375 3833 1425 ἐν

3197 1639 3458 1713 ᾠκοδόμει
3515 1647 3630 1693 νεὼν
3691 1643 3838 1715 ἕτερον.

2292 1913 2490 1978 Σωτῆρι
2565 1914 2781 1976 Χριστῷ
2845 1906 3064 1959 ἀνετίθει
3099 1923 3112 1936 ⁸

2290 1998 2377 2046 τὸν
2408 2003 2501 2055 τῆς
2528 1994 2678 2065 ἁγίας
2717 1995 2959 2068 Εἰρήνης,
3002 2000 3092 2046 καὶ
3133 1993 3217 2047 ¹ι²ὸν
3263 2003 3359 2057 τῆς
3401 1995 3565 2067 ἁγίας
3600 1998 3840 2066 Δυνάμεως.

2289 2081 2403 2136 Ἐτι
2456 2079 2514 2134 δὲ
2565 2087 2656 2135 καὶ
2723 2090 2828 2143 τοῖς
2889 2088 3244 2154 πανευφήμοις
3301 2083 3644 2144 Ἀποστόλοις
3713 2085 3844 2156 ἕτερον

2291 2171 2478 2225 ἀνίστα
2510 2189 2522 2201 ·
2570 2171 2618 2224 οἳ
2650 2169 2716 2230 δὴ
2773 2171 3051 2246 ἐσύστερον
3104 2179 3234 2246 πρὸς
3273 2185 3370 2225 των
3411 2177 3592 2226 ἔπειτα
3635 2171 3842 2246 βασιλέων

2291 2262 2577 2334 φιλοτίμως
2625 2263 3143 2332 μετεσκευασθησαν.
3203 2267 3301 2315 Καὶ
3354 2271 3427 2332 τῷ
3495 2265 3610 2334 θείῳ
3653 2259 3706 2314 δὲ
3748 2269 3843 2315 Μω-

3087 2351 3412 2422 Ἀγαθονίκῳ
3470 2370 3545 2415 τε,
3600 2357 3682 2402 καὶ
3729 2352 3844 2418 Muri?

2911 2836 3154 2884 ΚΕΦΑΛ.
3184 2831 3266 2886 N'.

2287 2939 2441 3009 Περὶ
2477 2944 2598 2988 τῶν
2637 2934 2695 2987 ἐν
2746 2944 2826 3006 τῷ
2883 2935 3126 3008 ἀνάπλῳ
3159 2934 3744 3010 διαπεπραγμένων
3771 2937 3838 2988 αὖ·

2285 3017 2356 3078 τῷ
2391 3026 2402 3037 ·
2433 3013 2540 3060 καὶ
2569 3013 2712 3082 περὶ
2751 3017 2859 3069 τῆς
2885 3013 3045 3061 κατὰ
3072 3013 3136 3062 τὸ
3177 3013 3537 3063 Σωσθένιον
3572 3013 3828 3083 ἱστορίας.

2354 3113 2510 3167 Ἀλλὰ
2566 3119 2657 3167 καὶ
2715 3115 2766 3166 ἰν
2822 3123 2892 3185 τῷ
2925 3115 3132 3187 ἀνάπλῳ
3189 3113 3269 3181 δὲ,
3328 3118 3492 3168 καὶὸ
3544 3115 3828 3170 Σωσθένιενὸ

2280 3211 2458 3278 χῶρος
2505 3204 2690 3262 κλῆσιν
2751 3204 3091 3279 ηύμοίρησεν,
3171 3214 3243 3276 τῷ
3295 3204 3623 3279 ἁρχαγγέλῳ
3671 3203 3838 3278 Μιχαὴλ

2282 3291 2482 3366 ἐτέρους
2527 3289 2623 3344 δύο
2654 3300 2944 3366 περιφανεῖς
2998 3299 3120 3354 νεὼς
3151 3297 3345 3366 ἤγειρε,
3407 3296 3528 3347 κατ’
3585 3292 3725 3348 οὐδὲν
3769 3301 3839 3343 τῶν

2281 3382 2380 3432 ὅσα
2410 3382 2477 3442 εἱς
2501 3381 2797 3453 φιλοτιμίαν
2843 3384 2958 3441 ἣκει
3015 3380 3302 3454 βασιλικὴν
3351 3382 3702 3456 λειπομένους.
3743 3382 3840 3453 Ἐγὼ

2282 3467 2341 3523 δὲ
2366 3470 2459 3522 οὐκ
2511 3469 2717 3529 ὀκνήσω
2759 3476 2831 3542 μὴ
2882 3479 2944 3542 τῇ
3009 3473 3214 3544 ἱστορίᾳ
3269 3474 3494 3526 ἐνθεῖναι
3548 3479 3630 3526 καὶ
3684 3477 3734 3525 τό
3779 3479 3842 3528 τῆς

2280 3555 2567 3631 οἰκοδομῆς
2625 3562 2790 3611 α’ίτιον
2841 3567 2931 3611 τοῦ
2986 3565 3099 3624 νεὼ,
3153 3565 3242 3612 καὶ
3292 3562 3430 3622 ὅπως
3477 3564 3747 3614 Σωσθένιον
3775 3563 3842 3615 τὴν

2279 3647 2466 3706 κλῆσιν
2519 3647 2696 3718 αὐχεῖ.
2757 3647 3056 3722 Ἰστόρηται
3108 3652 3208 3723 γὰρ
3264 3651 3328 3708 ὡς
3395 3652 3447 3701 οἱ
3488 3652 3610 3724 παρ’
3640 3649 3841 3704 Ἕλλησιν

2282 3736 2654 3807 Ἀργοναῦται,
2714 3740 2803 3787 καὶ
2834 3734 2916 3788 ἐπὶ
2959 3740 3046 3788 τὸν
3089 3736 3343 3788 ἀνάπλουν
3397 3735 3840 3813 διαπιραιούμενοι,

2279 3823 2580 3884 ληίζεσθαιε
2613 3830 2702 3878 καὶ
2742 3827 2934 3882 ταύτην
2990 3829 3081 3883 τὴν
3120 3831 3300 3899 χώραν
3340 3825 3614 3884 ἐπέϐαλον,
3655 3828 3841 3898 Ἀμύκου

2282 3910 2340 3965 δὲ
2377 3921 2667 3972 τηνικαῦτα
2722 3921 3056 3986 κρατοῦντος,
3117 3911 3408 3981 δείσαντες,
3443 3919 3493 3968 ἓν
3541 3937 3643 3969 τινι
3693 3914 3844 3966 κατῶ-

2282 4020 2355 4072 σῳ
2413 4007 2501 4053 καὶ
2557 4003 2719 4075 ἀγρίῳ
2765 4003 2899 4053 πάνυ
2946 4004 3000 4053 ἓκ
3063 4009 3154 4054 τοῦ
3207 4012 3303 4064 τῆς
3355 4003 3486 4065 ύλης
3560 4004 3842 4076 ἀμφιλαφοῦς

2277 4093 2664 4162 καταφεύγουσι
2712 4091 2894 4161 τὸπῴ⁶
2943 4091 3070 4142 ὅπου
3127 4087 3195 4148 δὴ
3259 4097 3657 4164 κρυμτομένοις,
3719 4089 3842 4144 δύνα·

2274 4199 2365 4251 μις
2412 4179 2684 4252 οὐρανόθεν
2740 4184 3080 4252 προσπτᾶσα,
3142 4179 3214 4242 εἰς
3269 4181 3513 4234 εἰκασίαν
3575 4180 3844 4251 ἀνεσταλμ-

2273 4289 2333 4326 νη
2391 4264 2600 4339 ἀνδρὸς,
2672 4272 2923 4340 πτέρυγας
2981 4264 3040 4320 δὲ
3115 4269 3293 4342 οἷοίπερ
3351 4268 3495 4331 ἁετὸς
3561 4279 3671 4331 τοῖς
3717 4275 3843 4340 ὤμοις

2271 4356 2653 4430 περιεϐέϐλητο,
2722 4361 2814 4416 τὴν
2879 4359 3012 4409 κατὰ
3061 4365 3151 4409 τοῦ
3214 4359 3448 4430 Ἀμύκου
3525 4365 3676 4417 νίκην
3717 4362 3842 4429 ἔχρη·

2412 4463 2424 4476 ·
2474 4446 2524 4497 οἳ
2604 4443 2672 4504 δὴ
2735 4451 2822 4498 καὶ
2885 4447 3431 4507 κατακολουθήσαντες
3497 4458 3571 4519 τῷ
3622 4454 3837 4520 χρησμῷ.

2956 4540 3050 4592 τὴν
3134 4541 3281 4594 νίκην
3355 4540 3579 4611 ἤραντο,
3646 4542 3730 4591 σὺν
3786 4542 3839 4604 τῷ

2267 4797 2478 4875 οἷόσπερ
2510 4803 2535 4852 ὁ
2586 4806 2761 4873 φανεὶς
2822 4803 2990 4874 ὤφθη,
3056 4800 3383 4868 ἔξανιστᾶσι,
3451 4806 3730 4856 Σωσθέδιον
3772 4805 3840 4852 τὸν

2264 4899 2442 4965 χῶρον
2535 4892 3006 4962 κατονομάσαντες,
3113 4893 3290 4966 ὅτιπερ
3388 4894 3565 4954 σθένος
3642 4891 3838 4950 λαϐόντες

2266 4995 2711 5071 Ἀνάπλους,ὶ1οο
2766 5002 2872 5058 est,
2933 4997 3239 5063 transitus,
3301 4999 3424 5071 sive
3472 5000 3770 5071 trajectus,
3792 4997 3837 5050 in

2264 5076 2430 5143 parte
2442 5069 2650 5123 dextra
2663 5070 2958 5143 Euxinum
2982 5076 3230 5143 pontum
3247 5069 3533 5139 navigare
3545 5069 3837 5143 incipienti,

2262 5139 2524 5194 Alterum
2553 5148 2752 5194 autem
2784 5141 2840 5194 in
2874 5140 3062 5214 littore
3089 5139 3229 5194 huic
3267 5143 3548 5212 opposito
3578 5139 3747 5214 quem
3773 5140 3835 5194 lo-

2265 5225 2404 5265 cum
2445 5212 3006 5285 veteresqnpoézeug,
3036 5210 3150 5285 hoc
3201 5210 3328 5278 est;
3355 5210 3832 5285 promontorium,

2262 5289 2578 5353 propterea
2594 5282 2831 5352 opiu'ior
2846 5282 3011 5353 quod
3032 5282 3270 5352 longius
3293 5299 3330 5338 a
3349 5284 3543 5339 littore
3567 5287 3626 5339 in
3649 5283 3832 5339 fretum

2262 5355 2582 5426 procurrit,
2603 5353 2997 5424 appellarunt.
3029 5355 3160 5409 Hac
3190 5353 3320 5426 ipsa
3353 5357 3581 5426 templa
3609 5355 3830 5426 impera-

2261 5433 2350 5480 tor
2379 5424 2746 5480 Justinianus
2777 5427 2828 5480 vi
2882 5427 3166 5495 temporis
3193 5424 3531 5481 deformata
3562 5424 3833 5495 denuoex

2258 5496 2404 5569 ipsis
2430 5495 2837 5553 fundamentis
2858 5494 3130 5563 restituit,
3153 5500 3452 5555 structura
3473 5494 3830 5555 admiranda.

3977 4679 3982 4712 ἵ
