4028 6294
250 321 386 378 1329

1261 318 1834 378 ECCLESIASTIC/E
1872 315 2233 375 HISTOHUE
2274 321 2406 378 LIB.
2451 322 2564 378 VII.

3460 322 3599 376 1330

246 449 349 499 ἂκεῖ
421 443 781 504 διεσώθησαν.
851 444 917 498 Ὀ
978 443 1118 504 δῆτα
1193 445 1474 517 ἐκτύπωμα
1536 446 1672 497 κατά
1728 463 1837 495 τινα

1959 443 2182 512 regioni
2214 446 2591 506 Sosthenium
2611 452 2924 521 indidisse,
2957 451 3122 528 quod
3143 448 3360 506 scilicet
3379 446 3596 502 robore

246 541 430 610 χρείαν
487 537 513 587 ὁ
568 541 902 607 πανεύφημος
951 541 1337 597 Κωνσταντῖνος
1396 531 1546 586 διιὼν
1588 534 1844 603 θεασάμε-

245 644 347 689 νος,
379 631 488 686 τοῖς
539 628 656 697 περὶ
711 623 867 675 αὐτὸν
920 627 984 675 τά
1030 633 1124 685 τῆς
1167 624 1355 684 εἰκόνος
1396 621 1688 694 διήγγελλε.
1722 622 1842 673 Ἐκ·-

245 714 453 784 πλαγεὶς
508 709 566 766 δε
626 716 713 764 τὸν
769 721 965 786 χῶρον,
1016 722 1086 783 τῷ
1133 718 1274 784 τόπῳ
1329 718 1648 786 παρέμεινεν.
1699 710 1840 763 Ἐπεὶ

247 799 304 854 δε
334 807 421 854 καὶ
457 803 618 854 ὕπνου
672 801 838 854 έκάλει
889 806 1083 876 καιρός,
1131 801 1394 854 ἐπιστᾶσα
1423 802 1544 872 ὀψις
1573 801 1644 861 εἰς
1688 799 1841 870 ἐμφέ-

243 910 384 966 ρειαν
423 898 514 943 τοῦ
570 889 882 962 ἀγάλματος,
939 892 1089 960 Ἐγώ
1147 891 1297 962 εἰμι,
1358 891 1536 961 ἔλεγεν,
1599 891 1835 941 οὑτωσὶ

245 980 504 1051 Μιχαὴλ
553 981 578 1030 6
648 979 1191 1051 ἀρχιστράτηγος
1269 985 1510 1050 Κυρίου
1578 977 1837 1030 Σαϐαὼθ

243 1077 362 1120 τῶν
424 1066 776 1140 δυνάμεων,
833 1071 857 1120 6
925 1077 1036 1129 τῆς
1094 1075 1500 1140 Χριστιανῶν
1568 1073 1838 1126 πίστεως

244 1159 467 1232 ἔφορος
495 1175 505 1187 ·
541 1160 565 1208 ὁ
606 1162 716 1210 καὶ
764 1163 864 1209 σοὶ
899 1162 1306 1218 συνασπίσας
1340 1161 1501 1210 κατά
1538 1165 1655 1209 τῶν
1691 1153 1839 1208 δυσ-

246 1246 439 1299 σεϐῶν
490 1249 810 1322 τυράννων
862 1246 1286 1320 ἀνισταμένῳ,
1347 1249 1448 1300 οἷα
1497 1244 1573 1304 δή
1628 1252 1836 1315 πιστῷ

243 1341 348 1388 καὶ
378 1340 623 1408 γνησίῳ
664 1335 908 1388 ἐκείνου
952 1338 1316 1406 θεράποντι.
1346 1338 1625 1409 Διεγερθεὶς
1646 1341 1834 1400 τοίνυν,

243 1428 329 1476 τὸν
360 1433 533 1496 χῶρον
583 1428 708 1498 πρὸς
745 1428 803 1477 τὸ
836 1425 1224 1500 εύσχημότερον
1272 1424 1667 1499 μετερρύθμισε,
1709 1426 1838 1496 πρὸς

243 1513 308 1564 ἔω
341 1514 717 1586 θυσιαστήριον
770 1513 940 1574 πήξας
980 1511 1231 1586 βασιλικῇ
1265 1519 1354 1565 καὶ
1392 1513 1641 1586 φιλοτίμῳ
1669 1516 1835 1583 χειρὶ,

243 1599 629 1673 έπισημότατον
684 1599 752 1659 δὴ
803 1601 1030 1672 μάλιστα
1071 1607 1160 1654 καὶ
1199 1603 1377 1662 ἀστοῖς
1405 1607 1493 1654 καὶ
1524 1601 1682 1663 ξένοις
1713 1599 1838 1652 ἀπο-

244 1695 404 1761 φήνας
454 1693 510 1742 τὸ
559 1694 782 1760 τέμενος.
836 1695 1092 1748 Πεποίηκε
1141 1687 1199 1743 δὲ
1247 1691 1372 1742 αὐτὸ
1413 1690 1643 1762 μάλιστα
1681 1689 1836 1762 ἐκφα-
1911 1757 1917 1761 δ

242 1783 485 1831 νέστατον
536 1787 648 1838 ταῖς
704 1779 888 1831 ἑαυτοῦ
940 1777 1252 1851 ἐπιφανείαις
1299 1781 1324 1831 6
1385 1781 1834 1853 ἀρχιστράτηγος.
1871 1798 1914 1851 Β

246 1863 435 1928 Οὐδεὶς
482 1869 582 1941 γὰρ
645 1872 940 1939 περιπετείᾳ
997 1864 1163 1940 δεινῇ,
1224 1869 1252 1927 ἡ
1324 1867 1534 1940 ἀφύκτῳ
1592 1864 1835 1938 κινδύνῳ,

245 1959 275 2014 ἤ
312 1958 467 2009 πάθει
517 1956 788 2027 ἀγνώστῳ,
833 1957 862 2015 ἦ
906 1963 996 2009 καὶ
1035 1956 1259 2018 ἀνιάτοις
1311 1963 1483 2019 νόσοις
1527 1962 1834 2029 περιπεσὼν,

243 2045 464 2097 ἐνταῦθα
515 2045 781 2117 εὐξάμενος
829 2053 900 2115 τῷ
942 2054 1075 2116 Θεῷ,
1119 2049 1212 2098 ούκ
1259 2045 1313 2098 ἐκ
1355 2054 1444 2098 τοῦ
1494 2047 1692 2121 ῥᾴστου
1745 2050 1839 2102 τὴν

243 2132 545 2205 ἀπαλλαγὴν
611 2135 815 2209 εὕρατο.
880 2133 1132 2206 Ἀκριϐὡς
1191 2141 1278 2188 καὶ
1336 2138 1436 2208 γὰρ
1494 2140 1839 2188 πεπίστευται

244 2220 425 2275 ἐνθάδε
481 2222 840 2295 ἐπιφαίνεσθαι
894 2223 1116 2296 Μιχαὴλ
1173 2229 1260 2276 τὸν
1305 2227 1436 2276 θεῖον
1485 2223 1835 2297 ἀρχάγγελον,

243 2315 333 2363 καὶ
367 2312 574 2385 ἰάσιμον
610 2317 696 2364 τὸν
721 2321 896 2386 χῶρον
933 2320 1114 2367 ποιεῖν.
1172 2313 1247 2365 Οὗ
1285 2315 1447 2386 χάριν
1494 2319 1584 2365 καὶ
1616 2318 1839 2384 Μιχαὴ-

241 2399 347 2452 λιον
395 2403 420 2453 6
473 2406 625 2462 τόπος
670 2410 778 2463 τοῖς
825 2401 1071 2473 ἀρχαίοις
1125 2403 1418 2474 ὠνόμαστο.
1455 2409 1521 2454 ’Ὀ
1565 2399 1618 2454 δ’
1648 2401 1836 2455 ἐπυθό-

243 2510 344 2561 μην
405 2489 502 2562 ἐγὼ
559 2491 615 2542 έκ
670 2491 894 2543 παλαιοῦ
953 2491 1220 2566 Προϐιανῷ
1275 2494 1586 2563 γεγενῆσθαι
1636 2500 1707 2562 τῷ
1764 2491 1836 2542 έν-

241 2582 596 2654 ταύθαχώρῳ,
632 2580 806 2653 ἰατρὸς
848 2577 897 2633 δ’
924 2577 985 2638 ἧν
1027 2581 1173 2642 οὗτος
1202 2589 1300 2634 τῶν
1343 2581 1390 2632 έν
1421 2589 1526 2641 τοίς
1552 2578 1836 2652 βασιλείοις

245 2673 680 2740 στρατευομένων,
739 2669 857 2741 ἐρῶ.
919 2673 1079 2722 Πάθει
1125 2673 1226 2742 γὰρ
1272 2669 1422 2731 οὗτος
1470 2669 1619 2730 ἁλοὺς
1676 2669 1837 2741 χαλε-

243 2767 324 2828 πῷ
381 2754 558 2810 ποδῶν
624 2755 957 2830 ὀδυνωμένων
1003 2759 1164 2829 αύτῷ,
1225 2767 1296 2829 τῷ
1348 2755 1693 2832 διεστράφθαι
1743 2763 1837 2823 τὰς

243 2845 486 2920 ἁρμονίας
542 2851 719 2918 χρόνω
773 2847 966 2917 πολλῷ,
1017 2846 1235 2900 ενταῦθα
1280 2843 1346 2906 δὴ
1399 2851 1680 2918 γενόμενος,
1727 2850 1838 2921 θείᾳ

243 2935 359 3006 ὄψει
404 2943 494 2987 τοῦ
535 2938 734 2997 πάθους
791 2938 972 2988 θᾶττον
1027 2936 1373 2994 ἀπήλλακται.
1423 2935 1561 2990 Ἐπεὶ
1607 2933 1656 2988 δ’
1697 2936 1838 2994 ἑλλη-

241 3028 396 3085 νίζων
454 3027 517 3076 τά
577 3026 798 3098 ἡμέτερα
852 3026 1242 3089 κατησπάζετο,
1314 3028 1378 3076 τά
1429 3028 1518 3096 μεν
1571 3024 1701 3076 ἄλλα
1746 3035 1836 3086 τῆς

246 3115 544 3184 θρησκείας,
600 3114 784 3182 ἔλεγεν,
840 3111 1163 3185 ἀμωσγέπως
1205 3115 1398 3166 πιθανά
1444 3133 1500 3184 γε
1552 3109 1680 3166 εἶναι
1738 3111 1838 3166 δο-
1872 3151 1910 3204 C

244 3208 361 3252 κεῖ·
433 3199 658 3263 ἀπηξίου
716 3204 773 3272 γέ
828 3206 928 3273 μὴν
991 3205 1207 3272 πάμπαν
1275 3204 1590 3275 προσίεσθαι
1676 3205 1837 3254 αἴτιον

1579 3291 1730 3343 Οὕτω
1779 3289 1837 3344 δὲ

246 3382 454 3448 γνώμης
506 3381 683 3449 ἔχοντι
730 3378 1010 3452 σφαλερῶς,
1054 3379 1318 3432 ἐπιστᾶσα
1369 3378 1488 3449 ὄψις
1530 3385 1742 3451 σημεῖόν
1785 3400 1836 3432 τι

250 3469 530 3540 σταυρικόν
622 3464 904 3532 ἐπεδείκνυ,
979 3476 1073 3528 τῆς
1148 3467 1338 3527 ἐκείνης

250 3556 366 3626 ἱερῷ
426 3556 785 3627 θυσιαστηρίῳ
831 3557 1198 3627 ἀνακείμενον’
1260 3553 1558 3631 διαρρήδην
1618 3577 1670 3610 τε
1720 3557 1839 3610 ἀπε-

249 3648 468 3715 φαίνετο,
525 3643 610 3715 ἀφ’
658 3641 716 3696 οὖ
775 3650 1002 3715 Χριστὸν
1037 3648 1422 3719 σταυρωθῆναι,
1474 3655 1572 3698 τῶν
1627 3648 1726 3699 ὅσα
1769 3647 1838 3710 εἰς

250 3294 512 3362 σωτηρίας
565 3293 806 3360 γενέσθαι
881 3294 967 3343 τὸν
1048 3292 1179 3343 θεῖον
1246 3295 1488 3364 σταυρόν.

1431 3468 1584 3526 έκκλη
1594 3474 1713 3530 σίας
1765 3478 1838 3540 τῷ

252 3737 430 3789 ὄνησιν
463 3740 552 3785 τοῦ
584 3742 680 3784 τῶν
728 3733 1007 3808 ἀνθρώπων
1055 3739 1251 3804 γένους,
1301 3743 1445 3807 κοινῇ
1500 3754 1554 3787 τε
1605 3741 1694 3787 καὶ
1726 3732 1842 3809 ἰδίᾳ

253 3820 462 3893 έγένετο,
523 3819 689 3894 μηδέν
744 3843 796 3874 τι
855 3822 996 3885 τέλος
1032 3827 1204 3876 α’ίσιον
1256 3831 1407 3895 σχεῖν
1447 3821 1587 3896 δίχα
1623 3833 1712 3886 τῆς
1749 3833 1842 3878 τοῦ

247 3909 539 3983 σεϐασμίου
595 3911 747 3974 ξύλου
801 3915 985 3964 τούτου
1044 3909 1309 3984 δυνάμεως
1348 3912 1466 3983 μήτ’
1500 3916 1547 3965 ὲν
1580 3912 1837 3984 ἀγγέλοις,

241 3999 360 4070 μήτ’
414 3999 598 4061 ἐντοῖς
647 4000 821 4062 καλοῖς
876 4020 929 4052 τε
985 4006 1071 4052 καὶ
1128 3999 1362 4071 ἀγαθοῖς,
1407 4007 1496 4053 καὶ
1549 4003 1693 4063 ὅσοις
1741 4012 1839 4054 τῶν

243 4085 445 4161 ἀνδρῶν
503 4093 562 4141 τὸ
622 4090 846 4162 θεοφιλὲς
910 4093 1324 4163 μεμαρτύρηται.
1379 4092 1432 4142 Ὀ
1489 4087 1548 4142 δὲ
1605 4094 1839 4163 πειθομε-

1711 4177 1838 4232 δ’ὁ

241 4274 413 4341 χῶρος
465 4267 613 4328 οὗτος
663 4266 710 4317 ἐν
768 4263 917 4338 δεξιᾷ
970 4267 1026 4319 ἐκ
1066 4273 1260 4320 Πόντου
1302 4268 1368 4328 εἰς
1424 4269 1839 4323 Κωνσταντινού-

242 4196 326 4238 νος
381 4177 736 4249 μετεϐέϐλητο.
792 4186 971 4231 Ταύτα
1047 4183 1136 4250 μὲν
1210 4179 1414 4242 ούτως’
1488 4187 1654 4231 κεῖται

241 4355 387 4407 πολιν
437 4356 797 4419 καταπλέοντι,
883 4353 1102 4417 διεστὼς
1176 4365 1249 4427 τῷ
1320 4357 1554 4422 πλωτῆρι
1608 4357 1740 4429 ἀμφὶ
1793 4358 1836 4410 λ’

243 4441 442 4497 στάδια
493 4450 580 4497 καὶ
616 4443 646 4497 ε’
682 4464 694 4475 '

241 4530 534 4606 ριοδεύοντι
585 4538 669 4586 τὸν
746 4532 840 4586 διά
908 4538 1069 4604 μέσου
1121 4535 1379 4607 πορθμόν.
1446 4542 1546 4594 Τῆς
1603 4538 1726 4596 ’ἰσης
1778 4531 1837 4588 δὲ

240 4624 460 4694 χάριτος
513 4627 722 4694 μετέχει
771 4627 858 4674 καὶ
909 4625 934 4674 6
982 4625 1029 4674 ἓν
1069 4631 1140 4693 τῷ
1172 4622 1378 4694 ἀνάπλῳ
1427 4631 1518 4676 τοῦ
1572 4621 1837 4696 ἀρχαγγέ-

747 4442 1103 4513 ἐεδομήκοντα
1143 4442 1201 4497 δὲ
1255 4451 1344 4496 καὶ
1382 4449 1512 4519 πρὸς
1553 4446 1723 4516 κύκλῳ
1754 4466 1838 4499 πε⁴

1872 4506 1914 4560 D

238 4709 330 4762 λου
358 4718 498 4773 νεώς.
551 4714 616 4763 Οἱ
670 4709 720 4763 δ’
751 4711 1097 4786 Ἀργοναῦται
1151 4721 1220 4783 τῷ
1273 4711 1486 4784 Εὐξείνῳ
1515 4712 1833 4784 προσϐαλόν-

419 4804 506 4853 τόν
580 4801 779 4858 Αἰήτην
845 4805 1113 4874 φεύγοντες
1195 4798 1288 4854 διὰ
1357 4805 1413 4852 τὸ
1467 4802 1834 4874 χρυσόμαλλον

243 4886 412 4964 δέρας,
457 4889 516 4940 ού
557 4893 642 4941 τὸν
687 4890 842 4942 ἀύτὸν
905 4890 1193 4952 ἐπανιόντες
1244 4894 1553 4948 πεποίηνται
1585 4911 1597 4922 ·
1641 4896 1734 4949 τὴν
1776 4889 1834 4944 δε

240 4819 341 4862 τες,

241 4979 368 5051 ὑπὲρ
453 4981 652 5039 Σκύθας
729 4982 1092 5048 περαιωθέντες
1183 4979 1472 5046 θάλασσαν,
1561 4976 1655 5032 διὰ
1736 4988 1832 5032 τῶν

239 5062 371 5138 τῇδε
420 5076 680 5138 ποταμῶν,
750 5068 822 5129 εἰς
873 5071 938 5120 τὰ
1002 5067 1205 5121 Ἰταλῶν
1281 5069 1400 5141 ὅρια
1477 5073 1828 5140 παρεγένοντο.

240 5155 402 5209 Ἔνθα
466 5161 1002 5228 παρακεχειμακότες,
1075 5157 1240 5227 ἿΙμον
1335 5155 1607 5228 λεγομένην
1678 5156 1826 5208 πόλιν

241 5243 552 5302 ἀνέστησαν.
613 5249 810 5319 Θέρους
863 5241 921 5298 δὲ
977 5246 1354 5317 ἐπιγενομένου,
1419 5245 1832 5320 συμπραξάντων

239 5342 339 5386 τῶν
383 5332 699 5406 ἐπιχωρίων,
753 5341 1017 5405 μηχαναῖς
1069 5354 1205 5387 τισιν
1257 5333 1484 5396 ἕλκοντες
1532 5338 1626 5392 τὴν
1657 5334 1832 5407 Ἀργὼ

243 5418 337 5474 διὰ
363 5429 478 5492 γῆς,
530 5421 656 5493 ἀμφὶ
710 5426 1022 5496 τετρακόσια
1065 5419 1260 5476 στάδια
1310 5425 1393 5474 ἐπὶ
1440 5425 1527 5474 τὸν
1576 5426 1830 5494 ποταμὸν,

241 5510 294 5572 ὃς
341 5507 556 5572 Ἀκυλις
613 5513 767 5581 ἔσχεν
826 5515 1002 5582 ὄνομα,
1065 5512 1262 5583 ἦγαγον
1295 5529 1306 5540 ·
1342 5512 1396 5572 ὃς
1442 5519 1514 5581 τῷ
1567 5507 1831 5583 Ἠριδανῷ

243 5597 545 5673 συμϐάλλει.
595 5597 655 5652 Ὀ
713 5595 763 5653 δ’
822 5597 1100 5676 Ἠριδανὸς
1157 5601 1224 5662 εἰς
1275 5603 1368 5660 τὴν
1420 5601 1554 5653 κατά
1596 5599 1826 5664 Ἰταλοὺς

1952 531 2037 586 ibi
2076 540 2320 606 accepto
2359 537 2506 593 salvi
2545 541 2889 598 evasissent.
2931 545 3074 598 Eam
3107 545 3367 596 statuam
3397 533 3596 591 lauda-

1953 620 2217 677 tissimus
2244 624 2521 697 princeps
2549 630 2990 700 Constantinus,
3015 646 3152 685 cum
3181 629 3237 682 in
3261 641 3396 681 eam
3423 638 3594 678 oram

1950 711 2290 765 necessaria
2320 713 2394 766 de
2435 731 2614 772 causa
2644 718 2941 774 divertens
2979 719 3246 782 vidisset,
3286 710 3595 771 familiari-

1949 800 2062 854 bus
2090 802 2525 876 comitibusque
2548 808 2671 862 suis
2697 824 2821 863 rem
2851 809 3028 865 talem
3059 804 3334 879 exposuit
3359 820 3370 856 :
3406 800 3594 870 τθϐίο·

1949 902 2208 960 nemque
2239 906 2370 946 eam
2401 909 2536 948 cum
2570 901 2810 965 stupore
2837 897 3189 956 admiratus,
3223 893 3300 948 ibi
3333 889 3583 946 mansit.

1953 978 2159 1032 Somni
2198 994 2378 1048 porro
2407 983 2683 1052 capiendi
2714 991 2976 1057 tempore
3004 985 3286 1042 assistens
3317 980 3399 1035 illi
3439 978 3592 1033 visio

1950 1069 2156 1121 statuae
2200 1067 2327 1137 ejus
2384 1070 2768 1128 similitudine
2811 1091 2826 1130 :
2867 1076 3016 1144 Ego,
3071 1071 3283 1146 inquit,
3328 1069 3411 1124 sic
3462 1082 3590 1122 sum

1949 1154 2205 1211 Michael
2218 1157 2734 1227 magistermilitiae
2759 1165 2991 1218 Domini
3010 1162 3265 1218 Sabaoth
3285 1159 3591 1222 virtutum,

1953 1243 2434 1302 Christianorum
2469 1249 2607 1316 ﬁdei
2635 1255 2794 1306 tutor
2819 1270 2838 1316 ;
2879 1253 2975 1324 qui
3006 1252 3115 1306 tibi
3146 1253 3353 1306 contra
3381 1245 3593 1314 impios

1951 1339 2233 1401 tyrannos
2274 1334 2672 1406 belligeranti,
2705 1341 2873 1406 ﬁdeli
2901 1346 2953 1396 el
2982 1341 3197 1396 dilecto
3226 1337 3389 1393 illius
3418 1333 3593 1388 mini-

1948 1428 2091 1486 stro,
2116 1423 2444 1479 auxiliaria
2465 1441 2635 1483 arma
2659 1431 2904 1485 contuli.
2930 1430 3135 1502 Itaque
3153 1444 3185 1482 e
3209 1441 3423 1481 somno
3436 1421 3593 1478 exci-

1951 1515 2122 1575 tatus,
2160 1514 2462 1581 regionem
2502 1532 2637 1572 eam
2667 1518 3062 1588 pulcherrime
3092 1514 3369 1579 excoluit,
3403 1517 3460 1568 et
3487 1527 3593 1567 ara

1949 1599 2257 1670 imperiali,
2304 1604 2747 1678 magniﬁcaque
2798 1622 2982 1662 manu
3030 1611 3087 1662 et
3131 1603 3482 1661 liberalitate
3529 1600 3590 1656 in

1951 1693 2112 1757 parte
2145 1686 2418 1745 Orientali
2455 1698 2818 1759 constructa,
2859 1694 3315 1750 celeberrimum
3347 1690 3406 1745 id
3448 1695 3591 1744 tem-

1949 1775 2116 1846 plum
2154 1778 2384 1833 civibus
2423 1781 2596 1836 simul
2639 1789 2695 1836 et
2734 1784 2982 1838 advenis
3021 1781 3296 1838 reddidit.
3339 1778 3591 1834 Maxime

1949 1869 2148 1920 tamen
2175 1882 2405 1923 sacram
2435 1885 2567 1925 eam
2598 1871 2791 1927 aedem
2814 1870 3295 1944 apparitionibus
3317 1869 3441 1924 suis
3465 1866 3592 1922 illu-

1949 1955 2154 2010 stravit
2197 1957 2613 2027 archangelus.
2655 1961 2860 2016 Nullus
2899 1961 3057 2017 enim
3099 1960 3261 2033 gravi
3301 1957 3591 2030 quopiam

1948 2058 2112 2108 casu,
2146 2049 2248 2099 aut
2277 2044 2639 2103 ineluctabili
2669 2049 2953 2120 periculo,
2988 2053 3090 2106 aut
3122 2046 3474 2118 aegritudine
3505 2045 3592 2100 in-

1948 2132 2204 2199 cognita,
2240 2134 2451 2189 morbo
2481 2135 2739 2206 denique
2772 2135 3084 2192 incurabili
3124 2137 3588 2200 circumventus,

1947 2220 2050 2291 qui
2082 2220 2160 2275 ibi
2191 2224 2372 2276 Deum
2405 2238 2583 2280 orans
2610 2224 3039 2297 imploraverit,
3068 2241 3188 2282 non
3217 2222 3388 2280 facile
3411 2237 3590 2294 opem

1947 2316 2002 2364 et
2030 2309 2314 2364 auxilium
2341 2312 2582 2368 iuvenit.
2618 2315 2684 2368 Et
2714 2321 2871 2370 certo
2901 2316 3043 2370 satis
3073 2313 3350 2376 creditur,
3382 2311 3590 2369 divum

1945 2397 2284 2454 Michaelem
2301 2400 2728 2470 archangelum
2745 2419 3030 2475 apparere
3055 2403 3132 2458 ibi
3153 2402 3414 2468 solitum,
3437 2399 3590 2455 salu-

1946 2486 2178 2542 tiferum
2211 2503 2348 2543 eum
2380 2487 2610 2544 efﬁcere
2639 2490 2837 2547 locum
2882 2510 2895 2546 ε
2928 2493 3098 2563 cujus
3136 2492 3219 2546 rei
3259 2489 3469 2561 gratia,
3512 2487 3590 2544 ab

1947 2578 2207 2649 antiquis
2239 2580 2413 2634 etiam
2455 2581 2823 2638 Michaelium
2856 2589 2943 2638 est
2971 2587 3239 2638 vocatus.
3286 2581 3400 2636 Sed
3428 2580 3590 2635 enim

1945 2667 2111 2739 quod
2151 2668 2478 2739 antiquitus
2516 2685 2585 2724 eo
2623 2670 2754 2725 loco
2796 2671 3090 2727 Probiano
3129 2669 3442 2734 accidisse,
3483 2667 3589 2741 qui

1949 2755 2213 2811 medicus
2245 2757 2302 2811 in
2333 2758 2713 2829 imperatoria
2741 2760 2983 2816 cohorte
3025 2759 3313 2824 militavit,
3357 2756 3582 2822 audivi,

1945 2844 2168 2900 dicam.
2201 2843 2374 2900 Gravi
2405 2846 2455 2900 is
2482 2855 2788 2919 correptus
2818 2853 2943 2904 erat
2970 2848 3201 2914 morbo,
3237 2863 3306 2902 ex
3332 2846 3588 2920 pedibus

1946 2935 2275 2989 admodum
2317 2933 2624 3004 laborans,
2661 2937 2954 3008 juncturis
2995 2935 3590 3007 connexionibusque

1946 3037 2155 3077 eorum
2180 3021 2360 3093 longo
2399 3028 2664 3093 tempore
2694 3024 2976 3080 distortis.
3021 3026 3311 3080 Caeterum
3352 3023 3590 3092 aegritu-

1946 3110 2084 3165 dine
2118 3109 2236 3175 tali,
2279 3112 2503 3167 visione
2533 3112 2734 3168 divina
2765 3113 2822 3168 in
2855 3129 2926 3168 eo
2959 3114 3182 3184 templo
3221 3128 3466 3184 prorsus
3497 3115 3590 3169 est

1945 3199 2248 3255 liberatus.
2309 3200 2411 3255 Hic
2460 3216 2656 3272 porro,
2710 3202 2875 3274 quod
2921 3202 3128 3258 Graaca
3176 3201 3591 3273 superstitione

1946 3289 2234 3354 imbutus,
2259 3289 2335 3344 ad
2361 3288 2757 3346 Christianam
2793 3291 3075 3363 pietatem
3103 3290 3438 3356 transierat,
3473 3289 3593 3346 alia

1947 3377 2193 3450 quidem
2225 3379 2528 3449 religionis
2555 3385 2771 3436 nostrae
2801 3381 3256 3452 quodammodo
3285 3378 3593 3436 credibilia

1947 3473 2124 3539 atque
2156 3467 2492 3539 probabilia
2524 3485 2658 3524 esse
2689 3469 2926 3525 dicebat
2957 3487 2969 3524 :
3008 3470 3180 3541 522
3212 3471 3456 3525 Crucem
3489 3483 3594 3522 au-

1950 3561 2065 3610 tem
2112 3556 2378 3611 divinam
2424 3557 2629 3612 salutis
2678 3574 2927 3613 causam
2978 3574 3131 3623 esse,
3178 3557 3427 3613 omnino
3467 3571 3592 3612 non

1948 3645 2324 3701 admittebat.
2356 3650 2546 3718 Atque
2578 3647 2635 3699 in
2679 3646 2791 3701 hac
2822 3647 2903 3701 illi
2936 3646 3230 3700 sententia
3262 3643 3590 3717 periculose

1948 3734 2090 3789 satis
2118 3737 2540 3804 perseveranti,
2574 3734 2913 3805 archangeli
2945 3736 3095 3790 visio
3121 3735 3428 3798 assistens,
3461 3749 3591 3789 cru-

1947 3825 2032 3880 cis
2064 3824 2324 3891 signum,
2351 3823 2516 3894 quod
2543 3824 2598 3878 in
2627 3840 2796 3879 sacro
2827 3823 3086 3879 ecclesias
3120 3825 3248 3892 ejus
3279 3823 3448 3878 altari
3474 3822 3594 3878 col-

1948 3912 2206 3967 locatum
2232 3913 2441 3976 fuerat,
2461 3912 2730 3967 exhibuit
2759 3929 2770 3964 :
2802 3913 3158 3984 disertisque
3183 3913 3381 3968 verbis
3402 3917 3594 3967 osten-

1947 4001 2053 4065 dit,
2084 4017 2155 4056 ex
2184 4017 2305 4072 quo
2334 4007 2596 4073 tempore
2620 4001 2882 4056 Christus
2908 4002 2982 4056 sit
3002 4001 3341 4068 cruciﬁxus,
3365 3999 3593 4057 nullam

1946 4105 2073 4145 esse
2107 4106 2229 4144 rem
2256 4105 2389 4160 quae
2416 4089 2691 4159 Opitulari
2719 4090 2918 4159 generi
2938 4089 3209 4144 humano
3237 4090 3514 4160 privatim
3537 4095 3594 4145 et

1945 4178 2168 4249 publie,
2220 4178 2520 4249 ﬁnemque
2563 4176 2832 4233 debitum
2873 4184 2927 4233 et
2964 4178 3239 4234 effectum
3279 4177 3588 4250 consequi,

1945 4270 2170 4339 absque
2201 4268 2519 4321 venerandi
2546 4266 2724 4337 hujus
2753 4267 2899 4336 ligni
2928 4269 3138 4322 virtute
3170 4268 3374 4338 possit,
3397 4282 3593 4338 neque

1945 4356 2110 4428 apud
2140 4356 2408 4425 angelos,
2443 4371 2636 4426 neque
2668 4355 2832 4426 apud
2874 4356 3004 4427 pios
3044 4362 3422 4427 sanctosque,
3463 4355 3592 4427 qui-

1946 4462 2182 4517 cunque
2218 4446 2331 4499 veri
2365 4444 2424 4498 in
2460 4444 2640 4499 Deum
2675 4445 2896 4500 amoris
2929 4445 3330 4500 testimonium
3365 4445 3593 4502 obtine-

1945 4542 2093 4600 rent,
2154 4533 2448 4588 homines.
2509 4535 2636 4597 Qua
2690 4534 3076 4604 persuasione
3137 4534 3437 4589 saniorem
3495 4534 3591 4591 ille

1948 4630 2204 4679 mentem
2249 4622 2486 4693 recepit.
2525 4617 2650 4678 Haec
2690 4623 2997 4678 hactenus.
3030 4624 3144 4678 Ora
3191 4628 3393 4678 autem
3439 4623 3589 4692 haec,

1945 4713 2022 4768 ad
2063 4711 2335 4766 dextram
2374 4714 2626 4780 partem,
2672 4727 2739 4764 ex
2786 4711 2971 4765 Ponto
3014 4709 3590 4782 Constantinopolim

1945 4800 2272 4868 naviganti,
2311 4800 2596 4863 consistit,
2635 4799 2864 4854 circiter
2902 4799 3098 4855 stadia
3139 4799 3379 4868 triginta
3418 4800 3591 4856 duin-

1944 4906 2061 4963 qne
2117 4889 2194 4944 ab
2240 4904 2328 4948 ea.
2392 4888 2688 4944 maritimo
2732 4888 2984 4943 itinere:
3032 4875 3411 4959 septuaginta
3449 4905 3590 4946 vero

1943 4979 2187 5049 insuper
2217 4976 2470 5047 pedibus
2509 4975 2746 5043 fretum,
2782 4977 2946 5048 quod
2986 4983 3048 5032 in
3087 4975 3286 5031 medio
3327 4985 3433 5041 est,
3478 4978 3592 5034 cir-

1943 5067 2244 5122 cumeunti
2271 5065 2520 5119 distans.
2542 5065 2820 5121 Eamdem
2847 5065 2961 5120 vim
2989 5070 3044 5120 et
3070 5065 3323 5134 gratiam
3346 5081 3588 5138 quoque

1941 5155 2122 5212 habet
2151 5153 2491 5223 archangeli
2533 5153 2874 5218 delubrum,
2914 5153 3068 5225 quod
3111 5155 3172 5208 in
3213 5154 3368 5224 ipso,
3405 5170 3588 5226 quem

1942 5244 2220 5305 diximus,
2254 5243 2498 5313 trajectu
2526 5247 2633 5297 est.
2664 5243 3184 5297 Verumenimvero
3209 5245 3588 5312 Argonautas,

1946 5340 2007 5389 ut
2039 5335 2096 5388 in
2130 5335 2377 5388 Pontum
2411 5332 2703 5387 Euxinum
2738 5346 3076 5402 pervenere,
3113 5332 3314 5388 (Etem
3346 5337 3590 5404 propter

1942 5422 2128 5477 vellus
2150 5437 2401 5476 aureum
2429 5420 2726 5490 direptum
2749 5419 3060 5489 fugientes,
3087 5435 3207 5474 non
3229 5421 3442 5476 eadem
3467 5437 3592 5493 qua

1942 5511 2105 5582 prius
2146 5510 2234 5564 usi
2277 5513 2445 5565 erant
2474 5509 2871 5578 navigatione,
2904 5509 2964 5564 in
2997 5509 3281 5565 Graeciam
3315 5509 3538 5566 rediere
3571 5529 3587 5564 :

1937 5601 2045 5658 sed
2073 5600 2227 5664 mari
2263 5599 2428 5672 quod
2455 5612 2640 5671 supra
2675 5597 2924 5671 Scythas
2953 5603 3040 5656 est
3069 5599 3444 5666 transmisso,
3485 5615 3592 5673 per
