4028 6294
473 235 610 294 1331

1775 230 2160 292 NICEPHORI
2201 226 2521 288 CALLISTI
3665 232 3753 287 me

469 361 724 418 ﬂumina
740 375 874 433 qum
888 359 968 415 ibi
987 362 1126 414 sunt
1141 357 1217 414 ad
1235 357 1413 415 Italiae
1435 359 1583 414 ﬁnes
1601 359 1889 432 appulere
1909 377 1922 414 :
1941 363 2121 431 atque

2245 355 2507 408 θάλασσαν
2558 359 2650 420 τὰς
2705 357 2917 421 ἐκϐολὰς
2964 361 3096 431 ἔχει.
3143 364 3323 412 Ταῦτα
3349 359 3442 429 μὶν
3492 355 3754 416 circ-ig!»-

469 451 555 506 ibi
578 450 1003 521 hybernantes,
1039 450 1249 504 Emam
1277 449 1354 520 (Ι)
1382 449 1672 520 oppidum
1701 447 2117 504 condiderunt.

471 539 692 597 Estate
713 537 928 595 deinde
950 538 1244 610 proxima,
1268 537 1694 608 adjuvantibus
1713 539 1842 608 ejus
1863 536 2122 606 regionis

472 628 705 694 incolis,
735 626 1030 682 machinis
1055 625 1418 698 quibusdam
1443 630 1598 696 Argo
1625 642 1842 682 navem
1869 627 1945 681 ad
1976 641 2124 698 qua-

473 718 790 788 dringenta
831 714 1028 772 stadia
1059 720 1215 770 terra
1259 715 1577 780 trahentes,
1627 716 1702 770 ad
1742 715 1988 771 ﬂuvium
2029 715 2124 770 cui

473 805 674 879 Acylis
724 819 946 862 nomen
1008 807 1153 869 erat,
1205 803 1530 860 Eridanum
1579 804 1950 870 inﬂuentem,
1996 819 2127 874 per-

473 895 794 952 duxerunt.
854 891 1146 949 Eridanus
1204 907 1343 948 vero
1401 891 1531 965 ipse
1587 893 1648 949 in
1706 909 1890 959 mare,
1961 891 2126 965 quod

475 985 706 1041 Italiam
754 983 938 1048 alluit,
991 981 1374 1055 provolvitur.
1437 983 1516 1037 De
1568 981 1659 1037 his
1710 987 1908 1038 autem
1957 981 2122 1038 satis.

469 1071 934 1145 'Quamplurima
987 1086 1132 1126 sane
1181 1070 1298 1126 alia
1344 1086 1586 1142 quoque
1634 1071 1859 1143 templa
1901 1071 2126 1144 ubique

478 1161 902 1222 Constantinus
944 1159 1266 1216 construxit
1305 1159 1408 1231 (2),
1447 1159 1682 1232 aliaque
1721 1161 1919 1216 omnis
1954 1175 2128 1230 gene-

477 1253 560 1309 ris
607 1267 758 1308 veraa
806 1249 1044 1322 pietatis
1094 1263 1278 1319 opera
1315 1247 1558 1320 perfecit
1609 1264 1622 1302 :
1675 1249 1819 1304 illud
1863 1249 2128 1304 maxime

477 1341 676 1398 studio
704 1339 958 1404 habens,
1000 1343 1066 1393 ut
1104 1336 1450 1394 Christianae
1488 1337 1790 1407 religionis
1839 1338 2128 1410 professio

479 1445 587 1502 per
616 1435 801 1485 terras
833 1441 1044 1484 omnes
1073 1442 1226 1498 quas
1257 1426 1344 1482 sol
1377 1426 1645 1494 illustrat,
1677 1435 2127 1500 propagaretur.

481 1520 540 1575 ld
569 1515 734 1591 quod
762 1517 813 1572 ei
836 1533 906 1572 ex
930 1516 1222 1571 sententia
1247 1514 1562 1570 succedere
1596 1522 1974 1587 perspectum
2006 1521 2122 1572 est.

479 1611 602 1665 Pax
646 1610 800 1662 certe
839 1609 1046 1676 optata
1095 1603 1562 1659 Christianorum
1597 1605 1796 1669 rebus,
1830 1605 2132 1660 scandalis

2234 449 2380 518 ρίους
2433 441 2492 499 δὲ
2534 451 2624 498 καὶ
2675 447 2860 510 ἄλλους
2907 449 3218 519 ἁπανταχοῦ
3263 446 3472 519 ἐγείρων
3502 445 3528 496 ὀ
3558 451 3761 497 Κωνστπ-

2235 541 2373 595 τίνος
2420 540 2555 602 νεὼς,
2608 541 2698 589 καὶ
2748 535 2853 590 ἀλλ’
2908 540 3041 590 ἄττα
3089 536 3371 610 θεοφιλιίας
3424 537 3547 608 ἔργα
3576 529 3767 604 διακριτ-

2237 626 2465 695 τὸμενος,
2551 623 2789 684 σπουδὴν
2841 626 2922 678 ὁτι
2977 626 3226 682 πλείστην
3287 623 3523 697 μάλιστα
3572 626 3626 673 τὸ
3679 626 3773 674 κατὰ

2239 717 2468 786 Χριστὸν
2525 713 2839 778 αὐξάνεσθαι
2877 711 3056 787 δόγμα
3091 719 3180 767 καὶ
3230 713 3300 776 si;
3343 715 3475 770 ὅσην
3505 718 3599 782 γῆν
3628 711 3650 762 ὀ
3675 710 3776 773 ἣλιος

2239 798 2413 873 ἐφορᾷ,
2479 798 2783 877 διατρίχιιν
2840 803 3010 858 ἐτίθει.
3060 802 3126 856 Ὀ
3182 799 3250 861 δὴ
3305 805 3394 853 καὶ
3445 802 3580 851 κατὰ
3633 803 3778 850 σκοπὸν

2239 888 2412 962 ίκείνῳ
2471 890 2701 945 ἱκϐαῖνον
2763 895 3078 966 καθεωρᾶτο.
3130 891 3317 945 Βαθείά
3374 909 3434 942 τε
3490 889 3655 960 εἰρήνη
3705 895 3783 951 τοῖς

2239 985 2569 1052 Χριστιανῶν
2635 980 2911 1054 ἐπεχόρευε
2980 983 3278 1057 πράγμασι,
3355 987 3456 1030 τῶν
3532 973 3784 1030 σκανδάλων

2239 1071 2440 1122 πάντων
2496 1067 2729 1123 ἱκποδὼν
2795 1074 2862 1133 ὡς
2922 1074 3085 1142 τάχος
3161 1073 3534 1142 γεγενημένων.
3588 1065 3707 1137 Ἐγὼ
3746 1063 3787 1119 δι

2241 1155 2348 1218 ἤδη
2381 1165 2469 1212 καὶ
2518 1167 2580 1232 τῇ
2616 1156 2814 1233 ἐϐδόμῃ
2855 1169 2955 1213 τῶν
2997 1163 3239 1233 ἱστοριῶν
3280 1158 3518 1216 ἐπιθήσω
3567 1159 3623 1208 τὸ
3669 1155 3787 1221 τίλας,

2241 1253 2433 1323 χρόνον
2473 1249 2595 1302 ἐτῶν
2641 1253 2966 1326 περιεχούσῃ
3025 1251 3168 1303 ἓκτον
3227 1269 3280 1302 τε
3317 1255 3408 1302 καὶ
3463 1248 3716 1302 εἰκοστόν·
3745 1249 3792 1298 ὧν

2242 1341 2308 1390 τὰ
2359 1341 2448 1409 μὲν
2501 1341 2667 1390 εἰκοσι
2726 1339 3090 1401 Διοκλητιανός
3127 1344 3217 1391 καὶ
3270 1339 3598 1409 Μαξιμιανὸς
3645 1338 3668 1388 ὀ
3713 1335 3794 1408 Ἐρο

2243 1427 2479 1489 κούλλιος
2536 1425 2696 1500 ἧρξαν
2725 1445 2737 1457 ·
2795 1430 2861 1480 τὰ
2900 1423 2958 1480 δὲ
3008 1427 3092 1479 ἐπὶ
3130 1431 3334 1489 τούτοις
3381 1427 3438 1490 ἓξ
3475 1429 3524 1478 οἱ
3569 1429 3678 1497 περὶ
3712 1431 3796 1477 Mu-

2246 1517 2443 1588 ξιμίνον
2499 1519 2585 1569 τὸν
2644 1517 2929 1591 Γαλλέριον,
3004 1516 3286 1580 Μαξέντιὸν
3343 1536 3398 1570 τε
3456 1520 3546 1568 καὶ
3611 1518 3796 1568 Λικίνιον

2245 1605 2614 1680 ίτυράννησαν.
2647 1607 2734 1660 Ἐν
2775 1607 2852 1668 οἷς
2889 1608 3026 1659 ἔτεσι
3063 1611 3151 1658 καὶ
3189 1607 3214 1658 ὁ
3253 1611 3412 1678 μέγας
3453 1608 3543 1676 μὶν
3581 1603 3801 1655 ίϐασῦεδι

481 1694 1048 1770 impedimentisque
1079 1693 1362 1750 omnibus
1402 1692 1705 1749 celerrime
1743 1693 2012 1762 sublatis,
2051 1694 2134 1750 af-

2248 1701 2632 1756 Κωνσταντίνος
2687 1698 2804 1767 περί
2859 1713 2913 1748 τε
2989 1698 3082 1756 τὰς
3155 1694 3373 1755 Γα)).ίας
3454 1697 3545 1746 καὶ
3618 1691 3802 1764 Ῥωμην,

481 1786 661 1843 fulsit.
687 1783 800 1841 Sed
817 1783 945 1855 jam
963 1787 1204 1854 tempus
1227 1788 1333 1848 est,
1362 1787 1421 1838 ut
1444 1799 1591 1838 suus
1614 1798 1855 1856 quoque
1879 1784 2132 1854 septimo

480 1875 622 1932 huic
675 1873 830 1929 libro
886 1870 1270 1928 historiarum
1327 1871 1673 1944 imponatur
1718 1872 1874 1936 ﬁnis,
1928 1873 2134 1941 vigi‘nti

484 1969 541 2021 et
570 1979 674 2020 sex
715 1959 1134 2034 complectenti
1183 1975 1416 2016 annos:
1451 1976 1710 2032 quorum
1752 1977 1894 2016 sane
1933 1961 2134 2034 viginti

488 2053 886 2111 Diocletianus
923 2057 980 2107 et
1015 2051 1409 2108 Maximianus
1450 2051 1753 2107 Herculius
1789 2052 1849 2106 in
1884 2052 2136 2118 imperio

484 2145 841 2217 peregerunt
871 2141 969 2212 (3),
1015 2139 1260 2212 reliquis
1294 2155 1396 2196 sex
1445 2140 1730 2196 Gallerius
1763 2142 2134 2207 Maximinus,

484 2231 834 2294 Maxentius,
883 2234 940 2285 et
995 2229 1246 2285 Licinius
1295 2229 1672 2301 tyrannidem
1724 2237 2132 2286 exercuerunt.

489 2320 663 2395 523
697 2318 924 2385 Quibus
955 2317 1133 2374 etiam
1165 2333 1423 2387 magnus
1458 2317 1880 2374 Constantinus
1910 2320 1969 2374 in
2002 2318 2137 2375 Gal-

483 2412 576 2468 liis
606 2407 877 2464 nondum
910 2410 1213 2477 Augustus
1248 2405 1560 2474 salutatus,
1593 2413 1649 2462 et
1681 2408 1741 2462 in
1773 2409 1920 2463 urbe
1948 2411 2139 2464 Roma

486 2513 688 2556 rerum
717 2512 969 2551 summa
999 2494 1252 2567 praefuit.
1288 2496 1448 2561 Quos
1478 2511 1667 2552 annos
1697 2497 1967 2552 nonnulli
2007 2497 2138 2552 Dio-

488 2586 741 2644 cletiano
763 2588 1017 2651 tyranno
1043 2583 1464 2639 contribuunt:
1492 2583 1592 2639 alii
1613 2600 1752 2640 vero
1781 2585 1979 2656 potius
2003 2573 2139 2642 divo

490 2673 897 2738 Constantino,
950 2672 1121 2727 sicuti
1160 2676 1217 2728 et
1241 2688 1376 2738 nos,
1423 2671 1792 2729 adscribunt.
1835 2677 2024 2747 Atque
2072 2674 2142 2730 iis

2244 1787 2388 1836 οὗπω
2443 1787 2711 1857 μόναρχος
2776 1782 3160 1856 ἀναγορευθείς.
3201 1783 3266 1836 Ἀ
3327 1779 3394 1840 δὴ
3460 1782 3514 1844 ἓξ
3570 1784 3650 1836 ἔτη
3702 1783 3805 1840 τινὲς

2242 1880 2348 1935 τοῖς
2405 1877 2520 1945 περὶ
2574 1873 2938 1930 Διοκλητιανόν
3001 1874 3261 1947 τυράννοις
3313 1871 3654 1924 ἀνατιθέασι·
3703 1872 3804 1930 τινες

2246 1958 2306 2015 δὲ
2348 1965 2438 2014 καὶ
2483 1961 2670 2033 μᾶλλον
2717 1971 2788 2033 τῷ
2844 1965 2959 2034 θείῳ
3013 1965 3400 2038 περιγράφουσι
3455 1963 3806 2027 Κωνσταντίνῳ,

2245 2053 2417 2125 ὥσπερ
2461 2047 2529 2110 δὴ
2585 2056 2675 2104 καὶ
2727 2053 2878 2123 ἡμεῖς
2907 2069 2919 2082 ο
2980 2051 3073 2104 Ὧν
3135 2056 3224 2103 καὶ
3267 2053 3676 2124 ὑφαιρουμένων,
3707 2065 3806 2117 συμ-

2247 2140 2410 2193 ϐαίνει
2454 2143 2542 2206 κζ’
2601 2141 2731 2193 εἶναι
2767 2143 2832 2193 τὰ
2870 2143 2953 2198 ἔτη
2987 2141 3144 2193 αὐτοῦ
3178 2159 3189 2170 ·
3238 2141 3287 2192 ἐν
3321 2143 3397 2202 οἷς
3451 2141 3682 2205 καθαρῶς
3708 2138 3811 2206 μετὰ

2246 2235 2340 2288 τὴν
2391 2237 2490 2281 τῶν
2533 2233 2793 2303 τυράννων
2847 2230 3132 2282 κατάλυσιν
3214 2231 3486 2304 μόναρχος
3529 2228 3658 2300 ἤρθη
3685 2243 3697 2254 ⁸
3743 2229 3813 2275 καὶ

2247 2323 2338 2378 τὴν
2387 2317 2639 2393 Ἑσπέραν
2678 2320 2860 2385 λιπὼν,
2912 2320 2984 2380 εἰς
3027 2325 3119 2378 τὴν
3155 2318 3258 2372 Ἐω
3308 2324 3602 2392 μετεχώρει
3628 2316 3742 2366 κατὰ
3766 2317 3814 2364 τὰ

2249 2408 2297 2460 ἐν
2350 2405 2682 2480 Νικομηδείᾳ
2733 2407 2992 2480 ἀνάκτορα
3028 2425 3038 2437 ·
3127 2405 3238 2461 εἶτα
3291 2405 3384 2460 διὰ
3448 2406 3657 2475 mlite;
3705 2403 3814 2473 αὐτῷ

2248 2501 2339 2549 καὶ
2392 2502 2484 2556 τὴν
2526 2496 2793 2570 ἐπώνυμον
2851 2498 2996 2550 πόλιν
3071 2497 3280 2572 ἐγείρειν
3339 2496 3578 2568 ἐγίνετο·
3632 2496 3815 2550 ὁπηνίκα

2249 2591 2450 2658 κόσμου
2491 2588 2580 2658 μὲν
2615 2588 2746 2651 ἔτος,
2800 2586 2943 2650 εωιί,
2977 2585 3078 2638 ἀπὸ
3119 2583 3177 2639 δὲ
3222 2594 3313 2647 τῆς
3360 2587 3508 2646 Θείας
3539 2590 3628 2636 τοῦ
3657 2585 3812 2653 Κυρίου

2249 2680 2536 2746 γεννήσεως
2559 2679 2958 2749 τριακοσιοστὸν
2988 2681 3075 2727 xui
3111 2673 3326 2727 δέκατον
3358 2673 3671 2746 ἐπεραίνετο.

490 2763 834 2828 subtractis,
861 2760 1069 2833 reliqui
1097 2761 1249 2816 ﬁunt
1277 2760 1482 2831 viginti
1521 2779 1624 2818 sex
1671 2763 1812 2818 anui
1845 2763 1975 2834 ejus
2017 2765 2118 2834 (4),
2145 2764 2366 2836 quibus
2401 2770 2536 2835 post
2571 2770 2964 2836 tyrannorum
2994 2766 3368 2820 eversionem
3409 2763 3577 2818 solus
3624 2763 3739 2830 ipse
3775 2763 3816 2810 et

489 2869 648 2910 unus
701 2851 978 2923 princeps
1042 2850 1268 2905 sincere
1320 2866 1391 2906 ac
1446 2851 1552 2906 rite
1603 2852 1920 2923 imperium
1972 2852 2432 2910 administravit.
2497 2855 2561 2908 Et
2608 2852 2922 2909 Occidente
2971 2854 3194 2920 relicto,
3258 2855 3318 2907 in
3365 2852 3643 2916 Orientis,
3689 2847 3812 2919 quod

492 2939 850 3000 Nicomediae
882 2938 1008 3005 fuit,
1040 2938 1346 3010 imperiale
1372 2939 1662 3010 palatium
1691 2947 1777 2995 est
1801 2941 2119 3013 profectus,
2151 2946 2208 2998 et
2235 2941 2518 3013 deinceps
2558 2957 2778 3011 magno
2809 2942 2986 2998 etiam
3019 2942 3215 2998 studio
3250 2941 3466 2997 urbem
3501 2941 3610 2994 sibi
3635 2951 3808 3008 cogno-

495 3031 718 3089 minem
755 3027 1038 3085 condidit.
1072 3027 1198 3095 Quo
1228 3032 1494 3099 tempore
1523 3045 1560 3085 a
1605 3029 1844 3085 condito
1871 3030 2016 3085 orbe
2053 3029 2165 3086 fuit
2205 3046 2398 3086 annus
2431 3030 2752 3102 quinquies
2791 3031 3135 3087 millesimus
3175 3029 3710 3101 octingentesimus
3745 3025 3805 3078 de-

495 3121 687 3178 cimus
707 3118 951 3192 quintus
986 3117 1086 3189 (5),
1115 3132 1153 3173 a
1179 3117 1389 3174 Christi
1416 3117 1709 3174 nativitate
1741 3119 2191 3175 trecentesimus
2221 3119 2509 3176 decimus.

572 3270 661 3342 (t),
695 3267 912 3342 Plinius
955 3266 1331 3342 libro_terti_o,
1369 3283 1502 3342 cap.
1546 3270 1612 3324 18
1656 3287 1745 3342 τίς(
1781 3271 1937 3339 Argo
1973 3270 2138 3342 navis
2174 3270 2214 3328 C
2256 3271 2581 3342 quentibus
2614 3273 2787 3336 latro,
2834 3272 3043 3326 decem
3087 3270 3432 3342 novissimis
3464 3268 3739 3342 pupillus,
3763 3263 3819 3320 ob

497 3337 747 3401 ﬂumine
771 3339 830 3394 in
865 3354 1028 3411 mare
1055 3337 1418 3395 Adriaticum
1449 3337 1776 3406 descendit,
1807 3337 1914 3410 nec
1941 3341 2145 3411 procul

499 3415 796 3482 Tergeste.
829 3413 943 3483 Nec
969 3409 1096 3481 jam
1127 3417 1361 3483 constat
1408 3427 1530 3483 quo
1570 3411 1840 3467 ﬂumine.
1875 3409 2146 3468 Humeris

501 3481 812 3558 trajectam
869 3481 1065 3558 Alpes,
1109 3481 1519 3558 diligentiores
1570 3483 1833 3538 tradunt.
1880 3483 2146 3558 Subiisse

503 3552 701 3614 autem
730 3555 898 3619 Istro,
931 3552 1070 3608 dein
1105 3553 1240 3619 Sao,
1276 3554 1413 3608 dein
1444 3557 1766 3624 Nauporto,
1799 3555 1895 3610 cui
1925 3571 2146 3610 nomen

503 3645 578 3686 ex
620 3643 694 3684 ea
735 3641 919 3682 causa
959 3630 1066 3689 est,
1111 3624 1262 3681 inter
1307 3627 1621 3681 [Emonam
1667 3625 1964 3698 Alpesque
2012 3643 2148 3682 exo-

507 3700 698 3757 rienti.

577 3771 656 3842 (2)
683 3768 1054 3842 «Utcunque
1098 3767 1519 3842 constantinus
1563 3767 1829 3838 optimus
1866 3768 2148 3842 princeps

505 3846 564 3899 at
589 3837 1127 3912 Christianissimus
1151 3837 1450 3912 fuerit,de
1487 3854 1558 3894 eo
1599 3837 1797 3912 tamen
1832 3837 2150 3912 aquibus-

506 3915 648 3969 dam
709 3909 792 3966 sic
832 3909 1139 3992 memorite
1191 3909 1535 3992 proditum,
1564 3915 1627 3964 ut
1661 3911 1871 3992 (iecem
1924 3909 2150 3992 primos

507 3998 700 4042 annos
750 3980 1282 4054 prmetantissimus
1324 3981 1633 4047 diceretur,
1683 3980 2004 4038 duodecim
2063 3998 2150 4037 se-

2255 3341 2612 3398 immodicas
2643 3343 3006 3410 largitiones.
3041 3363 3067 3393 »
3095 3341 3354 3412 (Egnat).

2351 3415 2404 3481 3)
2447 3412 2792 3468 Secundum
2821 3414 2989 3478 alios,
3033 3415 3236 3481 viginti
3266 3413 3454 3467 duos.

2351 3486 2406 3554 4)
2435 3484 2668 3566 _Licinio
2701 3490 3067 3566 postremum
3087 3500 3399 3566 oppresso,
3434 3482 3824 3566 Constantinus

2257 3552 2416 3636 solus
2433 3552 2742 3636 imperavit
2768 3558 3040 3636 ttnltis26,
3058 3552 3192 3636 cuin
3210 3554 3443 3609 Licinio
3461 3561 3517 3636 et
3543 3552 3825 3636 Maximino

2255 3623 2632 3696 (Maxentium
2664 3628 2894 3690 omitto)
2939 3627 3169 3682 circiter
3209 3642 3402 3680 annos
3466 3631 3516 3680 6.
3573 3629 3707 3696 Ante
3742 3623 3827 3696 hos

2257 3693 2557 3754 Constans
2589 3698 2854 3756 Chlorus.
2883 3697 3252 3753 Constantini
3283 3702 3483 3768 pater,
3504 3704 3560 3750 et
3580 3693 3827 3768 Gallerius

2259 3769 2630 3832 Maximinus,
2650 3774 2970 3840 postquam
2986 3765 3384 3824 Diocletianus
3397 3775 3464 3822 et
3479 3765 3830 3841 Maximianus

2261 3855 2590 3911 purpuram
2633 3836 2904 3910 posuere,
2959 3855 3152 3896 annos
3193 3841 3311 3894 fere
3350 3842 3384 3894 4
3419 3855 3435 3904 ;
3494 3854 3617 3911 quo
3662 3836 3746 3892 isti
3772 3836 3832 3888 si-

2263 3911 2388 3966 mul
2416 3913 2472 3979 6,
2506 3911 2902 3967 Diocletianus
2933 3911 3096 3970 solus
3125 3926 3320 3967 annos
3349 3914 3400 3966 4.

2333 3983 2412 4053 (5)
2452 3983 2788 4039 Secundum
2822 3983 3169 4048 neotericos,
3203 3982 3362 4037 4294.
